4152 6388
129 203 224 324 Ι333
511 247 620 310 Palus
641 248 804 312 TERTIA.
819 249 1160 334 s-COLLA'PIQNES
1187 249 1453 312 MONASTICAE.
1745 253 1804 326 334

157 401 290 484 tantum
320 406 447 486 diligit,
477 422 543 470 non
570 407 673 480 amat,
699 407 769 468 imo.
798 406 956 471 abhorret
1010 406 1098 469 siout
1113 406 1301 473 nondatur
1323 405 1475 472 bravium
1498 407 1562 468 nisi
1578 398 1800 478 currentibus,

158 505 249 576 hanc
266 505 409 581 Spiritus
421 505 526 566 sancti
542 505 814 578 doctriuam3nec
824 503 866 570 ad
878 518 956 588 per·
1009 504 1055 566 ita
1081 520 1146 566 non
1171 505 1269 575 datur
1288 507 1408 569 coelum
1432 506 1498 567 nisi
1522 505 1715 568 tollentibus
1728 523 1807 568 cru-

157 601 339 672 tectionem
359 601 625 678 consequendam
647 601 874 676 necessarium
899 617 956 678 pu·
1010 615 1080 665 cem
1093 623 1101 675 ς
1116 601 1268 680 quianon
1284 602 1380 665 debet
1392 618 1466 664 esse
1479 619 1596 666 servus
1612 604 1721 682 potior
1735 607 1805 668 Do-

156 699 209 766 tat
222 699 420 782 participem
439 698 513 763 iteri
537 699 661 761 Christi
683 699 859 774 passionis.
885 700 954 786 lmo
1010 697 1111 767 mino,
1148 714 1209 763 nec
1243 699 1427 776 discipulus
1459 715 1559 778 super
1593 702 1801 776 Magistrum.

156 799 320 874 majorem
331 794 789 874 sibipromittensprciectum
800 794 954 872 peralias
1010 791 1154 857 Proinde
1171 792 1322 855 videmus
1345 797 1448 857 boum
1466 796 1712 863 communicare
1726 811 1806 872 gra-

156 893 244 966 vias,
262 909 335 978 quae
358 908 447 958 verae
471 893 534 956 viae
550 907 617 952 non
638 893 726 965 sunt,
744 891 802 952 sed
825 892 954 953 occulta
1010 887 1091 950 tiam
1113 904 1208 951 suam
1223 889 1277 960 iis,
1291 890 1347 966 qni
1369 891 1431 953 boc
1455 891 1551 958 modo
1564 907 1641 952 eum
1657 909 1807 974 sequun-¹

156 990 408 1068 praecipitiae
430 989 562 1064 fugiens
583 1005 602 1050 a
628 989 706 1050 16116
726 987 954 1050 tribulationis
1009 984 1083 1057 tur3
1110 986 1144 1050 et
1171 1001 1190 1047 e
1216 987 1385 1048 contrario
1407 987 1539 1066 auterre
1567 1004 1641 1050 eam
1664 989 1705 1052 ab
1731 990 1806 1066 illis

156 1103 218 1164 per
230 1087 449 1164 cogitationes
469 1086 594 1160 varias,
610 1085 774 1146 humanas
790 1084 955 1163 6110161-
1009 1083 1296 1161 praesumptuosis,
1310 1083 1367 1161 qui
1382 1099 1442 1162 per
1461 1085 1546 1152 alias
1566 1085 1741 1166 chimaeras
1754 1087 1807 1148 di-

155 1183 286 1264 tarias,
315 1182 456 1244 infixum
481 1182 513 1244 et
542 1180 743 1244 obcaecatum
765 1181 864 1244 habet
896 1197 955 1242 cor
1008 1179 1087 1240 cunt
1097 1195 1133 1240 se
1143 1179 1229 1242 velle
1245 1180 1276 1242 ei
1290 1181 1379 1241 uniri
1392 1197 1453 1245 nec
1464 1182 1606 1244 1611616
1620 1183 1805 1263 semetipsis

156 1278 951 1360 suuminpropriisaffectihusasseveransquod
1009 1291 1164 1357 umquam
1184 1277 1354 1350 recedunt,
1381 1293 1499 1342 verum
1525 1279 1657 1342 tandem
1683 1279 1805 1348 misera

155 1377 194 1438 in
215 1375 408 1454 hujusmodi
434 1375 588 1440 libertate
603 1376 680 1438 vitae
700 1376 820 1438 melius
833 1375 954 1452 poterit
1007 1370 1129 1434 abeunt
1144 1372 1179 1433 iu
1195 1373 1427 1456 praecipitium.

155 1474 323 1540 inservire
338 1476 417 1535 Deo.
441 1475 511 1536 Nec
533 1473 777 1553 aliquantulum
799 1474 894 1534 curat
912 1473 953 1534 de

157 1570 345 1634 innumeris
378 1570 664 1642 delectationibus,
701 1586 784 1648 quas
812 1570 953 1632 interius
1247 1587 1449 1652 floggqppo
1463 1589 1562 1651 xxv,

155 1667 277 1744 recipit
291 1667 415 1738 anima,
427 1683 500 1743 quae
514 1668 583 1728 tota
602 1665 762 1742 absorpta
773 1669 823 1728 est
840 1667 874 1726 in
890 1666 953 1728 bac

157 1763 438 1842 contemplatione
449 1765 482 1825 et
491 1763 722 1842 compassione
737 1763 869 1826 Domini
883 1764 950 1838 sui;

156 1861 376 1941 nequeenim
399 1861 472 1924 baec
499 1861 644 1938 perlecto
662 1863 858 1938 gustantur,
886 1860 952 1922 nisi
1867 1926 1870 1932 ,

156 1973 316 2035 perpessa
343 1958 456 2036 aliqua
482 1957 698 2027 tribulatione
728 1974 787 2042 pro
809 1957 950 2020 Christo.
1048 1953 1186 2024 Quidam
1201 1953 1359 2026 exvobis,
1383 1954 1515 2029 iratres,
1532 1956 1751 2030 admirantur,
1768 1963 1801 2022 et

157 2053 351 2129 sadanma
376 2055 536 2128 defecata,
554 2055 587 2117 et
608 2055 793 2132 exspoliata
808 2054 951 2132 propriis
1007 2065 1061 2110 me
1074 2050 1292 2127 interrogant,
1307 2067 1409 2128 quare
1424 2069 1491 2114 nou
1504 2055 1635 2130 corrigo
1653 2055 1801 2134 deiectus

156 2150 344 2225 affectibus,
361 2167 397 2213 se
419 2167 438 2213 a
469 2151 595 2228 Spiritu
614 2153 728 2216 sancto
749 2151 825 2214 duci
842 2151 952 2214 humi·
1007 2146 1111 2222 quiin
1126 2147 1352 2208 Ordineiiunt.
1370 2149 1494 2220 Quibus
1507 2151 1678 2226 indulgeat
1693 2153 1800 2215 Domi·

156 2248 237 2310 liter
250 2247 420 2325 permittit,
444 2250 477 2310 et
492 2252 527 2310 nt
541 2249 583 2310 ad
599 2264 695 2309 suum
708 2248 950 2324 beneplacitum
1007 2258 1081 2318 uus,
1098 2245 1253 2320 quoniam
1271 2245 1352 2305 mihi
1365 2247 1526 2307 contrarii
1542 2250 1619 2310 sunt
1633 2249 1800 2310 61611161-

156 2344 193 2404 in
207 2345 322 2406 eadem
332 2346 654 2425 opereturtanquam
669 2345 811 2424 optimus
823 2344 952 2419 Magis·
1006 2339 1100 2410 sarii,
1117 2343 1149 2402 et
1161 2356 1214 2403 me
1228 2340 1401 2418 implicare
1416 2343 1576 2406 voluntin
1588 2345 1640 2406 his
1651 2361 1798 2422 quaenon

156 2431 953 2521 tersingtrlarisdoctriuae,quamDominusscrip-
1006 2435 1174 2512 pertinent
1208 2437 1249 2498 ad
1281 2437 1427 2500 cilicium
1460 2455 1585 2500 meum.
1622 2443 1799 2521 Quousque

155 2537 226 2598 tam
250 2537 386 2614 reliquit
401 2539 437 2598 iu
456 2537 551 2600 libris
569 2554 638 2600 suae
660 2537 869 2609 humilitatis,
886 2553 951 2614 pa·
1005 2533 1093 2594 enim
1114 2533 1215 2597 habui
1231 2533 1435 2610 praelationis
1448 2536 1595 2599 officium
1610 2554 1710 2616 super
1724 2538 1796 2603 sra-

156 2634 865 2715 116111666106661011616666601116611
887 2635 950 2696 viae
1005 2631 1084 2702 tres,
1101 2632 1134 2692 61
1144 2630 1210 2707 ipsi
1233 2634 1488 2710 permanserunt
1512 2634 1546 2694 in
1568 2635 1744 2699 vocatione
1766 2640 1800 2701 et

156 2731 200 2794 ad
227 2731 464 2808 perlectionem
496 2731 724 2793 christianam.
761 2731 854 2792 Unde
890 2731 950 2792 illa
998 2727 1212 2812 professione
1231 2728 1398 2800 sua,licet
1416 2730 1800 2812 aprinoipiomeacon-

157 2828 368 2906 animaquae
383 2828 554 2905 purificari
569 2828 743 2890 obtinuita
759 2830 839 2894 neo,
854 2827 951 2889 16116-
1004 2824 1169 2886 versionis
1204 2840 1335 2902 semper
1370 2826 1523 2890 infirmus
1558 2828 1690 2903 inerim,
1723 2846 1798 2892 cum

156 2924 782 3002 1661610001111616101116111111106
804 2925 949 2997 dolores,
1005 2935 1108 2996 parva
1132 2937 1206 2982 mea
1233 2921 1456 2984 sollicitudine
1478 2924 1722 2988 satisfaciebam
1749 2928 1798 2988 eis

157 3037 479 3098 comparansomnes
490 3022 653 3084 aliasvias
665 3024 698 3082 61
706 3022 950 3084 consolationes
1005 3017 1166 3092 exemplis
1178 3019 1211 3079 61
1224 3017 1527 3093 praedicationibus.
1547 3022 1609 3081 Sed
1625 3023 1798 3100 postquam

157 3119 241 3181 cibis
257 3117 453 3198 mortalibus
468 3119 524 3195 qui
537 3119 687 3199 pereunt,
712 3119 745 3180 et
766 3117 853 3180 hauc
875 3118 951 3179 uni·
1005 3113 1224 3186 consideravi,
1262 3115 1348 3191 quod
1375 3117 1534 3179 Dominus
1563 3119 1797 3194 multiplicavit

158 3231 234 3277 cam
248 3215 389 3276 salutari
403 3215 594 3292 pharmaco,
609 3219 704 3294 cujus
723 3219 840 3290 gustus
856 3230 952 3276 acer·
1006 3224 1180 3272 numerum
1194 3210 1344 3284 fratrum,
1361 3212 1394 3274 et
1412 3213 1476 3289 ipsi
1491 3216 1624 3290 propter
1638 3216 1797 3292 tepidita-

156 3311 231 3384 bus,
244 3311 301 3375 sed
314 3312 688 3385 fructuosuavissimus3
703 3312 788 3390 quod
802 3312 837 3373 in
852 3313 951 3388 gustu
1005 3309 1072 3368 tem
1093 3309 1127 3369 et
1160 3307 1306 3384 inopiam
1336 3309 1473 3385 spiritus
1505 3311 1712 3388 incipiebant
1734 3314 1797 3374 de-

156 3424 308 3474 amarum
318 3409 378 3480 est,
389 3407 446 3469 sed
456 3407 490 3468 in
502 3408 948 3484 operationedulcissimum.
1006 3405 1133 3466 clinare
1157 3419 1177 3466 a
1202 3405 1257 3468 via
1288 3407 1435 3472 1601661
1457 3423 1587 3486 secura,
1616 3425 1676 3486 per
1699 3426 1796 3488 quam

1008 1717 1131 1788 01016,
1143 1717 1325 1790 postquam
1338 1720 1510 1792 petieratis
1527 1720 1676 1792 0111016111
1695 1723 1801 1796 depo-

1098 1813 1179 1886 suit,
1203 1814 1362 1874 toleravit
1377 1814 1530 1888 fratrum
1547 1817 1706 1890 desectam.

159 3507 269 3581 Quare
296 3505 496 3582 postponens
517 3508 650 3581 gustum
671 3504 817 3575 sanitati,
834 3505 953 3583 probat
1006 3503 1251 3564 consueverant
1274 3503 1456 3576 ambulare,
1481 3507 1513 3566 et
1532 3520 1591 3582 per
1603 3507 1798 3584 ampliorem
1909 3555 1911 3562 .

158 3618 259 3681 quam
281 3601 488 3664 admirabilis
510 3603 554 3664 sit
574 3600 712 3666 dulcedo
728 3602 804 3663 vitae
818 3616 951 3679 perma-
1005 3597 1105 3670 viam,
1134 3614 1207 3674 qnae
1236 3598 1328 3670 ducit
1352 3600 1393 3663 ad
1420 3603 1568 3676 mortem,
1593 3603 1795 3676 incedentes,

156 3701 281 3773 nentis,
298 3715 371 3778 quae
383 3699 525 3778 despicit
534 3698 797 3762 consolationem
808 3714 953 3760 momen·
1006 3695 1505 3758 nonattendebantvocationem
1516 3700 1548 3760 et
1558 3699 1798 3776 professionem

155 3797 290 3862 tunsam
306 3779 352 3858 ‘ct
373 3797 560 3867 mortalem,
588 3796 622 3857 et
649 3794 748 3871 plane
775 3794 894 3870 probat
917 3795 951 3856 in
1007 3808 1112 3864 suam,
1128 3794 1162 3854 et
1181 3791 1304 3862 bonum
1329 3793 1528 3872 exemplum,
1555 3811 1615 3856 nec
1644 3797 1801 3872 volebant

156 3892 250 3966 nulla
262 3893 329 3956 alia
338 3909 376 3956 re
391 3893 570 3972 perfectius
580 3893 791 3970 requiescere
804 3907 951 3952 amorem
1005 3888 1173 3951 dimittere
1199 3888 1263 3950 iter
1282 3889 1505 3966 periculosum
1524 3893 1557 3952 et
1579 3893 1797 3966 mortiferum,

157 4007 275 4064 suum,
308 4006 406 4069 quam
441 3990 476 4050 in
508 3989 738 4068 compassione
774 3988 949 4050 caritativa
1006 3984 1093 4062 quod
1119 3987 1278 4062 ceperant
1303 3986 1438 4064 propter
1470 3987 1740 4063 praedicationem
1767 3992 1801 4053 et

158 4087 284 4151 Christi
299 4109 306 4148 :
323 4089 356 4150 et
370 4085 456 4164 quod
485 4089 608 4166 quanto
629 4085 734 4162 magis
763 4085 822 4146 1116
846 4086 953 4162 11616-
1006 4081 1267 4148 admonitionem
1279 4097 1399 4157 meam,
1415 4083 1449 4145 et
1467 4083 1655 4161 exemplum
1677 4103 1799 4163 meum,

157 4183 321 4247 formatur
348 4184 383 4246 in
405 4183 573 4245 Christum
594 4183 802 4254 crucifixum,
817 4197 856 4244 eo
875 4197 951 4242 ma·
1007 4179 1093 4257 quod
1116 4180 1186 4250 illis
1209 4181 1366 4252 continue
1391 4181 1623 4260 ostendebam
1646 4184 1722 4246 ideo
1746 4201 1801 4248 16-

155 4281 208 4357 gis
235 4279 490 4344 translormatnr
522 4281 557 4342 iu
592 4282 696 4342 Deum
725 4279 893 4342 excelsum
920 4279 953 4341 et
1007 4276 1236 4340 commendavi
1257 4277 1392 4346 Ordinis
1412 4278 1640 4355 praelationem
1662 4283 1802 4360 etregi-

155 4377 351 4454 gloriosum.
366 4379 441 4440 Non
456 4377 546 4439 euim
565 4378 740 4455 separatur
762 4376 951 4444 humanitas
1006 4389 1081 4436 men
1096 4373 1236 4435 Domino
1256 4375 1290 4436 et
1308 4374 1480 4439 ministris.
1505 4377 1598 4438 Unde
1622 4378 1702 4440 licet
1715 4373 1801 4446 tam.-¹

156 4475 382 4550 edivinitate;
399 4476 432 4537 et
446 4475 518 4550 ipse
533 4474 686 4536 Christus
698 4475 833 4536 Patrem
852 4488 953 4549 roga·
1006 4486 1086 4548 pore
1105 4487 1170 4550 quo
1193 4471 1383 4534 renuntiavi
1402 4473 1512 4534 oldcio
1528 4473 1679 4544 fratrum,
1695 4492 1799 4538 exon-

154 4571 215 4645 vit,
240 4573 380 4634 dicens:
402 4575 479 4634 Volo
501 4571 539 4632 ul
561 4575 618 4632 611
640 4585 806 4647 0161101,
822 4572 856 4632 61
880 4574 952 4635 met
1006 4583 1115 4628 sarem
1155 4582 1207 4630 me
1237 4584 1350 4630 coram
1386 4569 1545 4630 iratribus
1576 4570 1611 4630 in
1647 4574 1798 4648 capitulo

153 4671 225 4731 sint
235 4666 953 4750 (1061111134).110661166111160011611-
1005 4665 1168 4744 generali,
1196 4665 1283 4742 quod
1311 4667 1446 4744 propter
1475 4666 1686 4730 infirmitates
1707 4686 1798 4734 meas

155 4766 270 4844 piatur
284 4768 460 4845 utrumque
483 4765 614 4828 Domini
629 4765 763 4832 statum,
785 4765 826 4826 ad
840 4764 902 4826 hoo
917 4765 953 4824 ut
1005 4776 1119 4823 curam
1134 4761 1174 4823 de
1189 4762 1272 4838 ipsis
1288 4761 1411 4826 babere
1424 4779 1491 4823 non
1504 4765 1669 4839 poteram;
1685 4768 1798 4828 tamen

153 4880 335 4944 numquam
357 4866 531 4942 separetur
553 4861 593 4922 ab
610 4861 678 4922 illo.
701 4863 786 4922 Nam
801 4862 830 4922 si
846 4861 952 4938 fugiat
1006 4859 1035 4919 si
1050 4859 1233 4921 secundum
1256 4859 1461 4923 voluntatem
1476 4876 1583 4922 meam
1595 4861 1715 4926 iratres
1727 4864 1800 4925 vel-

151 4961 189 5022 11
213 4962 379 5038 passione,
405 4960 446 5022 ab
470 4959 530 5021 illo
542 4957 754 5038 separabitur
775 4957 811 5020 in
828 4957 950 5034 gloria,
1005 4955 1075 5018 lent
1089 4955 1260 5018 ambulare
1276 4972 1376 5030 nunc,
1393 4959 1526 5035 propter
1548 4959 1696 5034 ipsorum
1719 4976 1799 5023 con-

148 5058 248 5136 junta
261 5058 356 5120 Pauli
367 5057 515 5136 Apostoli
532 5054 652 5120 verba:
668 5058 706 5117 Si
722 5056 839 5116 tamea
853 5070 950 5115 0011-
1005 5053 1202 5120 solationem
1213 5053 1245 5114 et
1256 5053 1444 5125 utilitatem,
1457 5055 1578 5116 nollem
1589 5057 1675 5133 quod
1696 5060 1799 5122 alium

147 5156 320 5229 patititur,
334 5156 372 5218 ut
382 5156 415 5218 61
430 5155 728 5230 conglorificemur
742 5149 950 5230 (Rom.,v11r,
1006 5151 1194 5213 ministrum
1211 5151 1374 5214 haberent
1385 5151 1452 5212 nisi
1466 5168 1519 5214 me
1539 5169 1643 5229 usque
1658 5155 1698 5216 ad
1712 5157 1799 5217 diem

152 5251 469 5330 17).Contemplatur
482 5265 561 5325 ergo
572 5248 857 5312 animacluistum
868 5264 952 5308 mor·
1005 5249 1121 5309 mortis
1134 5263 1227 5310 meae.
1245 5248 1378 5310 Sieuim
1394 5247 1501 5310 bonus
1518 5253 1551 5312 et
1571 5251 1678 5314 tidelis
1691 5252 1801 5316 subdi·

151 5349 255 5412 talem
279 5351 311 5412 et
334 5346 577 5421 immortalem;
602 5348 635 5410 et
660 5347 781 5408 norum
802 5350 948 5408 statuum
1006 5347 1059 5406 tus
1090 5344 1293 5420 voluntatem
1325 5346 1453 5422 praelati
1480 5347 1532 5408 sui
1562 5351 1734 5431 cognoscit
1767 5353 1800 5413 et

152 5447 242 5511 alter
265 5449 317 5510 est
340 5462 456 5508 eorum
472 5445 528 5524 qui
553 5434 662 5505 adhuc
692 5445 841 5516 currunt,
865 5443 950 5505 alter
1005 5441 1169 5517 observat,
1206 5457 1343 5520 parvam
1381 5443 1638 5508 sollicitudinem
1669 5450 1800 5523 oportet

153 5560 269 5606 eorum
285 5544 340 5622 qui
350 5547 420 5621 jam
443 5545 644 5620 acceperunt
668 5541 830 5605 bravium.
857 5540 950 5602 Unde
1005 5539 1176 5616 praelatum
1192 5538 1314 5603 habere
1329 5539 1369 5604 de
1382 5540 1465 5618 ipso.
