4226 6406
214 246 273 308 461
670 282 674 288 ·
734 241 1055 310 Phonaooiimli.
1070 273 1113 292 -
1129 243 1336 308 ischnon.
1794 245 1856 310 loa

214 403 328 468 menie
342 404 433 466 zelus
447 403 525 468 ddel
539 418 615 468 eum
630 405 764 470 enixius
775 405 1005 483 perurgebat.
1061 405 1113 468 ret
1134 448 1143 466 .
1167 405 1367 484 poncionem
1389 416 1466 466 eum
1490 402 1655 468 nouerant
1677 402 1799 481 habea
1818 405 1855 468 ln

214 503 249 564 et
272 501 426 580 martyrii
450 503 524 566 sitis
549 503 585 564 in
613 503 714 567 corde
744 503 838 566 illius
864 515 1007 565 accensa
1061 501 1226 564 abluenda
1253 501 1474 580 suppellectili
1509 502 1663 580 coquina,
1691 515 1791 580 quam
1819 502 1855 564 iu

214 599 389 677 quiescere
425 615 500 662 eum
534 600 726 664 nullatenus
765 599 1004 677 permittebat.
1060 600 1266 676 exponendis
1279 600 1439 663 misteriis
1448 599 1623 676 scripture.
1636 598 1720 673 Quid
1733 599 1855 662 multat

215 696 311 758 Unde
324 695 447 758 lactum
460 699 531 759 est:
548 698 585 760 ut
594 698 687 760 iuxta
698 697 913 774 promissum.
931 697 1007 759 date
1063 696 1190 758 uiribus
1206 697 1283 759 totis
1298 697 1403 776 quoad
1418 697 1523 774 potuit
1536 698 1704 760 renitens.
1722 697 1854 761 undem

214 793 279 854 sibl
294 793 429 856 licentia
457 795 613 856 .terram
635 797 897 857 sarracenorum
912 793 1008 856 iesti—
1061 793 1103 855 ad
1131 793 1311 856 clamorem
1348 795 1496 856 omnium
1531 795 1729 872 simpliciter
1762 795 1855 872 loqui

213 905 278 952 nus
293 890 401 952 adiret
420 935 429 951 .
448 891 510 953 Sed
524 907 588 970 que
607 893 684 955 sunt
698 893 845 954 hominis
860 907 1006 968 cognos·
1060 906 1202 952 exorsus
1229 892 1290 953 est.
1325 893 1471 968 Cumque
1495 892 1643 953 calamus
1666 892 1724 953 ille
1747 892 1854 954 sancti

213 1003 294 1050 cens
318 989 524 1051 altissimus.
550 989 586 1050 in
606 989 725 1052 ihoiem
748 991 780 1051 ei
804 990 943 1052 restitit.
967 1003 1007 1050 ae
1062 988 1206 1064 Spiritus
1226 988 1342 1065 lingua
1366 989 1472 1065 ipsius
1493 988 1663 1052 luculenta
1684 989 1766 1051 satis
1788 1003 1852 1050 ox·
1983 1052 1993 1072 ,

213 1087 377 1154 intentato
391 1090 488 1165 gram
512 1089 647 1151 morbo.
670 1105 729 1167 per
749 1091 854 1153 totum
876 1089 1006 1168 hyemis
1061 1085 1227 1162 positione
1252 1127 1260 1147 .
1283 1101 1323 1148 eo
1351 1085 1447 1169 breui
1469 1087 1634 1148 sermonis
1659 1086 1855 1165 compendio

214 1185 365 1262 spacium
401 1199 476 1247 enm
507 1186 620 1248 acrius
648 1187 834 1264 flagellauit
860 1231 868 1248 .
892 1187 1006 1265 sicque
1060 1185 1164 1246 multa
1178 1183 1359 1262 prudenter
1373 1183 1588 1246 disseruisset
1606 1184 1769 1260 stupende
1784 1182 1855 1246 iba·

213 1281 337 1344 iactum
353 1283 404 1345 est
418 1303 426 1344 :
443 1285 479 1346 ut
491 1299 566 1346 oum
580 1284 622 1345 de
636 1285 806 1362 proposito
823 1299 883 1346 suo
900 1284 1006 1346 nichil
1059 1281 1129 1343 tres
1141 1281 1363 1346 admiratione
1377 1281 1528 1359 percussi
1542 1325 1552 1342 .
1565 1281 1702 1344 intentis
1716 1281 1853 1344 auribus

213 1395 372 1458 prospere
385 1382 494 1443 actum
507 1383 660 1444 cerneret
675 1403 683 1442 :
699 1397 759 1460 pro
775 1381 1006 1459 recuperanda
1061 1377 1270 1454 perorantem
1285 1378 1395 1439 uirum
1409 1378 1611 1441 unanimiter
1625 1375 1851 1440 intendebant.
1892 1395 1893 1404 ¹

213 1478 334 1540 saltem
349 1479 499 1555 corporis
514 1479 658 1542 sanitate
680 1523 689 1540 .
711 1479 752 1540 ad
767 1480 880 1542 natale
899 1480 1005 1541 solum
1060 1473 1166 1537 Dabat
1179 1476 1301 1553 quippe
1322 1477 1467 1554 stuporis
1482 1477 1697 1553 augmentum
1715 1517 1723 1536 .
1739 1475 1855 1551 inspe-

213 1575 402 1653 compulsus
425 1577 601 1638 remearat.
627 1577 689 1650 Qui
713 1593 789 1639 oum
814 1578 1005 1654 mulgendo
1059 1574 1133 1635 rata
1146 1573 1311 1636 dictorum
1326 1574 1533 1652 profunditas
1555 1574 1638 1635 :sad
1659 1587 1722 1636 nec
1742 1573 1853 1634 millite

213 1671 250 1734 in
271 1673 392 1734 linibus
413 1673 577 1752 hyspania
601 1675 771 1752 applicare
789 1672 1003 1753 disponeret.
1061 1669 1237 1734 addicebat
1263 1672 1384 1747 spiritu
1409 1669 1455 1752 (1)
1483 1684 1549 1748 quo
1574 1670 1798 1748 loquebatur.
1820 1669 1853 1732 et

213 1770 248 1832 in
264 1771 379 1832 Sicilie
390 1771 540 1848 pertibus
553 1774 729 1835 uentorum
744 1773 888 1850 impulsu
901 1787 937 1835 se
951 1789 1006 1850 po·
1059 1767 1306 1831 feruentissima
1317 1768 1853 1847 caritasomnesdeniquesancta

214 1868 312 1930 situm
336 1868 515 1932 cernebat.
538 1870 633 1932 Circa
660 1872 790 1948 tempus
823 1873 933 1934 autem
961 1871 1006 1932 il·
1059 1867 1286 1928 consolatione
1305 1867 1432 1944 pertusi
1453 1865 1675 1929 :humilitatis
1697 1867 1853 1928 meritum

213 1964 286 2027 lud.
302 1965 484 2044 capitulum
496 1967 653 2042 generale
663 1968 750 2044 apud
761 1969 900 2030 asisium
912 1983 1006 2031 cons·
1058 1963 1094 2024 in
1120 1977 1218 2026 seruo
1245 1965 1305 2026 Dei
1331 1964 1475 2027 Antonio
1501 1977 1577 2026 cum
1601 1963 1688 2026 dono
1713 1964 1853 2026 scientio

211 2062 347 2125 titutum
371 2063 421 2126 ast
444 2063 627 2126 celebrari.
651 2065 743 2138 Quod
774 2066 811 2127 ut
842 2066 917 2127 uiro
945 2063 1004 2128 liei
1059 2063 1210 2124 uenerati
1225 2063 1314 2124 sunt.

211 2161 356 2222 Antonio
368 2175 429 2238 per
443 2161 563 2223 iratres
574 2164 729 2224 Messana
741 2163 889 2224 ciuitatis
901 2164 1003 2224 inno·
1097 2159 1223 2222 Lectio.
1240 2162 1327 2222 IIII.
1348 2159 1509 2232 Quoniam
1520 2158 1631 2220 autem
1640 2157 1783 2220 testante
1798 2158 1854 2218 do·
1874 2191 1876 2194 -
1978 2151 1984 2171 ⁸

211 2257 296 2319 tuit:
314 2259 492 2336 semetipso
517 2259 686 2320 robustior
700 2259 826 2322 lactus:
841 2259 1004 2322 adlooum
1059 2256 1150 2316 mino
1176 2269 1244 2316 non
1272 2257 1379 2334 potest
1410 2256 1531 2318 ciuitas
1563 2255 1723 2318 abscondi
1750 2268 1854 2332 super
1950 2325 1956 2335 ‚

211 2355 351 2431 capituli
365 2356 533 2433 utcunque
547 2356 718 2432 peruenit.
1058 2353 1204 2415 montem
1228 2353 1336 2430 posita
1362 2373 1369 2414 ε
1392 2367 1460 2416 non
1481 2355 1585 2416 multo
1607 2355 1682 2431 post
1703 2353 1854 2428 tempore

1059 2449 1169 2512 dalaia
1191 2450 1232 2512 ad
1256 2447 1447 2513 ministrum
1470 2465 1586 2512 sorum
1610 2463 1674 2526 que
1694 2449 1849 2524 contige-

430 2553 532 2625 lona
552 2553 783 2614 ebdomadam.
1058 2548 1135 2610 rant
1149 2547 1313 2611 relatione
1332 2592 1341 2609 .
1357 2547 1543 2625 interrupto
1566 2546 1688 2625 quietis
1712 2546 1852 2608 silencio

1058 2645 1100 2706 ed
1122 2644 1290 2723 publicum
1312 2645 1429 2707 uenire
1457 2645 1647 2722 compulsus
1667 2644 1718 2706 est
1744 2645 1851 2706 Anto·-

249 2746 375 2808 Lecttc.
398 2747 540 2809 I.·Post
559 2746 699 2809 multum
720 2761 802 2809 uero
822 2747 1001 2824 temporis.
1058 2743 1146 2804 nius.
1180 2743 1332 2805 iniuncto
1359 2757 1502 2820 namque
1525 2741 1589 2803 sibi
1613 2738 1852 2817 predicationis

210 2843 349 2920 contigit
370 2842 491 2905 iratres
521 2843 563 2904 ad
591 2844 760 2907 ciuitatem
790 2844 917 2907 iorliuii
943 2860 1003 2923 pro
1058 2839 1167 2903 oilioio
1181 2840 1309 2902 heremi
1324 2840 1627 2904 cultoramittitur.
1643 2841 1677 2902 et
1690 2840 1732 2902 ad
1747 2853 1853 2901 euan-

176 3005 180 3019 .
211 2941 433 3019 suscipiendis
455 2939 626 3002 ordinibus
646 2941 841 3004 transmitti.
869 2945 1002 3005 Gonue-
1058 2938 1265 3015 gelizandam
1296 2938 1355 3000 Dei
1383 2939 1524 3015 gloriam
1559 2937 1617 2999 diu
1645 2937 1760 2998 clatrse
1793 2949 1853 3000 ora

209 3036 378 3100 ulantibus
407 3038 583 3114 igiturex
612 3038 757 3100 diuersis
784 3040 933 3116 partibus
961 3040 1002 3102 ob
1058 3035 1204 3097 laxantis
1229 3034 1289 3115 (2).
1322 3035 1484 3099 Mittentls
1519 3035 1622 3112 igitur
1654 3034 1852 3096 auctoritate

210 3135 331 3198 dictem
341 3151 478 3198 oausam
492 3135 652 3198 iratribus
667 3151 706 3198 ao
715 3137 1000 3214 predicatoribus:
1057 3133 1212 3195 suffultus
1227 3155 1234 3194 :
1250 3133 1286 3194 in
1300 3133 1428 3196 mnium
1444 3132 1680 3211 predicationis
1695 3145 1778 3209 opus
1791 3143 1853 3191 ex-

209 3233 307 3296 affuit
327 3234 416 3295 inter
436 3249 494 3294 eos
518 3235 693 3295 Antonius.
723 3235 871 3298 instante
891 3236 1001 3298 autem
1056 3229 1148 3308 plere
1170 3230 1320 3293 studuit.
1341 3234 1378 3293 ut
1399 3245 1521 3293 nornen
1544 3229 1751 3307 euangelista
1769 3242 1850 3304 ges-

210 3330 397 3393 collationis
427 3330 538 3392 hora.
561 3345 690 3393 necnon
711 3332 745 3395 et
770 3332 929 3394 tratribus
959 3347 1002 3395 ex
1055 3331 1166 3390 torum
1192 3329 1389 3392 strenuitate
1413 3330 1653 3407 compensaret.
1683 3325 1853 3389 circuibat

208 3443 300 3490 more
330 3427 550 3506 congregatis.
574 3428 729 3492 Minister
756 3429 821 3492 loci
842 3429 1001 3493 iratribus
1056 3426 1195 3503 proinde
1222 3426 1378 3489 ciuitates
1403 3430 1437 3489 et
1470 3429 1608 3489 castra.
1633 3427 1728 3488 uicos
1752 3427 1852 3504 alque

209 3525 251 3588 de
271 3525 388 3588 ordine
417 3525 661 3606 predicatorum
683 3527 799 3604 quiin
826 3529 1001 3604 presencia
1056 3524 1279 3602 campestria:
1300 3526 1333 3588 et
1353 3525 1422 3586 uite
1446 3525 1662 3587 seminarium
1687 3523 1773 3584 siout
1795 3521 1851 3583 ei-

209 3625 305 3687 erant
330 3623 520 3701 supplicare
555 3623 643 3702 cepit
664 3667 673 3684 .
696 3625 733 3686 ut
758 3623 1001 3692 exhortationis
1056 3621 1275 3685 directissime
1296 3665 1304 3682 .
1326 3622 1373 3684 iia
1397 3623 1429 3685 at
1454 3622 1701 3684 feruentissimo
1722 3619 1852 3681 cunetis

208 3720 317 3797 gratia
351 3719 469 3784 salutis
491 3718 630 3782 uerbum
656 3721 852 3782 sicientibus
878 3738 1002 3800 propo·
1056 3718 1243 3795 spargebat.
1260 3719 1473 3780 Discurrsnte
1489 3721 1599 3781 autem
1618 3733 1658 3780 eo
1673 3719 1705 3780 et
1718 3716 1758 3778 ob
1772 3715 1852 3778 ani·

210 3817 315 3880 neret
1056 3813 1849 3893 marnmzalumrequiemsibiprorsusneganta.

252 3915 377 3978 Lectio.
393 3919 442 3977 ΙΙ.
465 3917 612 3993 Cumque
626 3915 846 3993 improuisum
859 3931 895 3978 se
909 3916 1003 3994 quis·
1056 3911 1195 3988 configit
1207 3927 1283 3973 eum
1297 3913 1339 3974 ad
1355 3913 1525 3975 ciuitatem
1540 3913 1776 3974 ariminensem
1791 3927 1850 3972 oe·
1948 3914 1951 3930 ¹

207 4027 271 4090 quo
295 4027 356 4074 nec
377 4013 464 4075 uelle
485 4025 547 4075 nec
568 4011 688 4076 debere
709 4013 882 4090 predicare
903 4029 1002 4076 cons-
1056 4008 1135 4071 litus
1151 4010 1362 4087 applicuisse.
1379 4010 1443 4073 Ubi
1462 4025 1537 4072 cum
1559 4009 1681 4072 multos
1703 4009 1852 4070 heretica

206 4111 337 4172 tancius
352 4111 573 4172 asseruisset:
596 4125 779 4173 conuersus
801 4111 842 4172 ad
864 4111 1000 4174 tratrem
1056 4108 1209 4170 cerneret
1222 4107 1388 4184 praeliata
1403 4108 1557 4172 delusos:
1574 4108 1758 4170 conuocato
1773 4121 1853 4168 mox

205 4207 384 4268 Antonium
407 4207 555 4284 precepit
575 4208 628 4269 ei.
646 4211 682 4271 ut
700 4209 1001 4287 quodcunquesibi
1054 4205 1157 4267 totius
1179 4205 1327 4268 ciuitatis
1347 4206 1468 4284 populo
1493 4207 1528 4268 in
1552 4206 1685 4268 feruore
1712 4205 1851 4283 spiritus

208 4304 345 4381 spiritus
367 4305 561 4380 suggereret
579 4349 587 4365 .
610 4307 821 4383 congregatis
841 4305 1000 4369 iratribus
1048 4303 1229 4380 'predicare
1247 4303 1354 4382 cepit.
1371 4305 1404 4367 et
1417 4304 1474 4383 qui
1489 4304 1770 4383 phylosophorum
1784 4319 1851 4364 non

206 4399 437 4463 annunciaret.
452 4401 526 4462 Non
541 4401 630 4462 enim
645 4402 889 4464 credebateum
903 4404 1000 4481 quio·
1055 4402 1196 4464 nouerat
1230 4403 1386 4478 ergucias
1414 4447 1422 4464 .
1454 4406 1592 4465 uersuta
1627 4403 1851 4464 hereticorum

206 4511 305 4574 quam
329 4497 370 4559 de
391 4498 565 4574 scripturis
586 4515 686 4561 nosse
707 4543 715 4559 .
739 4501 796 4561 sed
818 4515 880 4563 nec
906 4503 1002 4579 quie
1056 4497 1210 4575 dogmata
1225 4500 1295 4562 sole
1309 4500 1453 4563 lucidius
1467 4501 1662 4564 confuteuit

207 4609 304 4671 quarn
320 4594 385 4655 nisi
406 4594 492 4656 sorte
513 4611 577 4672 que
598 4595 640 4657 ad
662 4597 806 4659 odicium
827 4599 1002 4660 ecclesias·
1094 4596 1226 4658 leutio.
1237 4600 1273 4658 V.
1290 4600 1341 4660 lte
1352 4599 1483 4661 demum
1497 4598 1635 4659 uerbum
1648 4597 1722 4658 eius
1734 4597 1767 4658 et
1777 4596 1853 4658 doc·

206 4690 308 4754 ticum
321 4692 616 4769 spectantputebat
629 4693 770 4770 legisse.
789 4711 856 4757 uno
871 4697 1001 4758 tan-tum
1054 4693 1143 4754 trina
1159 4693 1317 4757 salutaris
1332 4695 1367 4756 in
1383 4692 1537 4757 cordibus
1557 4695 1769 4756 audiencium
1788 4691 1850 4757 ra-¹

205 4788 464 4866 presumptionis
497 4789 648 4850 conisus
685 4790 845 4867 suffragio
874 4836 883 4852 .
914 4793 999 4869 quod
1055 4789 1253 4853 diceetixit.
1276 4794 1312 4854 ut
1330 4793 1502 4854 eliminata
1521 4792 1646 4853 erroris
1661 4791 1849 4868 spurcicia.

206 4884 363 4946 uidelicet
389 4899 465 4946 eum
495 4884 685 4948 litteraliter
705 4886 817 4964 loqui.
842 4889 902 4950 uix
925 4905 1000 4954 cum
1055 4903 1247 4965 nonparua
1268 4890 1479 4969 credancium
1500 4888 1598 4952 turba
1617 4891 1685 4950 lieo
1709 4887 1852 4950 fideliter

206 4983 389 5044 necessitas
404 4983 591 5059 exegisset.
615 4984 777 5046 audierat.
1056 4984 1242 5048 adhereret.
1266 4990 1301 5049 ln
1328 4987 1446 5064 quibus
1474 4987 1723 5049 heresiarcham
1748 5002 1850 5047 unum

245 5081 372 5142 Lectio.
394 5083 462 5142 Ill.
486 5083 616 5142 Reuera
629 5081 717 5142 enim
733 5097 808 5143 curn
823 5083 902 5145 talis
913 5087 1002 5148 esset
1054 5083 1221 5143 Bouillum
1235 5082 1282 5163 (3)
1298 5085 1511 5146 nomine.ab
1526 5085 1625 5148 anuis
1637 5084 1774 5161 triginta
1790 5101 1850 5146 er·
1898 5079 1903 5089 “

204 5177 389 5240 industrie.
412 5179 447 5240 ut
468 5178 628 5239 memoria
650 5195 709 5255 pro
731 5178 827 5241 libris
852 5183 1001 5244 uteretur
1054 5193 1165 5242 rorem
1178 5179 1225 5260 (4)
1241 5181 1447 5244 infidelitatis
1458 5183 1636 5244 abductum
1645 5197 1706 5261 per
1715 5199 1850 5244 serrium

205 5275 238 5337 et
267 5274 393 5354 eloquii
413 5274 535 5337 mistici
562 5276 670 5351 gratia
699 5277 853 5354 copiosus
878 5279 998 5341 aliiue-
1055 5291 1152 5339 suum
1174 5280 1354 5342 antonium
1375 5283 1441 5344 Deo
1455 5280 1503 5361 (5)
1526 5282 1566 5343 ad
1588 5281 1677 5346 uiam
1697 5281 1850 5344 ueritatis

193 5468 203 5508 p
241 5430 282 5501 (l)
303 5431 433 5505 Spiritus.
1091 5438 1121 5506 (i
1155 5441 1265 5495 Errore.

239 5503 282 5574 (i)
303 5505 456 5562 laxentur.
1091 5509 1120 5580 (5
1154 5512 1239 5567 Deus.

239 5575 280 5645 (i)
299 5573 344 5633 hl.
363 5591 369 5631 :
387 5573 581 5644 lionovillum3
599 5575 652 5632 al:
670 5577 827 5636 Bonellmn.
1146 5585 1152 5596 ·
