4158 6380
99 277 165 340 105
665 279 989 344 PROLEGOMENA.
1012 309 1052 326 -
1079 281 1186 342 VITA.
1688 279 1747 344 loo

97 436 218 499 dabat·
232 436 320 500 dirui
342 438 520 516 aliquando
544 439 658 502 domos
680 442 819 512 erectae,
842 440 901 501 aut
955 438 1403 516 suipromissumconsilium
1416 436 1748 515 pretermittiTran·

97 533 228 596 fratres
259 536 380 598 exinde
406 537 565 608 amoveri,
591 538 621 598 si
644 538 766 615 aliquid
791 539 827 598 in
850 537 899 598 eis
954 537 1043 598 siens
1059 538 1169 598 autem
1190 537 1332 611 quodam
1349 537 1496 610 tempore
1519 535 1571 596 vir
1593 535 1652 595 Dei
1671 551 1745 596 cum

97 634 304 708 perciperet,
334 632 420 709 quod
454 634 584 696 ratione
619 633 899 712 appropriationis
954 634 1602 709 suosocioperApuliamjuxtaBarum,
1618 632 1746 711 invenit

97 729 159 790 vel
180 731 662 806 sumptuositatlscontrarium
684 733 772 793 esset
792 747 898 792 evau—
954 731 1066 793 invia
1088 731 1224 792 bursam
1246 746 1410 804 magnam,
1427 730 1522 807 quasi
1541 729 1639 805 plena
1658 730 1747 791 esset
1786 783 1788 788 .

99 824 182 886 licae
193 828 391 903 paupertati.
955 828 1118 899 denariis,
1138 828 1393 898 tumescentem,
1418 843 1516 904 quam
1540 828 1662 888 usitato
1685 842 1747 888 vo-

143 927 243 986 Hanc
262 925 315 985 sui
336 923 466 987 dicebat
490 926 616 987 ordinis
637 925 897 996 fundamentum,
955 925 1073 986 cabulo
1086 925 1237 986 Fundam
1249 924 1431 1000 appellant.
1453 925 1606 985 Monetur
1621 940 1639 984 a
1655 923 1746 986 socio

99 1021 161 1082 cui
189 1021 356 1085 substrato
385 1023 543 1098 primarie
572 1025 621 1084 116
650 1024 757 1088 omnis
787 1025 898 1084 111111-
955 1038 1081 1098 pauper
1104 1022 1246 1094 Christi,
1271 1023 1305 1082 et
1330 1021 1493 1083 instanter
1516 1021 1685 1083 inducitur
1711 1021 1747 1084 ut

99 1119 183 1180 tura
211 1119 383 1194 religionis
411 1120 576 1192 innititur,
602 1123 637 1182 ut
657 1121 762 1198 ipsius
790 1119 899 1180 firmi·
953 1119 1055 1182 bursa
1076 1119 1213 1182 tollatur
1228 1135 1246 1179 6
1263 1120 1363 1190 16111,
1381 1118 1414 1181 61
1429 1119 1571 1193 pecunia
1584 1118 1745 1194 pauperi-

99 1217 174 1277 tate
198 1216 359 1289 firmetur,
382 1219 415 1278 et
434 1219 608 1279 eversione
631 1217 777 1278 funditus
802 1232 900 1278 ever·
954 1216 1016 1277 bus
1040 1217 1205 1291 erogetur.
1232 1215 1354 1277 Renuit
1374 1216 1472 1278 116110
1488 1214 1559 1286 Dei,
1576 1230 1746 1276 commen-

98 1315 209 1374 tatur.
224 1313 367 1376 Docebat
378 1315 527 1390 proinde,
543 1315 629 1376 sicut
638 1313 842 1376 revelatione
854 1313 901 1374 di·
954 1318 1022 1378 tum
1035 1313 1205 1376 affirmans
1218 1312 1288 1374 fore
1301 1312 1424 1376 diaboli
1436 1313 1471 1372 in
1483 1312 1585 1373 bursa
1595 1312 1743 1380 inventa,

100 1410 248 1482 diceret,
264 1427 368 1472 sacrae
389 1412 562 1488 religionis
584 1412 771 1488 ingressum
786 1410 827 1471 ab
843 1410 900 1470 illo
955 1412 988 1474 et
1014 1411 1151 1473 fratrem
1179 1427 1246 1472 non
1272 1410 1412 1472 suadere
1439 1425 1509 1471 rem
1538 1409 1660 1479 meriti,
1689 1408 1747 1471 sed

99 1507 176 1568 fore
199 1508 424 1570 inchoandum
443 1509 635 1586 evangelico
650 1507 773 1570 verbo:
792 1510 830 1568 st
847 1509 901 1568 vis
956 1509 1107 1586 peccati:
1130 1509 1247 1573 Aliena
1269 1509 1398 1570 scilicet
1421 1507 1602 1584 surripere,
1627 1521 1667 1567 ac
1689 1504 1751 1566 do-

97 1607 282 1680 persectns
296 1620 382 1677 csse,
399 1610 496 1678 cade,
511 1608 545 1668 et
559 1609 667 1668 66111
681 1609 809 1677 omitto,
825 1619 901 1678 qnae
956 1623 1047 1668 nare.
1066 1607 1236 1668 Recedunt
1255 1605 1295 1666 de
1315 1605 1399 1674 loco,
1416 1604 1574 1666 festinant
1589 1603 1653 1664 iter
1668 1618 1748 1679 per·

99 1705 220 1775 babes,
243 1705 276 1766 et
300 1707 345 1764 dc
362 1707 583 1779 pauperibus.
606 1701 726 1780 (Matt,
747 1699 899 1779 111121.)
956 1705 1221 1778 ficerecoeptum.
1244 1702 1306 1764 Sed
1329 1702 1475 1762 nondum
1490 1700 1631 1778 quiescit
1645 1699 1749 1761 frater

101 1798 253 1876 Ideoque
267 1815 334 1862 non
356 1800 422 1860 nisi
444 1801 686 1876 expropriatos‚
703 1800 736 1860 et
750 1799 834 1859 nihil
848 1815 902 1874 pe·
955 1817 1062 1862 vacua
1074 1801 1197 1876 pietate
1208 1798 1353 1870 delusus,
1366 1799 1474 1860 virum
1486 1799 1545 1860 Dei
1555 1797 1746 1868 molestans,

100 1898 197 1959 nitus
226 1897 409 1960 retinentes
433 1898 627 1960 admittebat
660 1897 702 1957 ad
723 1895 899 1967 crdinem,
955 1898 1052 1976 quasi
1074 1897 1130 1974 qui
1146 1897 1186 1958 de
1201 1896 1379 1958 relevanda
1405 1910 1588 1971 pauperum
1608 1893 1749 1970 penuria

101 1996 175 2056 tum
191 1996 329 2071 propter
347 1995 482 2056 verbum
505 1995 611 2056 sancti
631 1994 815 2069 Evangelii,
831 1994 901 2054 turn
956 2011 1021 2058 non
1053 1995 1197 2056 curarat.
1225 1993 1399 2070 acquievit
1425 1993 1559 2054 tandem
1583 1992 1635 2052 vir
1659 1991 1750 2052 mitis
1830 2014 1833 2022 ¹

101 2091 209 2152 etiam
228 2108 270 2153 ne
285 2091 442 2154 ferentin
462 2093 655 2154 scandalum
670 2090 770 2151 loculi
786 2105 900 2150 reser·
955 2093 1066 2154 redire
1080 2092 1122 2154 ad
1135 2092 1255 2163 locum,
1269 2106 1335 2152 non
1358 2091 1394 2152 ut
1415 2089 1529 2151 fratris
1544 2088 1749 2150 voluntatem

102 2188 186 2250 vati.
205 2189 300 2250 Unde
312 2190 348 2250 in
358 2189 511 2252 Marchia
523 2189 755 2250 Ancbonitana
769 2185 901 2265 quidam
956 2189 1148 2266 perficeret,
1184 2187 1243 2249 sed
1279 2189 1315 2250 ut
1349 2187 1518 2263 detegeret
1553 2185 1750 2246 diabolicam

102 2285 235 2362 petenti
255 2285 296 2346 ad
312 2286 461 2348 ordinem
476 2286 591 2362 recipi,
606 2299 705 2346 verus
721 2297 902 2361 pauperum
956 2286 1117 2348 fraudem.
1129 2285 1293 2348 Reversus
1305 2285 1443 2360 estergo
1456 2284 1498 2345 ad
1512 2283 1662 2344 Fundam
1675 2299 1751 2348 cum

102 2383 302 2458 patriarcba
314 2383 486 2460 respondit
502 2405 510 2442 :
528 2383 563 2444 Si
576 2383 626 2444 vis
640 2381 763 2444 Christi
778 2396 904 2456 paupe-
957 2383 1072 2455 fratre,
1093 2385 1127 2444 et
1144 2385 1267 2459 Juvene
1291 2381 1444 2458 quodam,
1461 2381 1605 2458 quierat
1625 2380 1661 2440 in
1682 2379 1749 2441 via.

102 2479 322 2556 ribusjungi,
340 2480 540 2556 pauperibus
566 2479 623 2541 tua
645 2477 817 2539 distribue·
833 2479 902 2548 Quo
958 2481 1115 2544 Oratione
1128 2480 1309 2557 praemissa,
1316 2478 1411 2555 jubet
1421 2479 1512 2540 socio
1523 2477 1615 2538 illam
1626 2477 1749 2539 levare.

104 2577 242 2648 audito,
268 2579 415 2654 perrexit
446 2577 560 2648 borno,
587 2577 619 2636 et
645 2575 761 2637 ductus
790 2589 903 2635 amore
957 2577 1184 2639 Tremefactus
1207 2576 1310 2638 frater
1336 2575 1519 2650 obstupuit,
1550 2573 1752 2636 diabolicum

104 2674 250 2745 carnali,
261 2675 399 2736 suasuis
411 2674 556 2750 reliquit,
566 2670 901 2750 nilquepauperibus.
954 2679 1025 2753 jam
1048 2673 1266 2751 praesentiens
1290 2676 1491 2746 monstrum;
1516 2672 1650 2749 propter
1668 2669 1752 2732 obe-

104 2774 232 2834 Verum
248 2787 322 2832 cum
338 2770 411 2843 boc,
435 2771 494 2833 illo
508 2770 685 2838 referente,
700 2769 753 2830 vir
769 2770 903 2830 sanctus
958 2773 1093 2834 dientiae
1109 2773 1220 2832 tamen
1235 2769 1359 2832 sanctas
1379 2769 1582 2841 mandatum,
1596 2768 1751 2830 dubieta-

105 2868 268 2940 audisseb
299 2869 382 2930 dura
407 2883 483 2929 eum
511 2867 740 2942 increpatione
766 2865 901 2936 feriens,
958 2871 1023 2933 19111
1053 2869 1190 2946 abigens
1214 2867 1343 2939 cordis,
1368 2881 1502 2928 manum
1535 2864 1684 2928 extendit
1709 2865 1752 2928 ad

107 2966 216 3028 dixit:
235 2965 905 3039 1111611111111111,1111911111161,110-
958 2969 1103 3029 bursam.
1128 2969 1167 3028 Et
1188 2981 1266 3026 6666
1290 2979 1427 3042 serpens
1451 2980 1518 3026 nou
1542 2963 1690 3025 modicus
1710 2963 1752 3026 de

106 3063 199 3124 niam
222 3061 903 3136 1011111111119101109111101111-
958 3065 1059 3127 bursa
1084 3063 1239 3135 exiliens,
1266 3063 1431 3140 simulque
1456 3077 1530 3122 cum
1549 3062 1623 3137 ipsa
1645 3059 1754 3122 subito

106 3160 197 3222 tione
212 3162 283 3222 tua.
300 3161 562 3236 consanguineis
577 3160 643 3222 tuis
655 3159 714 3221 tua
726 3158 857 3230 dedisti,
872 3157 905 3218 et
959 3177 1173 3234 evanescens,
1195 3160 1394 3222 diabolicam
1416 3159 1643 3235 deceptionem
1659 3157 1754 3219 fratri

107 3257 315 3320 defraudasti
327 3274 489 3334 pauperes
500 3257 637 3334 :dignus
650 3272 717 3318 non
727 3271 763 3318 es
778 3271 906 3333 paupe-
960 3259 1167 3323 monstravit.
1182 3259 1321 3320 Hostilis
1337 3258 1447 3334 itaque
1460 3256 1615 3319 versutiae
1631 3255 1754 3332 depre-

107 3355 198 3416 ribus
209 3355 338 3417 sanctis
352 3356 485 3418 sociari.
498 3355 666 3432 Incoepisti
677 3370 697 3414 a
708 3369 821 3426 carne,
833 3355 906 3415 rui·
960 3359 1065 3419 hensa
1078 3357 1224 3428 fallacia,
1240 3355 1387 3418 dixitvir
1399 3355 1539 3416 sanctus
1550 3353 1590 3414 ad
1607 3351 1753 3414 socium:
1871 3391 1878 3398 -

107 3469 225 3514 nosum
244 3453 493 3521 fundamentum
507 3452 672 3528 spirituali
689 3451 824 3513 fabricae
836 3452 906 3513 col·
961 3455 1108 3517 Pecunia
1122 3455 1229 3515 servis
1243 3455 1314 3526 Dei,
1328 3469 1346 3514 o
1359 3453 1474 3524 frater,
1487 3437 1572 3513 nihii
1586 3451 1677 3512 aliud
1692 3451 1753 3520 est,

107 3547 241 3612 locasti.
256 3550 367 3612 Rediit
377 3549 532 3611 animalis
544 3549 643 3610 bomo
654 3549 695 3609 ad
710 3565 799 3620 suos,
814 3549 907 3610 6119·
962 3569 1060 3631 quam
1076 3551 1240 3624 diabolus,
1259 3554 1292 3613 et
1304 3550 1440 3613 coluber
1453 3565 1652 3612 venenosus.

107 3646 905 3724 petiitsua,quaspauperibusrelinquerenolens‚
1001 3649 1130 3712 Accidit
1147 3650 1220 3725 post
1239 3649 1311 3710 baec
1326 3647 1490 3724 quoddam
1511 3645 1664 3706 mirabile
1683 3644 1756 3706 viro

108 3745 245 3807 virtutis
268 3745 473 3822 propositum
496 3743 594 3805 citius
621 3743 808 3819 dereliquit.
831 3742 906 3804 Alio
961 3750 1088 3818 sancto,
1112 3746 1190 3806 dum
1224 3761 1261 3806 19
1291 3747 1337 3806 ad
1369 3744 1537 3805 civitatem
1562 3745 1755 3814 senensem,

108 3859 242 3921 quoque
256 3844 404 3918 tempore
417 3857 492 3902 cum
506 3840 542 3900 in
554 3841 628 3901 loco
645 3842 775 3901 Sanctae
789 3840 905 3901 Mariae
961 3860 1063 3906 causa
1090 3843 1256 3918 exigente,
1276 3839 1484 3903 transferret.
1514 3842 1595 3900 Tres
1623 3837 1757 3916 quidem

109 3937 905 4014 dePortiunculatantaessetinopia,quodnon
961 3940 1119 4004 mulieres
1146 3939 1374 4016 pauperculae,
1403 3939 1548 4009 statura,
1578 3938 1687 4006 aetate,
1717 3949 1757 3996 ac

111 4039 221 4112 posset
231 4036 419 4114 hospitibus
427 4035 585 4097 fratribus
594 4033 906 4111 supervenientibus
960 4037 1047 4100 facie
1062 4036 1247 4114 peremnia
1263 4035 1401 4108 similes,
1423 4035 1456 4095 in
1479 4033 1623 4111 quadam
1638 4033 1669 4094 91
1685 4047 1758 4094 ma-

113 4136 293 4196 aecundum
322 4134 532 4196 necessitatis
563 4132 765 4207 exigentiam
794 4131 908 4208 provi·
960 4151 1027 4212 gna
1049 4134 1187 4210 planitie
1210 4134 1297 4195 inter
1319 4131 1515 4208 campilium
1541 4131 1575 4192 61
1599 4131 1757 4192 Sanctum

112 4230 408 4304 deri‚adiitvirum
421 4232 481 4292 Dei
492 4231 638 4292 vicarius
651 4245 742 4300 suus,
755 4229 906 4304 allegans
962 4233 1133 4305 Quiricum
1156 4230 1385 4301 occurrerunt,
1404 4245 1526 4290 novum
1544 4227 1757 4290 salutationis

113 4331 289 4406 penuriam·
308 4329 459 4402 fratrum,
475 4329 509 4389 et
529 4330 644 4406 petens
660 4329 696 4389 ut
709 4327 906 4389 intrantium
961 4329 1194 4390 munusculum
1207 4329 1239 4389 ei
1254 4327 1443 4390 offerentes.
1460 4329 1549 4388 Bene
1564 4325 1687 4398 veniat,
1703 4325 1758 4386 in·
1885 4325 1890 4336 '

113 4429 314 4490 novitiorum
338 4443 392 4488 res
417 4427 547 4503 aliquas
573 4441 746 4486 reservare
777 4425 902 4494 liceret,
962 4428 1090 4505 quiunt,
1105 4426 1239 4488 domina
1253 4425 1446 4502 paupertas.

113 4524 153 4584 ad
186 4541 268 4603 quas
304 4523 539 4600 expendendas
570 4538 746 4584 recurrere
771 4524 908 4599 possent
1002 4528 1072 4596 Quo
1105 4523 1234 4594 audito,
1264 4538 1362 4584 verus
1391 4520 1596 4598 paupertatis
1630 4521 1760 4581 amator

112 4619 230 4684 fratres
256 4625 404 4698 tempore
428 4621 624 4697 opportuno.
650 4620 701 4681 Ad
730 4635 827 4696 quem
853 4619 908 4680 vir
962 4621 1125 4683 indicibili
1140 4621 1287 4697 repletus
1300 4621 1351 4681 est
1362 4619 1495 4696 gaudie,
1511 4618 1623 4694 utpote
1636 4617 1693 4693 qui
1704 4617 1759 4676 ui-

115 4721 257 4792 sanctus,
288 4720 425 4794 superni
464 4717 597 4779 consilii
636 4733 702 4778 non
740 4717 905 4792 ignarus:
961 4713 1760 4780 hilinsesalutandumbominibustamlibenter

113 4813 214 4887 Absit,
232 4817 387 4893 inquit,a
410 4814 517 4886 nobis,
542 4813 646 4874 frater
669 4813 855 4885 carissime,
871 4814 908 4874 ut
962 4816 1113 4887 baberet,
1128 4831 1227 4892 quam
1243 4813 1330 4890 quod
1354 4812 1422 4874 illae
1442 4812 1673 4874 decreverant.
1690 4813 1758 4872 Su·

115 4927 171 4986 pro
184 4913 301 4990 quovis
316 4914 450 4974 homine
466 4911 567 4988 impie
579 4927 718 4986 agamus
738 4911 774 4970 in
790 4913 906 4985 Regu·
962 4914 1031 4975 bito
1056 4909 1304 4989 disparentibus
1328 4911 1409 4983 illis,
1426 4910 1677 4972 considerantes
1691 4909 1761 4970 fra·

115 5007 190 5068 lam.
206 5011 295 5072 Malo
316 5012 349 5072 19
371 5010 477 5072 altare
496 5009 646 5084 Virginis
668 5008 823 5084 gloriosae
844 5024 909 5068 nu·
962 5014 1030 5074 tres
1046 5012 1129 5072 socii
1143 5013 1211 5073 tam
1227 5009 1459 5073 admirabilem
1481 5007 1577 5070 ineis
1597 5007 1759 5069 similitu·

116 5104 203 5180 dare,
232 5123 307 5170 cum
335 5107 518 5170 necessitas
553 5106 585 5166 id
621 5105 777 5182 requirit,
808 5119 907 5182 quam
963 5101 1760 5178 dinem,salutationisoccursus,etdisparentiae

117 5206 229 5266 contra
253 5205 458 5282 paupertatis
472 5206 597 5275 votum,
613 5203 646 5264 et
661 5203 907 5264 observantiam
963 5203 1156 5276 novitatem,
1168 5200 1476 5281 mysticumaliquid
1490 5199 1657 5276 designari
1670 5200 1760 5262 circa

117 5301 297 5378 Evangelii,
315 5303 441 5379 aliquid
464 5303 518 5365 vel
543 5302 708 5362 modicum
728 5301 907 5362 attentare.
962 5302 1071 5364 virum
1101 5303 1264 5372 sanctum,
1288 5315 1355 5361 non
1376 5297 1655 5361 irrationabiliter
1678 5307 1760 5376 per-

118 5399 246 5460 Gratius
271 5402 360 5462 enim
382 5399 516 5462 habebit
538 5399 635 5460 beata
661 5399 775 5475 Virgo,
799 5399 909 5458 sancti
963 5399 1158 5476 panderunt.
1175 5401 1263 5460 Saue
1278 5397 1759 5474 1111111111611111116111111,

118 5495 286 5574 Evangelii
307 5498 452 5575 perfecte
476 5499 609 5560 servato
635 5497 787 5568 consilio,
811 5511 908 5556 suum
964 5496 1122 5558 mulieres
1150 5494 1392 5573 pauperculas,
1417 5495 1467 5556 sic
1491 5495 1649 5558 uniformi
1673 5492 1759 5554 facie

120 5591 221 5654 altare
234 5595 352 5672 detegi,
372 5611 470 5672 quam
491 5595 591 5656 altari
612 5611 671 5656 suo
685 5596 813 5667 ornato,
830 5593 907 5684 Filii
964 5595 1189 5667 occurrentes,
1207 5593 1256 5656 sic
1278 5593 1460 5658 salutantes
1476 5592 1620 5664 insolite,
1635 5590 1684 5652 sic
1703 5605 1761 5651 su-
