4152 6388
104 277 165 338 289

552 321 555 328 ,
627 281 735 340 raas
758 279 1017 344 sncunnA.-
1034 280 1243 372 aeonum

235 397 240 401 ·
1387 387 1397 424 l

105 437 271 500 orationis
285 438 318 499 et
332 437 518 500 devotionis
533 439 686 516 spiritum
706 455 772 502 non
790 439 903 501 extin-
955 441 1011 500 tur
1024 442 1159 516 propter
1184 440 1355 517 peccatum
1373 439 1515 514 alicujus
1533 460 1540 498 ε
1557 438 1635 515 quia
1650 437 1703 498 ira
1717 437 1751 498 et

104 537 222 612 guant,
240 535 294 596 cui
307 534 428 596 debent
438 536 560 597 caetera
576 535 772 612 temporalia
787 537 903 598 deser·
957 537 1176 610 conturbatio,
1193 539 1228 598 in
1244 553 1279 598 se
1305 540 1337 598 at
1352 538 1387 598 in
1403 537 1479 598 aliis
1494 535 1679 612 impediunt
1693 546 1752 601 cas

104 633 189 693 vire.
215 635 263 693 De
286 631 440 693 mercede
463 647 543 693 vero
566 633 703 705 laboris,
725 649 785 709 pro
810 649 845 694 se
870 636 903 695 et
957 634 1101 696 ritatem.

105 729 899 807 suisiratrihus,corporisnecessariarecipiant,

106 829 230 904 praeter
239 827 396 888 denarios
409 828 462 888 vel
487 829 674 904 pecuniam.
699 829 737 890 nt
754 829 817 889 hoc
833 829 900 888 hu·
957 816 1007 872 De
1022 813 1182 874 θὶθθῑῑθηθ
1196 816 1369 888 θθηθνᾰὶῑδ
1381 813 1537 874 ministri
1559 814 1662 884 ipis
1675 812 1753 884 fro-

106 925 244 995 militer,
261 925 347 986 sicut
360 925 453 986 decet
468 939 582 986 servos
593 926 664 997 Dei,
684 927 717 987 et
729 917 904 1003 pauperta·
982 910 1185 982 imitatis,
1207 909 1242 970 θί
1259 913 1301 970 de
1316 910 1463 984 capitum
1479 909 1709 970 Ρθῃΐθθθθῐθὲ·

1690 277 1751 338 290
1835 277 1840 288 ,

105 1022 149 1084 tis
164 1022 386 1083 sanctissimae
397 1022 592 1083 sectatores.

107 1219 203 1286 Quod
213 1219 299 1280 aiiii
318 1219 383 1279 stoi
396 1218 624 1292 appropriant
635 1219 794 1290 Fratres,
814 1219 849 1279 et
862 1221 903 1282 de

145 1321 361 1390 eleemosyna
375 1317 534 1390 petenda,
549 1317 584 1378 et
597 1319 638 1378 de
653 1317 839 1379 Fratribus
853 1319 904 1378 ia-

145 1413 274 1486 firme.
670 1409 672 1414 '

405 1510 541 1570 CAPUT
555 1512 610 1571 Vl.

148 1705 285 1767 Fratres
311 1703 397 1765 nihil
422 1703 487 1765 sihi
515 1705 740 1782 appropriant,
757 1718 819 1766 nec
839 1706 903 1767 do-

103 1817 210 1874 mum,
237 1817 298 1863 nec
324 1803 445 1874 locum,
475 1817 538 1864 nec
564 1803 712 1880 aliquam
735 1819 817 1864 rem.
839 1804 901 1864 sed

103 1903 277 1976 tamquam
302 1901 470 1976 peregrini
494 1901 527 1963 et
552 1901 691 1962 advenae
706 1902 741 1961 in
761 1901 825 1962 lroc
840 1917 904 1962 sae-

104 1997 196 2069 culo,
216 1997 252 2058 in
278 1997 472 2073 paupertate
496 1999 530 2059 et
549 1997 737 2060 humilitate
764 1998 903 2059 Domino

104 2094 320 2162 famulantes,
336 2094 459 2156 vadant
474 2111 533 2172 pro
560 2096 774 2173 eleemosyna
794 2095 903 2158 conit-

105 2192 238 2252 denter.
265 2193 336 2252 Nec
350 2193 480 2268 oportet
504 2209 563 2254 eos
575 2193 808 2266 verecundari,
825 2195 903 2272 quia

103 2289 270 2350 Dominus
281 2305 341 2366 pro
357 2290 495 2351 nobisse
508 2289 587 2352 iecit
597 2305 776 2368 pauperem
791 2292 826 2352 in
842 2292 905 2352 hoc

104 2385 389 2448 munecflaecest
398 2387 458 2448 illa
467 2388 629 2449 celsitudo
640 2388 811 2450 altissimas
821 2405 906 2465 pau-

103 2483 262 2560 pertalis,
284 2499 357 2560 qua
376 2499 435 2544 vos
459 2484 651 2546 carissimos
670 2485 790 2546 iratres
814 2499 904 2546 meos

104 2580 263 2642 haeredes
287 2583 320 2642 et
338 2595 435 2656 reges
454 2582 550 2657 regni
566 2582 726 2644 coelorum
746 2583 903 2654 instituit,

103 2692 275 2754 pauperes
287 2677 387 2739 rebus
401 2677 490 2747 fecit,
506 2679 685 2741 virtutibus
701 2679 903 2741 sublimavit.

104 2777 191 2836 Haec
209 2775 253 2836 sit
271 2776 379 2852 portio
394 2778 517 2847 vestra,
534 2793 607 2853 quae
623 2777 774 2854 perducit
788 2777 823 2838 in
837 2779 907 2839 ter-

105 2871 388 2934 ramviventium.
405 2874 476 2947 Cui,
491 2874 699 2938 dilectissimi
710 2875 842 2947 iratres,
859 2879 907 2938 to·

106 2968 228 3032 taliter
241 2970 455 3042 inherentes,
473 2971 557 3032 nihil
573 2971 663 3045 aliud
691 2987 750 3049 pro
773 2975 906 3035 nomine

107 3066 248 3128 Domini
271 3067 379 3128 nostri
403 3070 483 3130 Jesu
509 3066 632 3130 Christi
654 3070 689 3130 in
711 3071 906 3148 perpetuum

108 3163 176 3224 sub
191 3164 275 3225 coelo
289 3163 412 3226 neuere
427 3165 549 3228 uelitis.
559 3169 598 3228 itt
608 3167 805 3245 ubicumque
816 3168 904 3239 sunt,

107 3263 143 3323 et
173 3277 209 3322 se
235 3262 425 3324 invenerint
443 3262 576 3335 iratres,
593 3264 771 3326 ostendant
786 3279 821 3325 se
842 3264 905 3325 do-

105 3358 268 3420 mesticos
279 3359 422 3420 invicem
431 3359 519 3421 inter
528 3377 575 3433 se,
587 3363 620 3423 et
629 3361 908 3424 securemaniIes-

105 3457 159 3518 tet
172 3471 259 3516 unns
272 3455 368 3518 alteri
392 3455 625 3520 necessitatem
650 3475 744 3522 suam
759 3482 767 3521 ε
784 3460 862 3538 quia
878 3460 907 3520 si

106 3553 221 3614 mater
235 3553 340 3615 nutrit
348 3555 383 3615 et
391 3553 611 3630 diligitiilium
620 3573 716 3618 snum
724 3558 904 3630 carnalem,

105 3651 237 3728 quanto
251 3649 547 3726 diligentiusdebet
556 3654 631 3730 quis
644 3653 784 3730 diligere
798 3657 831 3718 et
845 3671 909 3716 nu-

106 3747 197 3809 trire
213 3747 348 3808 fratrem
363 3764 459 3810 sunm
475 3750 704 3826 spiritualemi
726 3753 765 3814 nt
789 3752 907 3828 siquis

107 3845 688 3920 cornmininflrmitatemceciderit,
716 3849 775 3909 alii
788 3848 908 3911 iratres

108 3941 237 4004 delient
248 3943 279 4004 ei
290 3943 430 4017 servire,
445 3944 531 4007 sicut
545 3944 670 4008 vellent
685 3945 749 4006 sihi
773 3945 905 4009 serviri.

174 4159 225 4218 De
233 4157 441 4230 poeraitcatia
451 4159 622 4234 fratribus
631 4161 849 4235 peccantibus

400 4259 620 4332 imponendo.

396 4407 533 4470 CAPUT
553 4409 624 4471 Vll.

155 4528 192 4589 Si
206 4529 264 4606 qui
278 4529 428 4603 fratrum,
450 4530 630 4609 instigante
648 4533 796 4605 inimico,
814 4549 908 4595 mor-

1239 1088 1375 1147 GAPUT
1389 1088 1476 1148 VIII.

998 1220 1154 1281 Universi
1165 1219 1287 1281 iratres
1304 1235 1405 1280 unum
1420 1219 1460 1279 de
1480 1217 1638 1280 iratribus
1654 1217 1752 1279 istius

958 1317 1132 1392 religionis
1147 1318 1325 1379 teneantur
1339 1332 1470 1394 semper
1483 1316 1607 1376 habere
1617 1329 1775 1391 genera·-

958 1414 1023 1475 lem
1038 1415 1226 1476 ministrum
1240 1429 1372 1476 servum
1396 1415 1497 1477 totins
1521 1412 1751 1483 fraternitatis,

959 1513 991 1574 et
1005 1511 1036 1572 ei
1048 1513 1224 1573 teneantur
1243 1511 1383 1573 tirmiter
1397 1511 1542 1572 obedire.
1561 1513 1631 1582 Quo
1650 1509 1753 1570 dece-

959 1609 1066 1681 dente,
1095 1608 1215 1670 electio
1241 1609 1446 1670 successorIs
1470 1609 1529 1669 flat
1549 1622 1568 1668 a
1590 1606 1753 1668 ministris

959 1705 1218 1782 provincialibus
1247 1709 1281 1768 et
1314 1705 1506 1767 custodibus
1540 1706 1577 1765 in
1606 1703 1753 1780 capitulo

959 1803 1183 1875 Pentecostes,
1206 1803 1240 1863 in
1262 1819 1328 1880 quo
1355 1802 1577 1878 provinciales
1606 1800 1753 1862 ministri
1814 1792 1819 1802 '

957 1901 1136 1962 teneantur
1154 1915 1285 1977 semper
1309 1900 1446 1961 insimul
1469 1899 1659 1970 convenire,
1680 1897 1756 1958 uhi-

959 2014 1099 2074 cumque
1127 2013 1146 2058 a
1172 1997 1324 2074 generali
1341 1997 1494 2058 ministro
1510 1994 1753 2057 fueritconsti-

958 2096 1075 2157 tutum.
1093 2095 1211 2156 Dtlioc
1225 2096 1327 2156 semel
1354 2096 1389 2154 in
1417 2094 1524 2156 tribus
1553 2093 1671 2159 annis,
1701 2092 1754 2153 vel

960 2193 1000 2254 ad
1030 2184 1335 2255 alium'terrrflnum
1371 2194 1532 2268 majorem
1560 2193 1612 2254 vel
1644 2191 1755 2252 mino-

959 2304 1040 2361 rem,
1070 2288 1156 2349 sicut
1180 2303 1199 2348 a
1222 2287 1379 2364 praedicto
1401 2287 1554 2347 ministro
1576 2285 1677 2346 fuerit
1698 2302 1756 2348 or·
1853 2325 1862 2332 -

959 2387 1110 2447 dinatum
1138 2386 1177 2446 nt
1203 2385 1232 2445 si
1257 2385 1370 2461 aliquo
1398 2385 1547 2460 tempore
1577 2385 1755 2460 appareret

960 2483 1171 2545 universitati
1195 2482 1426 2544 ministrorum
1451 2480 1706 2558 provincialium
1719 2481 1754 2541 et

961 2581 1133 2642 custodum
1158 2579 1352 2658 pradictum
1374 2579 1563 2640 ministrum
1588 2593 1655 2638 non
1679 2591 1753 2638 esse

961 2679 1180 2740 sufficientem
1204 2677 1245 2738 ad
1282 2677 1456 2738 servitium
1485 2676 1754 2756 etcommunem
1872 2734 1877 2748 ,

961 2776 1138 2838 utilitatem
1161 2774 1314 2844 fratrum,
1330 2774 1507 2836 teneantur
1519 2773 1670 2851 praedicti
1684 2773 1755 2834 fra·

961 2878 1040 2945 tres,
1057 2873 1177 2951 quibus
1192 2873 1311 2935 electio
1326 2871 1402 2934 data
1418 2872 1480 2944 est,
1497 2871 1532 2930 in
1548 2871 1682 2932 nomine
1693 2873 1755 2931 Do·
1837 2883 1842 2890 ·

962 2971 1159 3032 minialium
1177 2969 1242 3031 sihi
1270 2970 1396 3045 eligere
1420 2966 1454 3030 in
1477 2968 1657 3029 custodem.
1675 2969 1753 3030 Post

962 3069 1143 3145 capitulum
1158 3066 1459 3130 veroPentecostes
1474 3048 1617 3126 ministri
1629 3067 1662 3126 et
1676 3080 1755 3126 cus-

961 3166 1055 3228 todes
1079 3165 1207 3242 possint
1225 3163 1361 3240 singuli,
1384 3163 1413 3223 si
1437 3162 1616 3235 voluerint,
1645 3159 1753 3224 ateis

962 3263 1119 3340 expedire
1131 3262 1308 3333 videbitur,
1318 3260 1434 3323 eodem
1452 3261 1580 3322 annoin
1598 3259 1668 3322 suis
1683 3275 1755 3321 cns·

961 3361 1061 3424 tediis
1073 3360 1177 3425 semel
1188 3359 1309 3422 iratrm
1324 3373 1403 3420 suos
1415 3358 1458 3421 ad
1473 3357 1653 3436 capitulum
1669 3373 1753 3420 con-

961 3475 1093 3523 vocare.
1789 3446 1792 3454 ’

1169 3561 1220 3619 De
1229 3557 1528 3631 praedicatoribus.

1184 3759 1188 3766 .
1252 3699 1389 3760 CAPUT
1403 3699 1460 3758 IX.

1002 3823 1136 3886 Fratres
1162 3836 1228 3884 non
1241 3821 1423 3898 praedicent
1437 3820 1471 3880 in
1480 3810 1673 3896 episcopatu
1688 3818 1755 3880 ali-

963 3925 1057 3999 cujus
1079 3919 1238 3998 episcopi,
1254 3933 1330 3980 cnm
1344 3918 1386 3979 ab
1411 3933 1450 3978 eo
1476 3917 1545 3978 illis
1564 3917 1666 3978 fuerit
1680 3931 1757 3977 con·

963 4018 1151 4081 tradictum.
1160 4020 1201 4078 Et
1212 4015 1324 4077 nullus
1337 4014 1476 4078 fratrum
1490 4014 1611 4092 populo
1622 4014 1755 4090 penitus

963 4115 1085 4178 audeat
1098 4115 1292 4194 praedicare,
1309 4114 1375 4175 nisi
1397 4129 1417 4175 a
1432 4113 1585 4174 ministro
1602 4111 1754 4188 generali

831 4285 833 4290 ,
915 4257 922 4269 .
963 4214 1063 4291 hujus
1102 4212 1322 4274 fraternitatis
1350 4210 1451 4272 fuerit
1479 4210 1703 4278 examinatus,
1724 4210 1757 4271 et

964 4310 1176 4388 approbatus,
1193 4312 1227 4373 et
1238 4309 1279 4371 ab
1299 4324 1338 4371 eo
1354 4307 1502 4370 officium
1515 4307 1578 4368 sibi
1594 4307 1754 4384 praedica·

963 4409 1065 4472 tionis
1080 4423 1285 4470 concessum.
1300 4409 1421 4468 Moneo
1436 4421 1567 4484 quoque
1582 4407 1614 4466 et
1633 4404 1759 4466 exhor-

964 4507 1017 4568 tor
1056 4505 1190 4568 eosdcm
1215 4505 1352 4576 iratres,
1379 4504 1416 4566 ut
1441 4503 1477 4563 in
1501 4501 1756 4579 praedicatione,

108 4625 227 4688 taliter
250 4629 472 4704 peccaverint,
500 4645 561 4707 pm
584 4631 652 4691 illis
682 4631 838 4708 peccatis,
869 4631 910 4692 de
965 4600 1758 4707 quemfaciunt,sintexaminataetcastaeorum

109 4722 236 4800 qmbns
248 4723 439 4787 ordinatum
446 4726 548 4789 inerit
557 4727 645 4789 inter
659 4728 792 4802 iratres,
805 4730 841 4790 ut
856 4743 911 4790 re-
965 4701 1097 4778 0¹⁰IUI³
1118 4700 1160 4760 ad
1185 4699 1362 4761 ”mitam
1377 4701 1410 4760 θῖ
1423 4695 1679 4804 aed¹fl0⁸fi¹0fl⁰ffl
1692 4710 1757 4772 ΡΟ·
1811 4743 1812 4746 ¹

108 4820 271 4882 curratur
295 4820 337 4883 ad
363 4824 452 4885 5010,
479 4825 650 4887 ministros
672 4826 908 4901 provinciales,
965 4797 1046 4874 puli,
1058 4795 1288 4859 annuntiando
1307 4796 1358 4855 eis
1372 4793 1455 4856 vitia
1476 4792 1510 4854 et
1521 4793 1675 4860 mrtutes,
1687 4807 1759 4869 poe-

106 4917 293 4979 teneantur
301 4921 450 4996 praedicti
465 4921 585 4985 iratres
598 4921 637 4983 ad
654 4938 711 4983 eos
720 4938 907 4995 recurrere,
965 4909 1042 4958 nam
1055 4895 1088 4956 et
1106 4893 1260 4971 3¹⁰¹'iam’
1282 4907 1371 5000 ⁰⁰⁰¹,
1385 4890 1555 4999 hmvimte,
1572 4890 1756 4999 ⁵⁰rm⁰f¹i³³

108 5030 215 5092 quam
229 5016 328 5077 citius
343 5019 499 5094 poterunt
524 5020 597 5081 sine
622 5035 727 5081 mom·
749 5021 815 5096 Ipsi
830 5035 910 5081 vero
965 4993 1043 5070 quia
1070 4990 1209 5053 verbum
1238 4989 1467 5052 abbreviatum
1494 4986 1574 5050 iecit
1597 4990 1757 5048 Dominus

1 5131 2 5145 ¹
109 5111 273 5185 minIstri,
290 5114 319 5174 si
332 5115 612 5193 preshyterIsunt,
628 5133 703 5178 cum
718 5117 912 5180 misericor·
951 5089 1211 5176 ,superterram-

110 5207 172 5269 dia
197 5209 376 5286 injungant
400 5212 469 5273 illis
495 5215 741 5290 poenitentiam
773 5215 801 5275 si
830 5229 911 5276 vero
986 5253 1036 5310 De
1055 5250 1194 5310 admon,

109 5305 300 5383 presbyteri
324 5324 390 5369 non
412 5313 506 5383 sunt,
536 5309 666 5388 injungi
696 5311 821 5375 iaciant
853 5328 912 5390 per

111 5402 202 5463 elios
226 5406 416 5466 sacerdotes
432 5407 576 5480 Ordinis,
602 5408 689 5471 sicut
713 5409 762 5470 eis
792 5424 913 5471 secun·

112 5499 195 5560 dum
221 5501 337 5570 Deum,
356 5503 487 5564 melius
505 5504 673 5567 uidebitur
687 5507 856 5586 expedire.
875 5508 914 5568 Et
1008 5505 1154 5577 Fratres,
1180 5503 1236 5580 qni
1258 5504 1336 5565 sunt
1355 5489 1500 5565 ministri
1513 5504 1547 5564 et
1568 5502 1656 5564 servi
1674 5501 1759 5562 alio-

114 5611 236 5658 cavere
249 5597 379 5672 dehent,
397 5616 438 5662 ne
453 5601 642 5665 irascantur
666 5603 698 5664 et
713 5602 914 5665 conturben—
967 5619 1041 5664 rum
1069 5602 1221 5672 fratrum,
1238 5601 1376 5664 visitent
1401 5602 1434 5661 et
1458 5600 1614 5661 moneant
1640 5597 1759 5659 iratres

1196 5237 1287 5308 tiore
1303 5246 1337 5308 et
1350 5246 1563 5308 correctione
1576 5245 1742 5319 fratrum.

1268 5379 1404 5440 CAPUT
1418 5379 1459 5439 X.

260 5743 376 5788 caract.
388 5701 469 5788 ¹ntiae
486 5734 534 5794 til.
837 5729 838 5732 ’
1539 5731 1572 5785 lit
