4158 6380
318 279 376 340 111
753 280 808 340 nn
830 277 967 340 ornan
990 279 1023 338 s.
1046 277 1266 340 ranncrsor
1287 275 1514 338 nss1s1ar1s
1903 271 1963 337 loa
2050 240 2056 377 ᾗ

315 437 385 502 blto
416 437 635 515 disparentes,
660 437 862 513 evangelicae
894 435 1107 514 perfectionis
1161 449 1208 498 coc
1221 439 1276 498 hta
1289 437 1460 510 matrim
1473 439 1562 497 mets
1575 437 1844 506 minimarum
1858 437 1965 509 16611-
2057 421 2058 430 '

316 537 517 607 tortuositas,
534 535 693 612 quantum
707 534 748 595 ad
764 535 951 596 castitatem
966 533 1105 605 scilicet,
1162 533 1207 594 tta
1231 527 1376 610 (Matth,
1405 547 1488 604 xxa,
1517 529 1582 608 40).
1609 532 1798 594 Jucundum
1819 532 1963 608 proinde
2052 524 2056 537 '

316 634 536 696 obedientiam
560 633 593 694 et
616 634 857 708 paupertatem,
876 632 958 692 satis
980 646 1106 692 conve·
1162 629 1368 692 dicebatsub
1396 629 1537 691 fratrum
1559 629 1725 690 Minorum
1748 629 1846 690 titulo
1861 645 1964 690 men-
2051 698 2059 723 Ι

317 733 448 794 nieuter
461 728 657 800 ostenditur,
674 728 709 789 in
730 729 805 790 viro
829 729 888 791 Dei
908 729 981 806 pari
1003 728 1108 789 torma
1163 727 1287 800 dicare,
1298 741 1393 804 quem
1407 727 1442 787 in
1456 725 1675 788 retributione
1679 727 1847 804 justorum
1856 741 1965 787 evan-

315 828 460 908 perfecte
483 827 628 899 fulsisse,
646 827 725 890 licet
738 827 879 902 gloriari
900 826 1110 904 praeelegerit
1163 824 1279 899 gelicae
1313 824 1465 885 veritatis
1504 823 1663 898 Magister
1697 839 1756 884 ore
1798 837 1860 884 suo
1893 826 1963 884 tam
2051 830 2057 887 l

315 927 350 988 in
366 925 541 1002 privilegio
558 925 775 1002 paupertatis,
792 938 891 1000 quam
913 923 1010 984 modo
1033 939 1108 984 ma·
1164 922 1337 996 signanter
1350 919 1526 996 expressit.
1549 921 1586 980 lu
1602 919 1695 982 testis
1712 935 1844 998 quoque
1868 935 1963 996 prae-
2052 944 2058 1001 ·,

314 1025 412 1096 uem,
434 1021 532 1084 modo
557 1037 724 1098 sponsam,
748 1021 845 1082 modo
866 1020 1033 1082 dominam
1049 1035 1112 1080 uo-
1164 1018 1282 1094 cipuis,
1299 1017 1356 1077 ubi
1377 1017 1607 1094 opportunitas
1631 1017 1757 1090 aderat,
1771 1017 1967 1079 mendicare
2051 1036 2056 1107 3

314 1119 445 1182 minare
475 1118 615 1182 solebat.
643 1120 681 1179 ln
707 1118 771 1179 hac
796 1119 935 1180 caeteros
956 1117 1111 1194 cupiebat
1165 1115 1283 1176 solitus
1306 1116 1390 1187 erat,
1416 1114 1531 1176 dicens
1557 1115 1594 1178 111
1616 1116 1742 1177 sanctis
1759 1114 1965 1192 pauperibus
2052 1122 2057 1175 1

315 1216 489 1289 excedere,
506 1216 563 1293 qui
587 1231 630 1276 ex
653 1215 725 1292 ipsa
741 1214 903 1277 didicerat
916 1213 1110 1276 interiorem
1165 1213 1394 1289 propheticum
1408 1211 1492 1274 illud
1506 1213 1659 1288 impleri.
1675 1217 1815 1276 Panem
1825 1217 1969 1288 angelo·

316 1331 352 1376 se
367 1313 520 1376 omnibus
534 1313 702 1389 reputare
726 1312 762 1373 Si
785 1311 919 1388 quando
931 1327 1111 1388 pauperio-
1164 1312 1483 1372 mammonducaoit
1508 1313 1609 1372 homo
1633 1307 1964 1389 (.Psalcxxr11,25t

315 1427 387 1473 rem
411 1426 448 1472 se
476 1410 663 1488 quempiam
695 1409 877 1470 secundum
910 1407 1110 1470 exteriorem
1166 1405 1262 1469 lllum
1285 1421 1365 1468 sane
1389 1421 1508 1482 panem
1523 1405 1711 1483 angelicum
1726 1423 1801 1469 esse
1820 1406 1966 1476 dicebat,
2052 1344 2059 1477 1

315 1507 466 1570 habitum
500 1507 670 1578 cerneret,
707 1507 922 1583 semetipsum
957 1506 1110 1582 protinus
1166 1519 1263 1582 quem
1276 1519 1336 1581 pro
1350 1504 1411 1566 Dei
1424 1503 1562 1581 petitum
1577 1520 1701 1577 amore,
1715 1505 1869 1567 etbeatis
1883 1519 1969 1579 sug-

316 1621 461 1682 arguens
484 1603 653 1666 excitabat
674 1605 717 1666 ad
750 1603 872 1674 simile,
894 1604 1053 1680 tanquam
1079 1602 1110 1662 si
1165 1601 1357 1677 gerentibus
1380 1601 1511 1678 angelis
1528 1617 1588 1678 pro
1608 1602 1716 1678 ipsius
1737 1602 1879 1664 cantate
1894 1602 1969 1663 lar-

315 1704 435 1766 aemula
459 1703 654 1780 paupertate
677 1703 887 1774 concertans,
903 1701 995 1762 vinci
1007 1715 1046 1761 se
1060 1699 1109 1761 ti-
1165 1700 1280 1775 gnum,
1296 1701 1412 1760 sancta
1427 1699 1605 1775 paupertas
1619 1698 1748 1775 colligit
1761 1699 1926 1762 ostiatim.

315 1802 421 1864 meret
440 1801 475 1861 in
498 1800 569 1861 illo.
1207 1797 1300 1858 Unde
1321 1811 1396 1858 cum
1421 1796 1522 1857 semel
1545 1796 1581 1856 in
1602 1797 1657 1857 die
1685 1799 1802 1858 sancto
1826 1797 1970 1859 Paschae

354 1897 484 1960 Accidit
504 1897 593 1958 enim
615 1897 652 1959 ut
672 1894 910 1974 pauperculum
934 1895 1110 1973 quemdam
1166 1909 1293 1955 moram
1308 1893 1433 1956 fureret
1451 1894 1486 1954 in
1508 1893 1701 1956 eremitorio
1721 1894 1865 1972 quodam
1880 1895 1968 1956 adeo
2062 1966 2063 1980 .

315 1993 449 2056 obvium
464 1992 723 2065 haberetinvia,
735 1996 830 2068 cujus
839 2009 913 2055 cum
929 1993 1111 2054 nuditatem
1166 1990 1207 2052 ab
1218 1990 1390 2052 hominum
1401 1990 1606 2053 habitatione
1618 1993 1757 2065 remoto,
1767 1992 1854 2070 quod
1865 2007 1966 2054 com·
2062 2053 2063 2084 ¹

315 2093 492 2169 aspiceret,
519 2092 736 2166 compunctus
758 2091 876 2162 corde,
903 2088 1112 2151 lamentabili
1166 2089 1263 2150 mode
1284 2088 1475 2150 mendicare
1489 2103 1557 2149 nou
1575 2089 1697 2166 posset,
1714 2105 1841 2150 memor
1855 2089 1965 2161 illius,
2056 2089 2063 2163 ,¹

314 2189 490 2252 vocedixit
501 2189 543 2249 ad
554 2188 679 2250 socium
693 2189 866 2264 :Magnam
876 2187 1111 2248 verecundiam
1167 2186 1223 2264 qui
1239 2185 1415 2262 discipulis
1430 2185 1586 2246 euntibus
1601 2187 1635 2246 in
1650 2189 1805 2247 Emmaus
1820 2187 1895 2263 ipso
1910 2187 1967 2248 die

314 2287 429 2348 intulit
450 2285 546 2347 nobis
575 2285 673 2363 hujus
700 2285 827 2361 inopia,
856 2285 935 2362 quia
960 2299 1022 2346 nos
1051 2299 1111 2360 pro
1166 2283 1202 2343 in
1217 2283 1328 2359 specie
1342 2283 1510 2359 peregrini
1530 2284 1696 2361 apparuit,
1717 2283 1759 2344 ab
1781 2283 1865 2360 ipsis
1887 2283 1965 2344 ira-

314 2384 445 2459 magnts
471 2383 598 2445 divitiis
620 2384 849 2459 paupertatem
877 2381 1051 2458 eligemus,
1079 2381 1113 2443 et
1166 2379 1273 2441 tribus
1284 2378 1530 2457 eleemosynam
1541 2380 1638 2456 petiit
1656 2381 1693 2441 ut
1704 2381 1915 2457 peregrinus,
1929 2383 1965 2442 et

315 2496 393 2543 ecce
407 2481 514 2556 magis
529 2481 655 2542 relucet
677 2479 711 2540 in
733 2479 808 2542 isto.
831 2481 971 2556 Propter
985 2479 1112 2540 sancta
1167 2493 1303 2554 pauper.
1336 2479 1440 2550 Quam
1464 2492 1539 2538 cum
1565 2477 1750 2554 accepisset
1775 2478 1965 2551 humiliter,

316 2577 522 2656 paupertatis
549 2592 710 2642 amorem¹
725 2576 961 2652 omnipotentis
980 2577 1041 2637 Dei
1060 2575 1113 2636 ia·
1167 2575 1272 2636 sacris
1296 2589 1353 2636 eos
1379 2573 1571 2636 informavit
1592 2575 1744 2653 eloquiis,
1758 2575 1845 2652 quod
1867 2578 1969 2637 tran·

316 2674 438 2746 mulus,
468 2674 691 2750 eleemosynis
708 2673 854 2734 ostiatim
870 2673 1113 2751 1166111116-
1167 2673 1303 2732 seuntes
1341 2686 1402 2748 per
1432 2671 1548 2734 mundi
1583 2671 1769 2744 desertum,
1802 2673 1967 2750 tanquam

315 2771 413 2834 batur
445 2771 547 2832 multo
583 2763 750 2842 libentius,
775 2785 874 2847 quam
909 2768 1040 2831 oblatis.
1077 2768 1112 2830 Si
1167 2767 1352 2844 peregrini,
1388 2770 1421 2830 et
1453 2767 1608 2839 advenae,
1644 2769 1781 2846 verique
1816 2769 1966 2838 liebraei,

318 2868 452 2947 quando
475 2869 563 2930 enim
587 2868 747 2930 invitatus
766 2884 786 2930 a
802 2867 932 2946 magnis
947 2868 1110 2946 personis,
1167 2865 1297 2928 Pascha
1312 2865 1455 2935 Domini,
1472 2864 1535 2928 boc
1554 2867 1615 2937 est,
1631 2866 1809 2927 transitum
1833 2881 1878 2928 ex
1901 2867 1968 2928 hoc

316 2967 441 3030 mensis
477 2968 565 3028 esset
597 2966 843 3043 profusioribus
880 2966 1111 3038 honorandus,
1169 2963 1292 3024 mundo
1316 2962 1358 3023 ad
1384 2965 1529 3035 Patrem,
1554 2963 1589 3024 in
1609 2965 1804 3040 paupertate
1824 2963 1968 3040 spiritus

316 3063 412 3143 prius
440 3079 500 3142 per
536 3064 738 3142 propinquas
769 3064 959 3126 vicinorum
997 3063 1113 3126 domos
1168 3060 1778 3137 coutinuecelebrarent.thuoniam
1793 3061 1829 3122 in
1843 3065 1968 3139 paten-

316 3177 440 3239 panum
468 3160 654 3236 fragmenta
683 3158 826 3236 petebat,
850 3175 891 3220 ac
919 3158 1039 3220 deinde
1065 3159 1113 3220 sic
1168 3157 1222 3218 dis
1238 3157 1458 3235 eleemosynis
1474 3173 1541 3219 non
1555 3161 1703 3234 quoestus
1724 3157 1886 3234 agebatur
1900 3175 1967 3221 cu-

316 3258 440 3320 ditatus
470 3258 585 3334 inopia
610 3255 847 3318 discumbebat.
883 3258 923 3318 Et
944 3272 1018 3318 cum
1044 3256 1112 3317 ali·
1168 3256 1293 3332 pidine,
1308 3255 1366 3316 sed
1386 3255 1524 3331 spiritus
1547 3255 1700 3318 libertate
1722 3257 1817 3332 pater
1831 3271 1966 3334 paupe-

315 3355 448 3432 quando
463 3353 495 3414 id
511 3354 656 3441 lecisset,
671 3355 832 3416 inritatus
846 3369 866 3415 a
882 3353 1017 3414 domiuo
1032 3356 1114 3414 Hos·
1167 3368 1253 3424 rum,
1271 3355 1358 3414 Deus
1371 3351 1549 3429 specialem
1562 3351 1602 3413 de
1615 3353 1687 3430 ipso
1708 3367 1822 3414 curam
1844 3369 1967 3430 gerere

315 3453 436 3522 tiense,
450 3452 507 3528 qul
522 3467 701 3529 pauperem
712 3451 834 3512 Christi
847 3452 1017 3528 praecipuo
1027 3465 1114 3512 com·
1168 3449 1353 3511 videbatur.

315 3546 514 3627 plexabatur
538 3549 671 3621 affectu,
699 3549 915 3626 conquerenti
944 3548 1110 3626 episcopo,
1205 3547 1336 3608 Accidit
1349 3547 1438 3608 enim
1460 3547 1561 3608 semel
1577 3548 1613 3608 ut
1628 3545 1821 3610 infirmitate
1835 3563 1963 3625 grava·

316 3645 402 3724 quod
425 3661 486 3708 suo
509 3647 702 3722 derogasset
716 3647 847 3719 honori,
865 3647 977 3724 utpote
992 3647 1060 3722 qui,
1078 3647 1112 3706 in
1167 3644 1221 3704 tus
1236 3644 1366 3705 Domini
1382 3659 1509 3716 servus,
1525 3645 1560 3705 in
1583 3645 1656 3706 loco
1671 3645 1835 3717 Noceriae,
1854 3643 1963 3707 redu-

315 3747 389 3821 ejus
416 3745 625 3806 comesturus
651 3743 759 3815 domn,
792 3759 852 3820 pro
891 3743 1113 3820 eleemosynis
1168 3743 1299 3802 caretur
1312 3743 1475 3803 assisium
1491 3757 1550 3818 per
1568 3741 1733 3804 solemnes
1755 3743 1903 3815 nuutios,
1919 3743 1962 3804 ad

315 3842 409 3913 isset,
439 3855 562 3903 servus
583 3841 642 3902 Dei
671 3841 1048 3918 responditznlagnum,
1067 3841 1112 3901 mi
1168 3837 1231 3898 hoc
1258 3838 1456 3900 assisinatis
1489 3839 1603 3915 populi
1633 3839 1810 3902 devotione
1842 3840 1960 3902 hans-

315 3940 465 4006 Domine.
479 3939 574 4002 vobis
590 3940 750 4001 honorem
770 3939 920 4010 exhibui,
943 3940 1020 4001 dum
1035 3955 1111 4001 ma·
1167 3936 1298 3996 missos.
1324 3937 1387 4008 Qui
1413 3936 1536 3998 Christi
1565 3937 1725 3998 famulum
1749 3937 1963 4010 deducentes,

311 4040 419 4114 joram
433 4040 608 4098 Dominum
622 4037 798 4099 honorari.
817 4037 985 4114 Siquidem
1005 4037 1111 4098 bene-
1167 4033 1208 4094 ad
1235 4033 1351 4094 villam
1378 4033 1555 4109 quamdam
1578 4033 1784 4097 devenerunt
1815 4050 1963 4112 pauper·
2064 4089 2065 4104 ,

314 4136 472 4210 placitum
496 4137 547 4198 est
573 4135 713 4195 Domino
740 4133 773 4195 in
797 4135 1003 4210 paupertate,
1025 4135 1058 4195 et
1072 4149 1112 4195 ea
1167 4131 1288 4202 culam,
1301 4131 1434 4192 nomine
1446 4132 1662 4193 sarthianum
1677 4147 1684 4192 :
1701 4132 1758 4193 ubi
1770 4147 1845 4193 cum
1857 4133 1964 4194 tames
2064 4131 2065 4144 ³

314 4231 472 4298 maxime,
488 4247 562 4308 quae
583 4231 772 4292 voluntaria
787 4247 847 4306 pro
867 4231 999 4292 Christo
1020 4247 1113 4292 men·
1167 4228 1301 4289 ethera
1322 4227 1431 4288 cibum
1450 4229 1656 4305 expeterent,
1677 4231 1805 4304 euntes,
1827 4231 1860 4292 et
1876 4229 1962 4292 nihil

186 4327 190 4336 “
314 4323 433 4385 dicitas
447 4325 506 4386 est.
522 4326 616 4384 Hanc
633 4323 828 4400 dignitatem
839 4325 997 4400 regalem,
1013 4339 1112 4400 quam
1167 4325 1376 4387 invenientes
1412 4327 1542 4398 venale,
1570 4326 1668 4388 vacui
1700 4327 1883 4388 redierunt.
1912 4328 1962 4389 Ad

314 4437 375 4499 pro
391 4420 486 4482 nobis
502 4421 660 4482 Dominus
677 4423 914 4497 lesusegenus
929 4420 1035 4482 iactus
1051 4437 1110 4482 as·
1166 4437 1249 4499 quos
1279 4423 1333 4483 vir
1358 4425 1493 4484 sanctus
1521 4445 1529 4484 1
1557 4423 1634 4484 Ideo
1661 4423 1746 4484 nihil
1772 4425 1960 4494 invenistis,

315 4517 466 4594 sumpsit,
490 4519 526 4577 ut
542 4532 602 4577 sua
626 4531 686 4576 nos
702 4516 823 4578 ditaret
838 4516 962 4594 inopia,
976 4531 1015 4578 ac
1030 4533 1111 4578 vere
1166 4522 1244 4597 quia
1269 4520 1343 4597 plus
1364 4520 1399 4580 in
1419 4521 1543 4582 muscis
1565 4522 1698 4593 vestris,
1719 4537 1818 4598 quam
1834 4522 1870 4584 in
1892 4525 1962 4583 Do·

314 4615 613 4692 pauperesspiritu
630 4613 901 4689 regnicoelorum
923 4615 1109 4690 regesins-
1165 4618 1255 4678 mino
1282 4617 1460 4678 confiditis.
1485 4619 1618 4679 Muscas
1653 4634 1771 4696 nempe
1804 4619 1962 4682 denarios

312 4713 451 4775 titueret
478 4714 512 4776 et
537 4712 703 4784 haeredes,
725 4710 803 4773 nolo
835 4711 1025 4789 relinquere
1050 4730 1111 4790 pro
1164 4715 1306 4776 vocavit.
1334 4715 1396 4776 sed
1420 4716 1639 4787 revertimini,
1667 4717 1726 4788 ait,
1752 4731 1812 4792 per
1832 4717 1961 4790 domos,

313 4809 413 4872 leudo
435 4809 628 4872 divitiarum
651 4809 812 4871 salsarum
826 4810 921 4871 vobis
936 4811 977 4872 ad
993 4810 1109 4872 horam
1165 4827 1246 4888 quos
1257 4813 1437 4884 circuistis,
1448 4815 1481 4875 et
1491 4829 1637 4874 amorem
1646 4815 1706 4875 Dei
1717 4813 1897 4876 offerentes
1908 4813 1956 4895 (1)

313 4923 484 4968 concesso.
507 4909 754 4984 Nonnunquam
781 4906 901 4970 iratres
925 4909 966 4969 ad
991 4910 1109 4985 peten·
1164 4925 1224 4986 pro
1246 4912 1364 4987 pretio,
1386 4909 1558 4972 humiliter
1579 4911 1822 4996 eleemosynam
1843 4916 1962 4989 postu-

312 5005 390 5067 dum
414 5007 660 5082 eleemosynam
687 5004 836 5078 hermus,
853 5006 965 5068 verbis
988 5006 1107 5068 uteba-
1163 5007 1240 5068 late.
1258 5009 1327 5069 Nec
1341 5007 1426 5070 laisa
1444 5007 1478 5068 id
1499 5008 1720 5069 aestimatione
1735 5007 1961 5070 verecundum

311 5105 367 5162 tur
389 5101 601 5178 hujusmodi:
618 5105 683 5173 lte,
711 5103 837 5180 inquit,
867 5105 1023 5181 quoniam
1045 5104 1109 5164 hac
1164 5104 1285 5180 putetis
1299 5107 1358 5166 aut
1372 5105 1450 5172 vile,
1466 5106 1625 5182 quoniam
1639 5105 1796 5168 universa
1813 5106 1847 5166 in
1863 5106 1958 5168 elee-

312 5298 389 5358 sunt
403 5296 536 5369 mundo,
554 5299 589 5359 ut
603 5297 699 5359 electi
716 5299 750 5359 in
766 5299 815 5360 eis
830 5299 1001 5375 impleant,
1021 5297 1109 5358 unde
1164 5299 1448 5377 eleemosynarius
1469 5299 1528 5362 ille
1546 5315 1686 5375 magnus
1709 5301 1864 5376 largiflua
1884 5303 1961 5378 pie-

310 5409 330 5454 a
352 5393 468 5471 judice
504 5397 789 5468 commendentur,
823 5395 904 5456 illud
934 5395 1107 5456 audientes
1161 5399 1229 5460 tate
1263 5399 1438 5460 concessit.
1478 5400 1654 5474 Deponunt
1693 5398 1958 5460 erubescentiam

309 5492 544 5554 suavissimum
559 5494 713 5554 verbum:
728 5493 1031 5568 Quondtascctstts
1046 5499 1108 5556 ron
1163 5496 1296 5566 milites,
1324 5499 1357 5558 et
1380 5497 1625 5574 eleemosynam
1652 5497 1770 5573 sponte
1796 5498 1958 5573 petentes,

344 5607 385 5680 (l)
402 5608 467 5664 Cot.
484 5607 549 5664 adit.
565 5607 720 5665 offerentis.
