4118 6390
322 331 407 393 1207
748 331 782 390 S.
808 327 983 389 ANTONII
1014 327 1202 389 PADUANI
1233 327 1371 387 OPERA
1401 325 1548 386 OMNIA.
1902 321 1980 381 leus

321 505 388 550 non
409 489 593 566 quiescam,
611 487 716 549 donec
740 487 934 564 egrediatur
948 487 984 548 ut
998 485 1114 562 splen·
1169 499 1250 560 gere
1264 483 1591 546 iacislsbucilerum
1601 481 1710 552 vocat,
1723 495 1825 558 quem
1836 479 1871 542 et
1883 481 1978 557 prius

320 587 381 648 dor
391 587 502 662 justus
518 587 602 662 eJ'us,
619 586 652 647 et
674 585 829 647 Salvator
843 588 916 661 ejus
932 585 969 646 ut
987 583 1115 660 lampas
1169 579 1978 668 auroram,scilicetJoannem,quiproductusest

321 682 531 744 accendatur.
547 700 566 741 ›
581 685 619 742 ln
634 682 786 758 lampade
801 683 865 743 tria
885 686 973 752 sunt,
989 680 1113 747 lumen,
1169 680 1204 740 in
1215 696 1275 740 suo
1290 681 1450 756 tempore,
1462 680 1497 739 in
1511 679 1578 740 tine
1590 677 1722 738 scilicet
1736 676 1836 750 legis,
1852 677 1889 737 et
1904 679 1978 736 ortu

320 779 454 851 vitrum,
471 781 504 841 et
518 780 637 840 oleum.
662 783 788 840 Lumen
803 780 854 841 est
870 777 1041 848 divinitae,
1057 776 1114 838 ri·
1168 777 1297 852 gratiae.
1315 780 1361 837 De
1376 777 1439 838 hoc
1454 775 1608 836 Lucifero
1618 773 1781 834 habemus
1791 773 1980 834 Ecclesias-

319 875 407 936 trum
436 875 637 948 humanitas,
674 876 783 936 oleum
819 875 940 950 gratia,
970 890 1043 951 quae
1078 873 1114 934 in
1169 873 1228 934 tici
1241 871 1679 952 (50,6et7):‹Quasistella
1690 871 1982 932 matutinainme·

320 972 451 1033 christo
464 972 564 1032 simul
579 971 725 1034 luerunt.
1169 973 1224 1034 dio
1239 970 1382 1040 nebulae,
1397 973 1431 1033 et
1446 971 1543 1047 quasi
1565 969 1645 1032 luna
1669 969 1769 1046 plena
1789 969 1828 1028 in
1857 967 1978 1029 diebus

360 1069 510 1129 Lucerna
535 1069 636 1130 etiam
652 1067 728 1140 ista,
753 1083 827 1145 quae
851 1067 982 1129 Christo
997 1065 1114 1144 parata
1169 1072 1239 1132 suis
1268 1069 1368 1140 lucet,
1395 1069 1429 1129 et
1452 1067 1549 1145 quasi
1568 1067 1618 1128 sol
1638 1066 1811 1141 refulgens
1837 1067 1892 1127 sic
1922 1066 1983 1126 ille

318 1165 379 1235 est,
405 1163 528 1226 dicitur
553 1167 700 1227 loannes
726 1165 886 1242 Baptista,
914 1164 955 1224 de
984 1179 1049 1241 quo
1076 1164 1112 1223 in
1168 1167 1301 1229 refulsit
1315 1167 1350 1227 in
1365 1165 1488 1242 templo
1511 1166 1613 1226 Dei.»
1633 1167 1781 1226 loannes
1794 1179 1980 1240 compara-

319 1261 502 1337 Evangelio
518 1259 628 1340 (toan.
655 1263 685 1333 5,
701 1261 755 1341 35)
772 1278 779 1321 :
795 1265 856 1322 Ille
877 1262 955 1322 erat
973 1265 1115 1322 lucerna
1167 1266 1222 1327 tur
1247 1263 1414 1334 Lucifero,
1444 1262 1515 1324 sive
1541 1261 1647 1323 stellae
1674 1261 1865 1332 matutinae,
1900 1261 1980 1336 quia

288 1387 295 1404 ·
319 1361 457 1430 ardens,
473 1360 647 1420 6111166113·
664 1361 742 1420 Haec
757 1359 1032 1420 missaestabeo
1048 1359 1115 1418 Pa·
1168 1361 1256 1426 sicut
1284 1361 1381 1422 stella
1410 1359 1468 1421 illa
1495 1359 1625 1420 noctem
1647 1358 1820 1431 terminat,
1841 1359 1876 1418 et
1889 1357 1981 1418 diem

318 1456 382 1528 tre,
399 1457 436 1517 ut
453 1456 544 1518 viam
563 1457 697 1532 pararet
716 1455 859 1526 Christe,
884 1455 971 1516 sicut
992 1454 1115 1515 dicitur
1168 1457 1315 1530 inchoat,
1354 1459 1388 1519 et
1419 1455 1574 1518 omnihus
1600 1454 1706 1518 stellis
1734 1455 1979 1517 recedentibus

318 1551 495 1614 Malachiae
511 1551 554 1630 (3,
572 1551 604 1631 1)
623 1556 755 1614 :cEcce
770 1567 831 1628 ego
847 1553 941 1614 mitto
956 1551 1113 1626 angelum
1168 1571 1235 1617 non
1261 1555 1388 1616 recedit
1415 1554 1501 1631 ipsa,
1528 1553 1635 1614 donec
1659 1552 1765 1613 solem
1788 1553 1975 1613 ostendat:

319 1665 440 1718 meum,
468 1651 501 1712 et
534 1649 738 1728 praeparabit
766 1651 855 1711 viam
888 1651 966 1711 ante
993 1649 1113 1710 faciem
1168 1653 1218 1713 sic
1230 1655 1263 1713 et
1275 1654 1423 1714 loannes
1438 1651 1545 1726 legem
1560 1650 1765 1720 terminavit,
1779 1651 1815 1710 et
1828 1650 1977 1725 gratiam

318 1761 439 1807 meam.
456 1765 474 1806 s
489 1749 567 1808 Haec
582 1747 719 1810 lucerna
734 1746 797 1808 fuit
813 1762 955 1808 aceensa
967 1747 1002 1806 in
1018 1748 1113 1808 utero
1166 1747 1350 1822 inchoavit,
1362 1750 1396 1810 et
1408 1746 1560 1809 omnihus
1569 1745 1742 1824 prophetis
1755 1762 1819 1822 per
1832 1749 1978 1807 mortem

318 1844 435 1904 matris
472 1861 532 1920 per
571 1843 869 1905 sanctificationem
892 1844 1111 1913 :licentiavit
1167 1845 1400 1908 recedentibus
1413 1845 1484 1922 ipse
1495 1859 1561 1906 non
1572 1844 1724 1914 recessit,
1736 1843 1978 1906 donecrerum

319 1940 439 2016 inquit,
451 1943 611 2014 infanstn
621 1941 803 2002 uteromeo
813 1939 871 2019 (1).
882 1940 1041 2018 Exposita
1052 1939 1115 2000 luit
1167 1943 1282 2016 solem,
1298 1943 1384 2004 idest
1394 1943 1576 2013 Christum,
1592 1941 1698 2017 digito
1713 1941 1976 2002 demonstravit.

319 2037 354 2098 in
370 2036 499 2099 deserto
514 2053 574 2113 per
586 2037 876 2114 praedicationem
892 2037 1000 2098 unde:
1017 2041 1114 2098 Puer
1169 2041 1272 2102 Stella
1294 2041 1394 2102 etiam
1419 2039 1479 2100 illa
1501 2038 1704 2102 dormientes
1723 2037 1868 2112 excitat,
1886 2055 1978 2099 som-

317 2133 626 2206 autemcrescebat,
643 2136 1113 2209 eteonsortobotursptrttu:
1167 2137 1321 2199 nolentos
1356 2138 1539 2214 increpat:
1566 2135 1615 2197 sic
1641 2137 1675 2197 et
1695 2138 1862 2198 Joanues.
1893 2136 1979 2196 Audi

317 2233 352 2294 et
373 2231 450 2292 erat
465 2235 501 2291 tn
531 2232 679 2293 desertis
702 2247 809 2306 usque
832 2234 869 2292 in
884 2233 976 2292 ritem
993 2231 1112 2292 osteo·
1168 2233 1404 2295 excitationem
1433 2232 1693 2294 dormientium:
1711 2235 1786 2306 Epo
1809 2247 1890 2293 vom
1904 2239 1977 2293 cla-

318 2327 765 2407 stonissuceadlsraet(2).
783 2329 937 2390 Extincto
952 2326 1114 2389 luitmar·
1167 2331 1297 2391 maritis
1320 2333 1357 2392 tn
1383 2331 1520 2392 deserto
1537 2347 1548 2389 .·
1566 2330 1717 2405 Dtrtptte
1732 2333 1833 2390 viam
1849 2333 1978 2391 Domi-

316 2425 404 2502 tyrio
443 2442 503 2502 per
539 2426 658 2502 capitis
693 2426 969 2502 amputationem
1000 2425 1111 2485 unde:
1167 2430 1205 2488 ni
1220 2425 1314 2506 (5).»
1339 2427 1425 2488 Audi
1441 2425 1703 2503 increpationem
1725 2426 1977 2488 somnolentis:

317 2523 421 2584 Misso
434 2523 636 2600 spiculatore
652 2523 810 2600 praecepit
828 2523 977 2584 Herodes
992 2537 1112 2598 ampu-
1167 2528 1350 2586 Gerrtmmc
1376 2527 1592 2599 viperarum,
1614 2526 1691 2598 quts
1707 2537 1770 2585 uos
1787 2525 1911 2585 decern
1931 2522 1977 2602 (6)

317 2618 383 2681 tari
398 2622 497 2695 capnt
506 2617 565 2698 (3).
580 2618 780 2692 Notandum,
796 2618 881 2695 quod
896 2619 982 2680 siout
991 2634 1112 2680 aurora
1166 2625 1289 2698 supere
1301 2637 1323 2683 α
1335 2623 1486 2684 ventura
1499 2623 1574 2682 irat
1591 2623 1673 2682 lam
1694 2623 1836 2682 securis
1854 2625 1904 2682 ad
1920 2638 1979 2682 ro·

317 2715 476 2792 precedit
490 2716 590 2786 diem,
607 2717 656 2777 sic
669 2719 688 2779 J
691 2731 817 2777 oannes
826 2715 1009 2790 Christum3
1025 2715 1112 2776 unde
1167 2721 1276 2780 dicem
1285 2721 1421 2781 arboris
1435 2716 1482 2798 (7)
1496 2719 1610 2792 postte
1622 2719 1675 2779 est
1690 2715 1756 2796 (8).

317 2813 455 2874 lucerna
476 2813 634 2891 praecedit
648 2814 851 2890 sequentem.
877 2816 950 2890 lpse
965 2815 1112 2875 loannes
1206 2816 1283 2878 Fuit
1297 2817 1397 2878 etiam
1412 2819 1560 2878 loannes
1577 2815 1674 2892 quasi
1687 2815 1787 2876 stella
1804 2815 1845 2875 in
1862 2815 1976 2876 medic

317 2925 440 2972 aurora
462 2909 598 2986 dicitur;
620 2910 707 2972 unde
727 2909 789 2974 Joh
808 2909 870 2988 (38,
893 2909 965 2990 12):
982 2927 1001 2970 c
1016 2912 1112 2971 Nun·
1166 2911 1308 2987 nebulae,
1333 2912 1420 2975 idest
1442 2911 1636 2989 temporalis
1655 2911 1790 2988 gloriae,
1807 2913 1846 2972 et
1860 2913 1976 2972 excel-

317 3007 394 3085 quid
411 3008 485 3084 post
499 3009 607 3069 ortum
625 3009 717 3070 tuum
736 3009 924 3084 precepisti
950 3005 1109 3078 diluculo,
1165 3007 1292 3084 lentie,
1311 3013 1406 3085 eujus
1426 3008 1496 3071 vita
1511 3011 1658 3082 austera,
1670 3007 1765 3069 cibus
1781 3007 1899 3069 mellis
1916 3009 1976 3068 sil-

316 3106 350 3165 et
374 3105 548 3167 ostendisti
572 3120 704 3168 aurorae
726 3105 836 3166 locum
851 3120 959 3166 suum.
977 3121 995 3164 s
1010 3107 1110 3166 Ortus
1164 3105 1343 3168 nostriset
1366 3107 1582 3179 locustarum,
1605 3105 1740 3167 habitus
1753 3121 1853 3166 zonae
1868 3105 1975 3182 pelli-

316 3201 632 3262 Christisecundum
646 3201 854 3262 divinitatem
865 3201 1110 3263 ortusaeternus
1166 3217 1233 3264 oeae
1247 3203 1289 3264 de
1306 3203 1384 3280 pilis
1400 3203 1602 3264 camelorum
1619 3200 1679 3281 (9),
1700 3200 1864 3262 nebulam
1886 3203 1975 3264 tem-

316 3299 388 3359 est:
406 3299 498 3359 ortus
511 3313 591 3359 vero
606 3299 746 3360 loannis
763 3297 955 3375 temporalis
967 3301 1037 3373 est;
1054 3297 1110 3375 qui
1165 3300 1292 3376 poralis
1306 3299 1648 3375 glorlaedlsgregavit.
1663 3301 1757 3360 Luna
1771 3314 1859 3360 vero
1870 3299 1973 3374 plena

316 3397 409 3457 ortus
430 3410 491 3473 per
516 3394 698 3456 diluculum
723 3396 886 3472 signatur,
917 3396 993 3474 quia
1025 3395 1112 3459 siout
1165 3395 1383 3474 luit,quando
1398 3413 1457 3473 per
1471 3396 1584 3458 radios
1599 3395 1855 3473 predicationis
1871 3398 1972 3458 tene-

316 3491 498 3554 dilueulum
514 3493 672 3570 praecedit
687 3493 802 3565 solem,
820 3493 868 3554 sic
889 3496 1036 3556 loannes
1052 3509 1110 3554 or·
1163 3493 1241 3555 bras
1250 3495 1459 3570 ignorantiae,
1472 3496 1505 3556 et
1515 3493 1675 3555 caecitatis
1683 3492 1850 3555 excussit.
1865 3494 1972 3566 Quasi

315 3590 385 3653 tum
414 3591 547 3664 Christi,
564 3592 622 3669 qui
637 3591 687 3653 est
708 3591 758 3654 sol
769 3591 910 3668 justitiae
929 3591 1109 3652 secundum
1165 3591 1215 3653 sol
1237 3591 1342 3668 iulget
1356 3591 1391 3652 in
1405 3591 1528 3668 templo
1548 3589 1618 3662 Dei,
1636 3591 1798 3667 quiajam
1811 3595 1975 3668 sumptus
2052 3639 2053 3642 ,

315 3688 568 3750 humanitatem.
600 3689 764 3766 Praecepit
786 3704 866 3766 ergo
881 3691 980 3761 Deus,
997 3689 1031 3750 et
1050 3703 1109 3750 os·
1165 3688 1206 3749 ad
1222 3690 1380 3750 aeternam
1395 3687 1556 3766 requiem,
1581 3688 1719 3764 praemio
1735 3685 1847 3762 fulget
1860 3689 1972 3750 mira-

314 3786 421 3848 tendit
436 3801 567 3848 aurorae
589 3786 699 3848 locum
723 3803 820 3847 suum
847 3801 921 3848 cum
948 3787 1110 3848 loannem
1164 3786 1225 3847 bili
1241 3783 1321 3865 (10).
1340 3785 1495 3862 Sequitur
1509 3786 1546 3846 in
1559 3785 1621 3847 Job
1639 3805 1646 3845 :
1662 3784 1701 3846 nt
1715 3787 1908 3862 vesperum
1922 3802 1973 3845 su-

315 3883 424 3945 ortum
451 3899 546 3944 suum
574 3884 765 3960 praecedere
788 3882 877 3956 tecit,
899 3883 935 3945 ut
952 3883 1110 3960 tanquam
1165 3897 1225 3960 per
1239 3882 1326 3943 tilios
1347 3884 1447 3944 terrae
1467 3897 1670 3957 consurgere
1683 3879 1781 3942 lacis.
1798 3883 1973 3958 vesperus

314 3995 436 4040 aurora
458 3979 629 4041 devideret
658 3981 787 4042 noctem
811 3979 895 4056 legis
919 3995 939 4040 a
959 3980 1012 4040 die
1027 3995 1109 4056 gra·
1165 3979 1617 4050 eststelladiemterminans,
1627 3979 1801 4040 etnoctem
1811 3979 1969 4040 initians.

314 4077 382 4138 tiae.
414 4076 475 4138 Vel
504 4082 597 4139 loeus
622 4076 720 4139 aliter
745 4078 854 4153 potest
878 4077 1032 4154 intelligi.
1065 4080 1110 4138 De
1165 4077 1227 4138 Hic
1238 4077 1288 4138 est
1302 4077 1466 4149 diabolus,
1482 4075 1651 4154 quisuper
1661 4075 1748 4136 lilios
1759 4077 1879 4147 terrae,
1894 4077 1972 4137 illos

315 4174 445 4235 loanne
486 4171 574 4231 enim
615 4171 738 4250 dieitur
773 4170 820 4250 (1)
855 4174 984 4234 :Inter
1010 4174 1111 4234 natos
1165 4173 1306 4247 scilicet,
1320 4175 1378 4251 qui
1390 4177 1524 4236 terrena
1540 4175 1702 4251 quaerent,
1717 4187 1787 4234 non
1802 4173 1969 4246 coelestia,

314 4271 501 4330 mulierum
528 4283 597 4329 non
634 4272 795 4330 surreoett
826 4272 942 4342 mutor
977 4273 1110 4332 Joanne
1166 4270 1287 4332 divinae
1298 4271 1415 4346 gratia
1428 4269 1740 4342 terminatdiem,et
1751 4271 1888 4332 noctem
1899 4285 1974 4349 pec-
2051 4341 2052 4344 Ἴ

314 4365 490 4440 auplicem
513 4366 546 4427 et
574 4365 684 4427 statim
712 4364 890 4427 subditur:
914 4369 978 4433 Oret
993 4368 1110 4428 cotem
1166 4368 1231 4429 cati
1244 4367 1420 4430 ministrat.

315 4467 433 4525 nctnor
451 4464 503 4526 est
533 4467 570 4524 tn
590 4478 698 4539 reque
721 4467 902 4538 eoeloruru,
924 4467 1040 4538 molor
1060 4466 1112 4526 est

314 4575 365 4633 eo,
382 4560 468 4621 idest
494 4561 656 4622 Christus.
685 4560 747 4621 Hic
771 4561 821 4622 est
847 4561 939 4622 locus
966 4575 1110 4636 aurorae,

315 4657 456 4720 loannis
469 4657 636 4728 videlicet,
651 4659 687 4720 ut
702 4656 780 4720 licet
794 4658 839 4720 sit
848 4657 957 4720 minor
967 4659 1109 4731 Christe,

315 4755 468 4817 omnibus
481 4755 558 4816 aliis
574 4756 618 4817 sit
631 4756 703 4832 ipse
719 4759 837 4832 major.

355 4854 436 4915 Item
460 4852 501 4913 de
522 4853 638 4914 eodem
661 4853 696 4913 in
724 4853 840 4915 eodem
866 4852 928 4915 Joh
949 4851 1013 4930 (38,
1031 4851 1109 4932 32):
1239 4857 1243 4866 “

312 4931 504 5029 c'Nunquid
519 4950 677 5028 producis
697 4950 888 5013 Luciferum
908 4951 943 5012 in
963 4953 1111 5027 tempore

314 5071 387 5125 suo,
404 5057 437 5118 et
450 5059 634 5134 Vesperum
647 5072 749 5134 super
763 5057 850 5119 lilios
861 5058 960 5118 terrae
976 5071 1112 5118 consur·

351 5310 392 5380 (1)
407 5311 491 5367 Luce
510 5313 536 5381 1,
553 5313 596 5370 tt.
1202 5311 1244 5380 (6)
1261 5311 1347 5384 vulg.
1363 5327 1369 5368 :
1386 5310 1511 5369 ostendit
1523 5311 1613 5370 vobis.

351 5381 395 5452 (1)
410 5379 493 5448 lbid.,
511 5382 536 5450 1,
549 5383 595 5439 80.
1204 5383 1244 5452 (7)
1265 5382 1350 5454 vulg.
1368 5381 1534 5440 :arborum

264 5475 270 5488 ι
351 5451 593 5524 enneminta
1204 5453 1246 5522 (Β)
1267 5454 1336 5510 Luc.
1351 5453 1376 5520 3,
1392 5453 1482 5510 letti.

352 5525 394 5592 (1)
410 5521 510 5582 blatth.
530 5523 572 5586 11.
588 5524 630 5580 11.
1201 5524 1243 5594 (9)
1256 5524 1341 5581 iteret
1354 5524 1379 5593 1,
1391 5524 1417 5580 e.

352 5595 394 5665 (5)
414 5596 497 5654 toan.
516 5596 541 5666 l,
558 5593 602 5652 23.
1203 5595 1264 5664 (10)
1279 5595 1400 5664 Lucet,
1416 5592 1481 5652 3ad
1497 5593 1540 5651 18.

2049 4463 2051 4544 t
