4152 6388
161 265 230 328 3³⁷

163 435 240 500 por,
257 419 356 500 atque
375 437 418 484 ex
440 419 518 486 laxa
535 423 741 502 indulgentia
754 439 821 488 non
836 435 959 502 prove-

162 519 240 580 niat
262 519 436 581 dissolutio
463 521 668 598 disciplinae3
692 522 806 599 sicque
834 519 875 583 ab
895 537 962 582 om·

163 615 266 677 nibus
281 616 448 689 timeatur,
465 618 500 679 ut
516 618 557 678 ab
577 618 657 694 ipsis
673 618 863 680 timentibus
878 618 960 679 dili-

163 716 277 790 gatur.
294 712 446 774 Officium
471 715 582 776 autem
602 715 807 790 praelationis
832 731 963 794 semper

163 811 260 886 putet
276 811 309 870 et
323 811 445 870 sentiat
464 809 528 869 sibi
543 809 613 870 fore
626 811 735 886 potius
748 811 843 872 oneri
863 825 974 892 quarn„

164 907 300 967 honori.
320 906 447 968 Vellem
468 907 568 968 etiam
596 923 671 966 eum
700 907 824 968 habere
852 908 960 968 socies

165 1003 326 1079 praeditos
352 1003 537 1076 honestate,
562 1004 688 1079 rigidos
711 1004 871 1065 adversus
896 999 960 1066 v0-'

164 1098 330 1178 luptatesf,
355 1098 457 1162 fortes
483 1100 519 1161 in
548 1101 728 1176 angustiis,
755 1100 788 1162 et
809 1116 962 1178 compas-

164 1197 260 1260 sivos
292 1197 579 1273 delinquentibus;
611 1197 770 1258 habentes
798 1198 960 1288 aequalem

166 1290 380 1352 affectionem
395 1290 437 1351 ad
462 1306 591 1366 omnes;
607 1291 693 1351 nihil
709 1291 748 1352 de
763 1290 876 1352 labore
899 1308 959 1353 suo

164 1388 369 1464 recipientes
393 1387 460 1448 nisi
488 1403 606 1463 puram
636 1389 785 1464 corporis
812 1388 962 1449 necessi-

163 1485 294 1546 tatem:
313 1484 399 1544 nihil
424 1485 618 1561 appetentes
645 1485 711 1545 nisi
731 1485 864 1546 laudem
887 1486 969 1557 Dei,·

164 1581 303 1642 Ordinis
333 1579 534 1657 profectum,
561 1582 681 1644 animae
711 1583 855 1658 propriae
885 1597 959 1643 me-

164 1678 280 1750 ritum,
295 1679 328 1739 et
342 1677 481 1739 fratrum
505 1679 650 1739 omnium
672 1679 851 1754 perfectam
869 1679 961 1740 salu-

165 1777 248 1847 tem,
262 1774 415 1836 omnibus
424 1775 660 1838 convenienter
670 1775 833 1848 affabiles,
847 1776 880 1837 et
890 1791 962 1836 om-

164 1887 229 1934 nes
242 1871 476 1934 convenientes
488 1871 528 1931 ad
538 1887 595 1934 eos
604 1887 678 1932 cum
687 1872 801 1934 sancta
808 1872 961 1949 jucundi·

165 1969 456 2044 taterecipientes‚
467 1969 566 2044 atque
578 1968 718 2029 formam
730 1970 762 2031 et
772 1970 960 2045 exemplum

168 2065 390 2128 observantiae
414 2065 586 2140 Evangelii
602 2067 699 2142 Juxta
721 2065 960 2142 professionem

165 2162 355 2238 Regulaein
384 2162 570 2239 semetipsis
597 2178 678 2239 pure
705 2164 737 2224 et
765 2163 960 2238 simpliciter

166 2259 324 2320 omuibus
339 2259 560 2322 ostendentes.
585 2261 668 2320 Ecce
682 2259 759 2319 talis
772 2273 845 2319 esse
861 2258 962 2320 debet

164 2356 336 2432 generalis
365 2357 527 2428 minister,
545 2355 578 2416 et
603 2355 687 2418 tales
716 2355 812 2417 debet
837 2355 961 2418 habere

164 2452 288 2514 socios.

407 2549 607 2610 COLLATIO
629 2550 761 2610 XXVII.

276 2668 327 2725 De
342 2665 590 2724 coudtttoutbus
603 2664 848 2726 ministrorum

426 2764 702 2834 prouincialium.

205 2882 346 2955 Vellem,
373 2881 504 2954 fratres,
534 2884 758 2959 provinciales
785 2883 956 2944 Ministros

165 2980 321 3042 affabiles
339 2995 413 3040 esse
439 2980 633 3052 minoribus
651 2981 684 3042 et
704 2981 797 3042 tanta
810 2979 960 3042 benevo-

164 3077 271 3139 lentia
283 3077 453 3152 praeditos,
469 3079 632 3138 uteorum
645 3078 779 3139 affectui
788 3092 856 3138 non
869 3092 961 3139 vere

164 3177 267 3236 autur
285 3189 322 3236 se
346 3173 551 3238 committere
575 3173 817 3250 delinquentes.
833 3173 960 3236 Vellem

166 3286 226 3330 eos
241 3269 428 3331 moderatos
444 3284 519 3346 esse
540 3269 575 3329 in
595 3270 782 3346 praeceptis,
799 3270 960 3346 propitios

166 3367 202 3427 in
218 3365 374 3440 offensis3
401 3365 490 3426 ferre
516 3367 624 3441 magis
644 3370 847 3442 peccatores,
862 3383 961 3444 quam

167 3462 292 3524 inferre
313 3463 467 3540 injurias.
483 3463 602 3526 Hostes
622 3463 726 3537 vitiis,
749 3464 894 3525 medicos
909 3465 963 3524 vi-

165 3559 274 3622 tiosis.
289 3560 386 3621 Tales
406 3559 548 3636 denique
575 3575 649 3620 esse
675 3561 794 3622 vellem
821 3576 960 3638 querum

165 3657 236 3718 vita
252 3658 374 3718 ceteris
396 3660 488 3718 esset
514 3657 739 3733 spectaculum
761 3657 959 3735 disciplinae.

165 3757 356 3816 Hostamen
370 3755 491 3830 vellem
518 3754 607 3815 omni
636 3755 774 3816 honore·
791 3757 957 3828 venerari,

164 3854 198 3914 et
211 3851 318 3927 diligi,
333 3851 419 3913 sicut
434 3852 489 3928 qui
506 3851 634 3928 pondus
647 3852 780 3928 portant
795 3853 962 3914 sollicitu-

164 3949 254 4010 dinis
269 3948 303 4010 et
314 3947 450 4010 laboris.
477 3948 620 4009 Summis
636 3964 694 4010 eos
710 3950 857 4026 praemiis
873 3950 959 4026 apud

166 4049 271 4108 Deum
287 4046 477 4122 reputarem
494 4061 567 4106 esse
581 4045 698 4121 dignos
714 4047 841 4123 quitali
853 4031 960 4108 forma

163 4143 291 4220 talique
316 4140 390 4218 lege
405 4142 546 4206 traditas
561 4143 624 4204 sibi
644 4144 774 4206 animas
789 4145 961 4220 guberna-

163 4242 250 4302 rent.

380 4339 580 4399 COLLATIO
602 4341 751 4400 XXVlll.

165 4461 320 4530 Ottoltter
339 4465 614 4524 corrnersandmn
637 4465 668 4524 st
694 4466 731 4524 to
751 4463 962 4526 moimsterto

203 4558 334 4620 selectae
347 4561 528 4620 Mamaede
548 4561 699 4634 Angelis,
723 4559 854 4632 etquod
867 4565 963 4622 trulla

205 4656 306 4718 tenus
319 4669 342 4716 a
352 4655 523 4727 fratribus
534 4655 743 4716 dimittatur.

204 4778 299 4850 Volo,
326 4777 411 4854 quod
431 4777 495 4838 iste
518 4777 623 4849 locus,
639 4776 759 4838 fratres
780 4778 959 4846 carissimi,

164 4876 209 4937 sit
222 4889 353 4950 semper
371 4874 561 4934 immediate
582 4872 643 4934 sub
667 4875 830 4950 potestate
854 4891 960 4951 gene·

162 4972 247 5034 ralis
263 4971 408 5033 ministri
421 4972 454 5032 et
470 4971 570 5041 servi,
588 4972 621 5032 et
635 4971 713 5032 inde
728 4971 785 5031 ille
800 4974 960 5048 majorem

163 5068 425 5130 sollicitudinem
444 5069 477 5128 et
501 5084 615 5128 curam
630 5067 751 5143 habeat
763 5068 961 5146 providendi

161 5166 285 5227 ibidem
299 5165 339 5226 de
353 5164 440 5226 bona
451 5169 485 5225 et
497 5168 611 5225 sancta
628 5163 892 5226 familiaclerici
904 5162 962 5226 eli-

160 5265 285 5340 gantur
317 5263 357 5322 de
386 5259 579 5322 melioribus
609 5261 642 5323 et
673 5261 898 5324 sanctioribus
928 5264 961 5325 et

160 5360 270 5436 magis
284 5360 432 5420 honestis
455 5358 624 5430 fratribus,
642 5360 675 5420 et
689 5360 746 5436 qui
759 5359 868 5420 sciant
891 5375 962 5420 me·

161 5458 229 5518 lius
245 5457 357 5517 dicere
376 5456 521 5518 officium
545 5473 586 5518 ex
601 5457 668 5516 illis
684 5457 741 5534 qui
757 5457 873 5518 sintin
889 5458 959 5518 tota

518 268 629 332 PARS
653 267 815 333 Thurin.
833 297 870 312 -
886 267 1170 332 GOLLATIONES
1198 256 1465 336 MONASTIGAE.

1749 265 1811 331 338
1891 355 1894 376 ι

1015 425 1180 502 religione
1193 447 1201 501 ς
1215 425 1326 487 utnon
1337 419 1810 495 solumsaeculares,sedetiam

1015 523 1074 584 alii
1094 522 1215 583 fratres
1239 521 1390 594 libenter,
1406 522 1439 582 et
1463 535 1537 580 cum
1558 534 1680 594 magna
1704 517 1807 579 devo-

1017 619 1118 691 tione,
1143 619 1279 680 videant
1290 619 1323 679 et
1337 617 1474 678 audiant
1495 631 1563 677 eos.
1580 618 1626 676 De
1648 615 1809 676 fratribus

1016 717 1116 784 etiam
1140 717 1247 788 laicis,
1264 714 1387 778 sanctis
1417 711 1617 784 hominibus,
1641 712 1807 784 discretis,

1016 810 1207 884 humilibus,
1224 813 1257 873 et
1284 809 1446 880 honestis,
1472 811 1639 885 eligantur
1665 810 1810 885 qui-ser-

1015 909 1108 970 viant
1128 909 1207 969 illis.
1223 909 1307 969 Volo
1325 908 1425 968 etiam
1437 906 1523 983 quod
1539 906 1632 966 nulla
1651 919 1806 981 persona,

1016 1006 1049 1067 et
1063 1006 1173 1066 nullus
1187 1005 1289 1065 trater
1303 1004 1404 1064 intret
1423 1004 1458 1062 in
1486 1002 1580 1062 illum
1601 1003 1722 1072 locum,
1741 1000 1808 1062 nisi

1016 1102 1184 1178 generalis
1210 1101 1372 1172 minister,
1389 1099 1422 1161 et
1442 1098 1562 1160 fratres
1581 1099 1637 1175 qui
1657 1097 1809 1159 serviunt

1015 1199 1083 1262 illis
1119 1201 1153 1260 et
1175 1197 1241 1275 ipsi
1264 1213 1330 1259 non
1365 1198 1543 1273 loquantur
1582 1211 1657 1255 cum
1694 1195 1808 1271 aliqua

1015 1310 1169 1372 persona,
1196 1295 1263 1355 nisi
1288 1310 1363 1354 cum
1391 1291 1549 1353 fratribus
1570 1291 1627 1368 qui
1658 1291 1809 1352 serviunt

1015 1392 1106 1466 illis,
1134 1393 1167 1452 et
1193 1407 1268 1453 cum
1294 1390 1446 1452 ministre
1467 1387 1598 1466 quaudo
1618 1387 1807 1450 visitaverit

1016 1505 1085 1550 eos.
1123 1488 1206 1550 Volo
1237 1488 1401 1558 similiter,
1431 1485 1518 1563 quod
1553 1484 1673 1546 fratres
1705 1484 1804 1557 laici,

1015 1587 1072 1662 qui
1097 1585 1247 1646 serivunt
1272 1585 1332 1655 eis,
1359 1585 1537 1645 teneantur
1560 1595 1740 1658 numquam
1756 1581 1809 1640 di-

1015 1698 1090 1743 cere
1111 1682 1161 1744 eis
1187 1681 1289 1742 verba
1310 1680 1428 1754 otiosa,
1446 1679 1499 1740 vel
1514 1693 1600 1740 nova
1615 1678 1715 1754 hujus
1738 1693 1807 1738 see-

1016 1779 1093 1850 cnli,
1111 1779 1164 1840 vel
1179 1793 1394 1855 quaecumque
1417 1776 1495 1847 alia,
1520 1789 1593 1852 quae
1614 1789 1681 1835 non
1695 1774 1808 1835 essent

1015 1876 1110 1937 utilia
1131 1875 1305 1936 animabus
1317 1887 1455 1934 eorum.
1473 1874 1513 1933 Et
1531 1866 1705 1947 propterea
1732 1885 1817 1946 spe-³

1016 1972 1146 2033 cialiter
1170 1972 1257 2044 vole,
1282 1971 1368 2047 quod
1397 1967 1508 2030 nullus
1534 1968 1637 2029 intret
1658 1968 1693 2026 in
1711 1967 1809 2026 illum

1016 2069 1137 2140 locum,
1159 2069 1195 2129 ut
1220 2068 1285 2143 ipsi
1307 2067 1427 2127 melius
1456 2065 1655 2126 conservent
1676 2063 1808 2140 purita-

1015 2168 1082 2227 tem
1108 2167 1142 2226 et
1163 2165 1371 2225 sanctitatem
1393 2177 1503 2234 suam;
1530 2163 1562 2222 et
1583 2161 1670 2238 quod
1691 2161 1727 2220 in
1751 2159 1810 2220 illo

1015 2263 1088 2323 loco
1105 2261 1188 2322 nihil
1202 2261 1332 2337 penitus
1348 2259 1405 2320 fiat
1419 2259 1473 2319 vel
1488 2258 1619 2319 dicatur
1630 2257 1820 2329 inutiliter,

1016 2359 1072 2420 sed
1089 2357 1160 2434 ipse
1174 2357 1267 2418 locus
1281 2354 1435 2418 teneatur
1456 2370 1558 2430 purus
1574 2354 1607 2414 et
1620 2355 1754 2414 sanctus
1768 2351 1805 2413 in

1015 2453 1147 2532 hymnis
1163 2453 1195 2514 et
1209 2451 1363 2513 laudibus
1378 2450 1520 2512 Domini.
1535 2449 1574 2511 ut
1586 2465 1661 2515 cum
1681 2437 1805 2526 aliquis

1015 2553 1164 2630 ipsorum
1186 2549 1327 2611 fratrum
1352 2547 1546 2624 migraverit
1559 2545 1601 2606 ad
1617 2545 1803 2618 Dominum,

1015 2649 1091 2712 volo
1111 2647 1197 2725 quod
1223 2647 1296 2708 loce
1323 2645 1428 2722 ipsius
1452 2644 1602 2706 mittatur
1617 2642 1697 2704 illuc
1723 2641 1809 2704 alius

1016 2747 1152 2808 sanctus
1178 2744 1282 2805 frater
1293 2759 1313 2804 a
1325 2742 1476 2819 generali
1491 2741 1655 2802 ministro.
1672 2741 1757 2800 Nam
1782 2739 1812 2800 si

1018 2844 1078 2905 alii
1101 2843 1222 2905 fratres
1237 2841 1480 2902 declinaverint
1493 2837 1673 2916 aliquando
1687 2853 1708 2898 a
1726 2831 1815 2913 pu'ri-

1014 2942 1094 3013 tate,
1116 2943 1149 3000 et
1168 2939 1353 3012 honestate,
1365 2938 1398 2999 et
1416 2936 1593 2998 sanctitate
1615 2936 1710 3006 vitae,
1736 2932 1813 2996 volo

1015 3037 1102 3114 quod
1120 3037 1184 3098 iste
1197 3036 1290 3097 locus
1300 3034 1493 3096 benedictus
1506 3033 1560 3105 sit,
1573 3034 1605 3094 et
1618 3031 1814 3108 permaneat

1015 3149 1150 3210 semper
1171 3132 1341 3209 speculum
1365 3132 1398 3192 et
1421 3130 1544 3192 bouum
1561 3128 1749 3204 exemplum
1766 3127 1815 3188 to-

1015 3231 1081 3293 tius
1091 3230 1265 3306 religionis
1280 3233 1313 3290 et
1326 3227 1489 3306 quoddam
1500 3225 1735 3288 candelabrum
1748 3238 1811 3284 an-

1015 3331 1048 3390 te
1059 3329 1215 3389 thronum
1231 3326 1290 3387 Dei
1302 3326 1334 3387 et
1346 3324 1476 3386 beatam
1491 3321 1664 3399 Virginem
1681 3335 1813 3396 semper

1016 3426 1139 3486 ardens
1162 3424 1194 3486 et
1219 3425 1347 3496 luceae,
1369 3437 1428 3500 per
1450 3421 1536 3499 quod
1554 3421 1713 3481 Dominus
1729 3434 1812 3496 pro·
1851 3484 1859 3504 Ι

1016 3521 1155 3598 pitietur
1175 3520 1356 3582 defectibus
1378 3519 1411 3580 et
1433 3519 1539 3595 culpis
1563 3517 1712 3578 omnium
1740 3515 1811 3576 fra-

1015 3619 1114 3690 trum,
1142 3619 1240 3694 atque
1260 3617 1433 3679 conservet
1453 3630 1583 3691 semper
1602 3615 1635 3674 et
1655 3612 1807 3690 protegat

1016 3716 1103 3776 hanc
1118 3713 1290 3790 religionis
1310 3714 1343 3774 et
1359 3713 1542 3788 plantulam
1556 3725 1662 3771 suam.
1678 3707 1806 3780 Videte,

1018 3811 1090 3884 filii,
1117 3827 1158 3872 ne
1177 3825 1333 3887 umquam
1353 3809 1446 3869 hunc
1462 3809 1578 3868 locum
1599 3802 1807 3882 relinquatis.

1018 3909 1053 3970 Si
1084 3908 1125 3969 ab
1158 3923 1224 3968 una
1241 3899 1346 3984 'parte
1378 3904 1469 3965 feras
1497 3902 1723 3980 expellemini,
1754 3917 1813 3979 per

1016 4005 1118 4066 aliam
1128 4003 1300 4066 reintrate.
1311 4004 1397 4064 Nam
1412 4002 1506 4062 locus
1519 4000 1582 4062 iste
1595 3999 1730 4060 sanctus
1743 3999 1810 4071 est,

1016 4102 1049 4162 et
1063 4093 1230 4161 habitatio
1245 4097 1378 4170 Christi,
1394 4099 1428 4158 et
1440 4093 1590 4172 Virginis
1604 4095 1721 4156 Mariae
1736 4109 1812 4155 ma·

1015 4199 1078 4259 tris
1093 4201 1176 4275 eJ'us.
1191 4195 1264 4264 Hic,
1281 4209 1355 4257 oum
1369 4195 1467 4271 pauci
1478 4209 1638 4267 essemus,
1653 4205 1810 4268 augmen-

1016 4295 1100 4358 tavit
1115 4309 1176 4355 nos
1191 4293 1351 4354 Dominus
1374 4289 1569 4353 altissimus.
1586 4290 1648 4352 Hic
1667 4290 1809 4351 lucesa-

1017 4392 1151 4469 pientiae
1172 4407 1241 4452 suae
1265 4389 1468 4450 illuminavit
1482 4389 1612 4448 animas
1626 4401 1809 4463 pauperum

1017 4505 1164 4550 snorum.
1180 4489 1241 4549 Hic
1257 4487 1334 4562 igne
1349 4487 1401 4546 sui
1417 4484 1542 4546 amoris
1555 4485 1687 4546 nostras
1697 4483 1813 4545 volun·
1846 4515 1849 4522 ·

1015 4587 1101 4668 tates
1110 4585 1272 4646 accendit.
1289 4584 1351 4644 Hic
1365 4585 1421 4660 qui
1437 4581 1584 4642 oraverit
1598 4580 1697 4641 eorde
1712 4579 1815 4641 devo·

1016 4683 1063 4754 to,
1078 4681 1162 4758 quod
1187 4680 1331 4756 petierit,
1343 4677 1519 4750 obtineblt;
1534 4675 1717 4742 offendens,
1733 4690 1813 4750 gra-

1016 4777 1090 4839 vius
1112 4777 1279 4854 punietur.
1298 4777 1438 4850 Propter
1460 4771 1556 4849 quod,
1573 4787 1593 4832 0
1608 4769 1813 4844 iilii,habete

1016 4875 1105 4943 haino
1134 4874 1241 4934 locum
1276 4871 1367 4933 omni
1404 4869 1593 4931 reverentia
1624 4867 1811 4931 ethonore

1016 4970 1258 5046 dignissimum,
1272 4971 1441 5044 tamquam
1456 4963 1612 5027 vere-Dei
1627 4964 1806 5027 habitacu-

1016 5068 1096 5142 lum,
1108 5067 1150 5129 ab
1162 5068 1233 5144 ipso
1247 5068 1279 5127 et
1292 5067 1365 5142 ejus
1376 5065 1482 5125 matre
1491 5062 1707 5138 singulariter
1720 5079 1810 5140 prae-

1016 5165 1184 5226 dilectum.
1196 5165 1303 5240 Atque
1314 5163 1435 5222 ibidem
1447 5162 1515 5222 toto
1530 5160 1629 5222 corde
1647 5162 1759 5222 vestro
1774 5161 1809 5222 in
1920 5241 1922 5247 Ι

1016 5278 1097 5323 voce
1105 5261 1322 5323 exultationis
1335 5258 1595 5321 etoonfessionis
1606 5258 1812 5319 confitemini

1015 5363 1083 5422 Deo
1100 5360 1203 5430 Patri,
1216 5359 1331 5436 atejus
1347 5357 1434 5418 Filio
1449 5357 1588 5418 Domino
1603 5358 1683 5418 lesu
1696 5355 1812 5416 Chris·
1913 5349 1920 5362 '

1016 5457 1060 5531 to,
1076 5457 1111 5517 in
1128 5457 1272 5533 Spiritus
1287 5455 1393 5517 sancti
1409 5454 1550 5521 unitate,
1566 5455 1680 5514 Amen.
