4118 6390
110 331 187 396 1265
485 335 593 395 PARS
614 335 759 396 PRIMA.
775 331 1058 414 -jiixposimo
1082 335 1126 396 IN
1149 333 1353 398 SPALMOS.
1675 334 1753 396 1266

106 488 254 555 tationis.
277 495 389 568 Tange
410 492 572 553 decimam
597 493 766 564 chordam,
783 493 819 554 ut
833 507 903 553 rem
958 509 1031 570 quae
1054 493 1205 570 aquiloni
1229 493 1380 570 opposita
1396 489 1466 571 (1),
1491 505 1534 552 ex
1562 491 1630 552 alia
1658 491 1752 568 parte

107 589 313 665 proximitui
328 605 393 653 non
407 591 644 667 concupiscam
660 591 692 652 et
707 589 902 652 eliminabi-
956 593 1119 653 ioannem
1142 591 1304 665 habebam
1329 591 1416 652 unde
1440 589 1585 651 Canticis
1607 587 1651 667 (7,
1681 587 1715 666 4)
1742 610 1750 649 :

107 688 162 747 tor
175 685 281 747 bestia
295 686 497 762 cupiditatis.
956 692 1073 750 Nasus
1088 689 1168 750 tous
1178 690 1268 750 sieut
1288 690 1412 758 turris,
1430 701 1506 761 qum
1518 687 1659 758 respicit
1670 700 1753 746 con-

146 783 300 844 Laudote
323 785 609 845 eumin'ciibara
628 787 786 861 tanquam
802 797 904 859 spon·
958 786 1016 846 iro
1048 789 1269 848 Damascum.
1295 785 1441 846 Naribus
1476 783 1629 854 sentitur,
1664 781 1750 858 quod

107 896 199 954 sum3
228 879 302 940 ideo
324 881 412 944 enim
431 881 589 956 tanquam
614 897 756 957 sponsus
780 879 815 940 in
839 893 904 938 nu·
956 884 1137 943 reinerium
1152 883 1213 943 est.
1230 884 1332 944 Beata
1346 881 1561 956 igiturVirgo
1576 879 1673 956 quasi
1692 894 1752 940 na·

106 977 186 1053 ptiis
201 976 283 1050 suis,
307 977 465 1041 videlicet
485 977 520 1037 in
547 993 657 1045 cruce,
670 976 726 1037 ubi
741 978 781 1037 de
798 977 902 1037 latere
955 994 1026 1050 suc,
1047 979 1118 1040 sive
1140 981 1233 1041 naris
1254 980 1410 1056 estquis
1434 979 1533 1054 longe
1558 977 1659 1038 sentit
1678 976 1752 1037 dia-

107 1089 168 1134 suo
185 1089 340 1149 sponsam
364 1074 520 1150 produxit
531 1075 726 1146 Ecclesiam,
743 1073 856 1134 sonuit
867 1073 902 1133 in
956 1074 1024 1137 boli
1040 1077 1220 1149 versutias,
1237 1092 1272 1136 se
1287 1089 1457 1153 opponens
1473 1090 1533 1150 pro
1547 1074 1617 1134 suis
1629 1074 1751 1134 contro

106 1172 141 1231 in
155 1172 285 1233 cithara
307 1172 434 1248 septem
450 1172 661 1244 chordarum,
677 1188 751 1234 cum
773 1172 902 1234 tantum
956 1177 1174 1246 Dantescrcm,
1203 1173 1289 1250 quod
1329 1172 1568 1250 interpretatur
1597 1170 1751 1246 poculum

106 1269 231 1345 septem
245 1269 382 1344 protulit
396 1268 511 1329 verba.
528 1272 565 1329 ln
583 1269 691 1351 prima
705 1268 829 1329 chorda
844 1281 902 1328 se·
957 1271 1143 1345 sanguinis,
1175 1269 1261 1332 idest
1291 1272 1407 1332 contra
1447 1268 1616 1330 diabolum
1653 1266 1752 1327 mali-

105 1367 165 1426 nat
193 1365 252 1425 Dei
272 1363 418 1436 bonitas,
434 1380 507 1426 cum
523 1381 582 1442 pro
605 1366 677 1427 istis
693 1366 749 1441 qui
764 1365 903 1441 peccant
956 1382 1057 1441 gnum
1090 1367 1256 1444 spiritum,
1282 1367 1422 1429 mortem
1441 1367 1600 1437 nostram,
1626 1364 1751 1425 etsan-

105 1478 165 1539 per
179 1463 402 1538 ignorantiam
418 1478 484 1523 non
498 1478 558 1538 per
571 1461 744 1534 malitiam,
759 1461 903 1522 interce-
955 1463 1090 1539 guinem
1113 1465 1291 1527 sitientem.
1315 1468 1351 1525 ln
1386 1465 1503 1540 quarta
1539 1461 1662 1524 chorda
1690 1475 1750 1536 pro

105 1559 163 1630 dit,
181 1558 294 1620 dicens
311 1581 318 1619 :
335 1560 457 1632 Pater,
473 1560 609 1621 dimitte
630 1563 705 1629 iliis,
728 1563 809 1632 qnia
821 1573 902 1618 nes·
956 1560 1070 1622 suisin
1084 1562 1300 1623 tribulatione
1315 1561 1432 1637 positis
1452 1563 1624 1637 paternum
1637 1559 1748 1620 inter-

103 1656 208 1726 cinat,
223 1659 304 1729 quid
318 1656 436 1730 saccini
449 1654 694 1734 (Lucae23,34).
710 1657 747 1716 ln
755 1654 901 1716 secunda
956 1657 1058 1734 pellat
1080 1659 1255 1730 auxilium,
1277 1659 1390 1722 dicens
1403 1680 1410 1718 :
1422 1661 1489 1730 Ett,
1505 1661 1560 1718 Eli
1568 1673 1579 1728 ,·
1594 1661 1655 1718 boc
1672 1655 1749 1716 est:

105 1753 202 1812 sonat
226 1751 468 1819 misericordia,
493 1751 671 1812 ostendens
700 1751 785 1828 quod
809 1765 900 1810 nun·
955 1758 1047 1816 Deos
1060 1769 1169 1828 meus,
1181 1757 1218 1816 ui
1233 1759 1314 1830 quid
1328 1755 1540 1829 dereliquisti
1552 1755 1626 1814 met
1640 1751 1747 1831 (Mati.

105 1864 203 1924 quam
232 1863 307 1908 sera
335 1850 386 1909 est
407 1849 601 1924 poenitentia
626 1870 634 1908 z
662 1862 728 1908 non
754 1845 902 1908 restabat
954 1852 1004 1922 27,
1033 1849 1099 1928 46).
1128 1852 1165 1912 lu
1190 1853 1304 1928 quinto
1326 1851 1440 1923 verbo,
1466 1849 1612 1926 quasiin
1634 1849 1749 1925 quinta

104 1945 192 2004 enim
214 1944 348 2016 latroni,
378 1945 443 2005 nisi
470 1946 590 2005 unicus
611 1945 793 2019 singultum
818 1945 851 2004 et
866 1943 899 2002 in
955 1945 1091 2016 chorda,
1107 1947 1148 2008 de
1161 1949 1275 2009 nostra
1294 1949 1401 2009 salute
1416 1964 1512 2007 suum
1527 1945 1671 2007 ostendit
1691 1945 1751 2005 de·

105 2041 901 2117 eopoenitensaudivitabcnino:Hodiemecum
955 2043 1125 2116 siderium,
1154 2044 1268 2106 dicens
1290 2047 1409 2107 esitio.
1437 2048 1474 2105 ln
1500 2044 1595 2107 sexta
1624 2041 1749 2102 chorda

105 2142 177 2199 cris
203 2142 239 2199 in
264 2141 435 2199 Paradiso
466 2137 551 2216 (ibid
574 2140 625 2212 23,
652 2137 717 2216 43).
746 2140 783 2197 In
799 2138 899 2198 tertia
955 2155 1051 2200 suum
1066 2140 1106 2200 de
1117 2141 1230 2200 nostra
1246 2141 1422 2216 iniquitate
1436 2139 1748 2214 manifestavitsup·

104 2233 228 2296 chorda
254 2233 419 2310 discipulo
442 2235 655 2311 prosequenti
678 2234 807 2295 eumad
823 2248 900 2294 cru·
954 2234 1748 2312 primumcumdixit3Corrsnmnmiumcstmam

104 2347 187 2401 cem.
218 2331 335 2391 Matris
364 2330 455 2391 dedit
481 2331 720 2406 patrocinium
749 2330 898 2390 dicens:
953 2346 1059 2405 strper
1079 2335 1230 2394 colorem
1253 2339 1448 2404 arriperem,
1475 2347 1534 2407 pro
1560 2331 1747 2408 perditione

104 2431 232 2489 dictitet*
241 2443 317 2489 ecce
337 2429 428 2500 litias
443 2427 523 2488 tuus
541 2425 650 2506 (toan.
666 2429 715 2502 19,
731 2429 770 2488 26
782 2428 815 2487 et
826 2425 898 2504 27);
955 2429 1146 2504 inpeccatis
1166 2444 1280 2491 eorum
1295 2429 1502 2491 addiderant
1517 2427 1643 2488 inlerre
1657 2442 1748 2488 mor-

105 2528 241 2604 protege
265 2541 340 2586 eum
364 2526 401 2585 ut
426 2525 543 2586 mater.
560 2529 647 2587 Ecce
677 2526 793 2586 meter
818 2525 899 2596 tum·
954 2523 1745 2602 temlnseptimoverbo,quasiseptimacborda,

105 2623 340 2698 protegeeam,
358 2620 497 2682 utdlius
533 2624 604 2697 eJus
619 2621 756 2682 inomni
770 2620 901 2696 prosco-
954 2621 1135 2683 ineffabilis
1171 2623 1380 2695 dilectionis,
1414 2624 1468 2684 vel
1502 2621 1744 2690 delectationis,

104 2720 206 2780 tione.
223 2717 420 2794 Hujusmodi
445 2719 684 2794 protectionem
706 2718 779 2794 ipse
798 2717 899 2778 etiam
954 2720 1004 2781 est
1024 2723 1260 2794 ¹argumentum
1286 2723 1432 2792 :Patem
1457 2723 1494 2780 in
1517 2733 1643 2780 merrus
1670 2717 1748 2778 tuas

105 2816 188 2875 situs
213 2815 363 2892 corporis
384 2813 490 2876 beatae
519 2814 668 2890 Virginis
690 2813 897 2890 designabat,
953 2819 1328 2890 commendospiritttm
1344 2833 1470 2879 meum.
1490 2815 1603 2895 (Lucae
1617 2817 1668 2886 23,
1679 2812 1744 2892 46).

132 2999 387 3082 (116161111110111
405 3000 535 3079 opposita
545 3006 599 3056 etc.
612 3001 680 3057 lnea
690 3007 734 3082 est
744 2999 896 3082 sententia,
955 3000 1047 3082 ipsum
1082 2999 1268 3084 suspirantes.
1293 3021 1303 3050 ι
1331 3001 1431 3072 ltaque
1452 2999 1480 3080 ,si
1504 2997 1612 3080 Christi·
1633 2997 1746 3054 Domini

103 3069 298 3126 beatissimam
306 3070 453 3142 Virginem
462 3077 899 3141 Juxtaorucemsteusseasinis·
953 3084 1028 3126 cruci
1056 3069 1142 3126 alllrxr
1161 3084 1299 3127 conversa
1319 3078 1380 3126 erat
1405 3069 1493 3128 iacies
1504 3069 1540 3126 ad
1553 3066 1729 3126 occidentem
1736 3081 1745 3136 ;

103 3141 165 3202 tris,
189 3154 245 3195 non
271 3154 348 3208 vero,
372 3147 402 3196 ut
429 3141 510 3212 pingi
535 3140 648 3208 soleta
667 3140 782 3197 dextris.
799 3141 898 3210 Neque
952 3140 1015 3212 ejus
1029 3138 1144 3198 dextere
1160 3140 1196 3198 ad
1207 3144 1378 3198 Damascum
1393 3149 1421 3198 et
1440 3139 1601 3222 aquilonem
1614 3136 1747 3194 extende·

103 3212 181 3267 enim
196 3210 346 3290 ignorabat
358 3210 386 3266 S.
398 3211 516 3268 loannis
535 3211 705 3267 damasceni
727 3210 896 3266 doctrinam.
952 3209 1045 3278 batur,
1057 3211 1128 3268 laeva
1156 3210 1191 3268 ad
1215 3212 1384 3269 meridiem:
1402 3218 1430 3268 et
1441 3213 1530 3337 Virgo
1544 3209 1707 3265 beatissima
1722 3209 1746 3264 si

104 3281 152 3338 lib.
168 3281 322 3338 lvdeFute
335 3295 399 3352 cap.
417 3281 495 3336 13ει
513 3282 576 3337 Nou
601 3281 777 3352 simpliciter,
794 3287 823 3336 et
839 3277 895 3335 lor·
953 3282 1125 3338 Damascum
1149 3289 1178 3338 et
1202 3282 1364 3353 aquilonem
1386 3287 1489 3338 contue
1510 3287 1582 3348 atur,
1600 3280 1745 3336 sinistram

105 3352 175 3409 tuito
187 3349 221 3405 ed
234 3351 372 3406 orientem
392 3351 579 3407 adoramus...
595 3349 722 3409 Christus
746 3351 898 3406 crucifixus
953 3352 1015 3408 Filii
1030 3351 1146 3410 tenebat
1160 3366 1217 3408 nou
1232 3351 1388 3409 dexteram.

105 3420 140 3478 ad
164 3419 341 3476 occidentem
366 3421 551 3492 respiciebam
577 3427 606 3476 et
632 3420 840 3476 sicadoramus
862 3417 897 3475 ad

560 3979 671 4043 FINIS
693 3980 738 4040 IN
762 3979 954 4042 PSALMOS
977 3980 1282 4042 EXPOSITIONIS.
