4114 6396
94 317 173 382 1033

92 477 169 554 quia
193 476 348 554 peccator
369 481 522 555 vagatur,
548 493 754 558 quocumque
779 495 883 558 pravo

91 591 150 636 suo
165 573 332 637 desiderio
347 577 486 652 rapitur.
799 577 802 582 '

131 673 254 742 Quarta
264 673 315 733 θεῖ
325 673 441 734 ultima
452 674 632 747 damnatio,
647 677 688 736 de
703 691 768 752 qua
779 674 884 736 doelis

92 758 135 847 (3,
143 770 192 844 l):
203 769 314 841 «Quid
324 769 460 838 mihi,et
470 771 576 840 vobis,
591 775 710 849 Tyrus,
722 773 755 833 et
768 771 881 838 Sidon,

91 867 124 928 et
142 866 250 926 omnis
271 867 434 929 terminus
457 869 756 930 Palaesthinorumi
773 869 882 928 Num-

91 961 170 1039 quid
181 963 341 1024 ultionem
354 979 413 1026 vos
425 965 570 1026 reddetis
586 966 686 1026 mihil
697 965 736 1026 Et
748 965 777 1025 si
788 965 885 1026 ulcis·

92 1059 205 1122 cimini
221 1060 336 1122 contra
352 1077 416 1134 me,
430 1062 592 1124 volociter
606 1062 741 1123 reddam
756 1061 884 1123 vicissi-

89 1155 238 1218 tudinem
258 1171 359 1232 super
380 1159 479 1234 caput
502 1158 694 1220 restrum.»
718 1161 755 1219 In
777 1158 883 1220 ultio-

90 1268 165 1314 nem
188 1252 427 1316 beneficiorum
453 1271 590 1316 suorum
613 1255 829 1317 adversamur
852 1255 884 1316 ei

89 1350 285 1426 inpeccatis
300 1351 423 1412 nostris
438 1372 447 1412 ε
463 1351 519 1413 sed
535 1352 606 1427 ipse
622 1351 781 1414 ultionem
801 1351 882 1412 red-

90 1447 145 1507 det
169 1445 286 1521 nobis;
317 1447 405 1508 unde
431 1448 585 1510 Jeremiae
610 1447 675 1527 (25,
692 1450 732 1510 28
753 1451 787 1510 et
806 1447 882 1527 29):
945 1505 948 1512 ,

89 1543 277 1606 ‹Bibentes
292 1545 412 1607 bibetis
429 1562 437 1605 ε
452 1546 530 1623 quia
545 1561 625 1606 ecoe
639 1545 673 1606 in
688 1546 833 1618 civitate,
848 1546 883 1608 in

91 1657 155 1719 qua
169 1641 360 1702 invocatum
375 1644 426 1706 est
440 1658 560 1704 nomen
574 1659 695 1715 meum,
717 1659 778 1718 ego
793 1643 883 1705 inci-

90 1739 178 1815 piam
202 1738 352 1815 affligere
378 1761 385 1798 :
410 1741 449 1800 Et
471 1755 531 1801 vos
555 1740 650 1816 quasi
674 1741 882 1812 innocentes,

88 1837 253 1897 immunes
268 1837 384 1897 eritisi
401 1837 475 1898 Non
491 1838 585 1899 eritis
599 1837 763 1898 immunes
781 1853 787 1892 ε
805 1838 883 1912 gla-

88 1933 178 1993 dium
201 1933 290 1993 enim
314 1948 397 1994 voco
418 1949 521 2010 super
538 1949 654 1995 omnes
678 1933 883 1995 habitatores

87 2031 198 2102 terrae,
216 2030 297 2091 dicit
312 2031 470 2091 Dominus
490 2030 709 2092 exercituum.
726 2047 744 2090 ε
759 2027 884 2106 Affligil

87 2127 248 2188 Dominus
263 2143 353 2198 suos,
371 2130 404 2189 et
418 2126 582 2204 judicium
606 2127 727 2202 incipit
745 2141 765 2188 a
787 2128 883 2188 domo

88 2223 231 2282 Domini.
260 2225 363 2293 Quam
394 2222 556 2284 terribilis
580 2223 623 2282 sit
648 2223 713 2282 iste
739 2223 881 2298 gladius,

87 2319 178 2380 idest
191 2320 264 2380 dies
283 2319 414 2397 judicii,
438 2319 580 2380 habetur
598 2319 633 2379 in
654 2319 814 2380 Zacharia
838 2319 882 2398 (9,

89 2419 127 2477 14
144 2419 177 2478 θῖ
199 2415 250 2494 15)
264 2434 271 2476 :
286 2433 304 2476 a
320 2416 432 2478 Exibit
446 2417 483 2478 ut
497 2416 609 2492 fulgur
619 2416 768 2494 jaculum
790 2419 882 2494 ejus:

89 2515 123 2576 et
137 2513 295 2574 Dominus
311 2517 399 2576 Deus
419 2514 455 2574 in
475 2513 553 2576 tuba
569 2514 675 2584 canet,
692 2516 726 2577 et
738 2515 837 2576 vadet
849 2515 883 2574 in

43 2647 50 2658 ·
88 2609 223 2672 turbine
242 2611 369 2672 Austri.
394 2611 553 2674 Dominus
574 2611 782 2674 exercituum
806 2627 886 2688 pro-

88 2707 177 2782 teget
192 2723 262 2768 eos.
280 2725 298 2768 ε
314 2709 356 2770 Ut
377 2707 500 2783 fulgur,
517 2709 550 2770 et
569 2709 665 2770 canet
680 2707 758 2768 tuba
779 2709 883 2782 :tuno

89 2805 247 2867 corruent
259 2805 345 2865 muri
354 2804 501 2877 iericho,
513 2805 600 2866 idest
609 2804 735 2866 mundi.
746 2806 785 2866 Et
798 2804 883 2866 hene

87 2901 220 2977 gladius
235 2917 341 2977 poenae
360 2903 494 2962 aeternae
510 2901 634 2978 fulguri
653 2903 882 2978 comparatur:

88 2997 202 3074 fulgur
214 2999 302 3060 enim
319 2999 451 3070 scindit,
468 2999 546 3070 urit,
563 2999 698 3075 frangit.
714 2999 769 3061 Sic
781 2999 838 3063 flet
849 3000 884 3060 in

89 3096 209 3156 malos.
220 3101 263 3158 In
274 3097 410 3158 tcrrbtrte
421 3097 555 3169 Austri,
566 3097 623 3173 qui
634 3097 882 3168 fletameridie,

89 3193 165 3270 quia
183 3193 301 3266 malos,
318 3195 405 3254 siout
420 3193 518 3254 turbo
539 3195 666 3270 paleas,
683 3194 885 3270 disperdeta

88 3289 177 3352 facie
186 3292 296 3362 terrae,
310 3291 387 3366 quia
397 3290 432 3350 in
446 3290 654 3365 plenitudine
663 3291 799 3352 luminis
813 3295 884 3369 ejus

89 3403 220 3450 omnem
235 3386 404 3464 pulverem
420 3389 631 3463 peccatorum
647 3389 772 3450 eterra
788 3381 886 3450 erou-

89 3485 230 3556 tiet,eta
243 3483 449 3546 beatitudine
461 3484 585 3544 aeterna
598 3486 711 3561 raptos
726 3485 884 3560 inignem

90 3582 263 3644 aeternum.
280 3583 327 3644 De
340 3580 416 3651 hoc,
431 3579 615 3641 Ezechielis
632 3579 746 3658 (22,18
761 3581 800 3640 ad
813 3580 883 3660 20):

89 3680 227 3740 «Versa
242 3678 292 3740 est
306 3677 390 3739 mihi
403 3676 519 3738 domus
535 3676 639 3738 lsrael
652 3678 687 3738 in
702 3677 846 3738 scoriam
855 3694 884 3750 »;

90 3776 124 3838 et
147 3774 246 3852 paulo
267 3775 344 3851 post
365 3773 538 3850 sequitur:
555 3789 573 3833 r
593 3776 660 3848 Ego
676 3773 886 3848 congregabo

88 3888 151 3934 vos
166 3869 424 3947 congregatione
438 3869 581 3945 argenti,
593 3873 627 3932 θῖ
639 3870 729 3942 aeris,
746 3871 779 3932 θῖ
792 3870 887 3942 ferri,

89 3970 125 4034 et
142 3969 269 4042 stanni,
284 3969 320 4030 et
331 3967 456 4044 plumbi
475 3968 512 4028 in
532 3967 644 4028 medio
666 3966 834 4030 fornacis:
850 3969 888 4030 ut

90 4066 290 4128 succendam
303 4065 345 4126 in
365 4079 405 4126 ea
429 4065 544 4140 ignem
562 4065 603 4126 ad
628 4064 851 4128 conflandum.
868 4081 887 4126 ε

90 4164 231 4225 Perhoc
252 4161 338 4239 quod
362 4163 539 4237 argentum
556 4160 781 4237 corrumpitur
800 4161 888 4222 mix-

90 4263 168 4324 tura
181 4263 269 4334 aeris,
283 4262 336 4324 rel
350 4261 488 4337 plumbi,
502 4261 554 4322 vel
570 4260 693 4331 stanni,
711 4259 887 4335 signantur

92 4359 173 4421 tacti
193 4359 436 4433 persecutione,
457 4359 515 4434 qui
539 4357 748 4420 murmurant
771 4359 888 4419 contra

92 4457 208 4516 Deum.
224 4455 405 4528 Argentum
421 4454 519 4525 lucet,
537 4457 571 4516 et
590 4455 729 4530 candet3
744 4455 802 4516 sed
823 4469 886 4516 ro-

91 4551 216 4613 tustate
229 4549 442 4625 denigrescit.
459 4553 525 4612 Per
539 4551 601 4612 hoc
617 4552 701 4627 qnod
717 4552 769 4613 est
783 4567 887 4614 sono-

92 4664 180 4719 rum,
196 4646 441 4709 murmurantes
457 4646 634 4722 siguificat.
648 4650 686 4708 ln
701 4647 802 4719 ferro,
815 4665 895 4710 θεῖε,

92 4744 212 4809 delites
230 4766 236 4804 :
253 4745 288 4804 in
304 4745 435 4814 stanno,
452 4742 663 4820 hypocrisis:
683 4744 719 4802 in
740 4744 885 4820 plumbo,

92 4842 324 4920 ponderositas
338 4841 501 4902 avaritiae.
517 4840 617 4912 Quasi
631 4840 721 4902 dicat
731 4861 740 4902 ε
749 4842 790 4902 Hi
803 4842 888 4904 tales

93 4955 209 5000 omnes
231 4939 366 5002 fornace
392 4938 554 5013 gehennae
580 4936 824 5010 conflabuntur,
853 4940 887 4998 in

93 5038 290 5113 perpetuum
307 5035 429 5098 arsuri.
446 5034 507 5096 Vel
525 5035 785 5110 perurgentium,
802 5036 887 5112 quod

93 5135 193 5206 lueet,
209 5136 242 5195 et
261 5132 390 5204 candet,
414 5132 472 5194 sed
492 5133 657 5194 vetustate
679 5131 891 5204 ohscuratur,

92 5232 161 5294 eta
183 5231 343 5292 mixtione
364 5230 453 5300 aeris,
475 5229 527 5292 vel
549 5229 673 5300 stanni,
693 5229 747 5292 vel
763 5229 888 5306 plumbi

92 5328 329 5404 corrumpitur,
351 5327 583 5401 significantur
606 5326 670 5395 illi,
698 5327 754 5404 qui
777 5327 891 5390 lucent

92 5426 135 5486 ad
150 5428 280 5501 tempus
294 5439 354 5500 per
367 5423 455 5484 bona
468 5436 581 5501 opera,
596 5424 733 5487 tandem
754 5441 814 5500 per
826 5424 890 5484 ad-

93 5523 289 5584 mixtionem
303 5522 465 5581 malorum
481 5523 739 5600 corrumpuntur
753 5543 760 5584 :
774 5538 833 5599 per
843 5539 889 5588 aes

132 5639 172 5706 tl)
193 5634 279 5709 vulg.
298 5633 474 5692 :satiabitur

474 319 583 386 PARS
608 320 811 384 anlA-
830 321 1049 385 EXPOSlTlO
1076 321 1122 386 IN
1149 321 1347 384 Psauiuos.

1652 321 1732 382 1034

938 479 1170 556 significantur
1196 481 1258 554 illi,
1288 478 1344 556 qui
1372 478 1453 541 tacti
1467 458 1730 553 persecutione,

937 581 1052 640 eontra
1064 581 1168 639 Deum
1184 577 1394 638 murmurant
1407 596 1415 634 ε
1429 590 1490 651 per
1503 573 1640 646 ferrum,
1655 590 1734 636 cru·
1755 582 1758 592 '

938 674 1040 748 deles,
1057 677 1089 736 et
1113 674 1315 736 inflexibiles
1337 673 1378 734 ad
1398 672 1653 748 poenitentiam:
1673 687 1733 748 per

937 773 1104 843 stannum,
1117 771 1320 848 hypocritae:
1335 785 1392 844 per
1408 768 1589 844 plumbum,
1604 769 1734 846 pondus

929 868 1089 929 avaritiae
1104 868 1285 943 portantes.
1309 867 1351 928 lli
1372 881 1487 926 omnes
1512 866 1683 928 mittentur
1697 865 1733 926 in

938 963 1106 1026 fornacem
1117 963 1291 1038 gehennae,
1307 978 1373 1024 non
1388 962 1430 1022 ad
1443 961 1664 1038 purgandum,
1675 961 1731 1022 sed

938 1060 980 1122 ad
995 1059 1200 1136 puniendum
1216 1059 1433 1122 aeternaliter.
1499 1103 1502 1110 .
1609 1069 1611 1076 ’

1152 1326 1291 1388 SERMO
1318 1326 1517 1388 CLXXVIII.

1037 1525 1041 1532 ,
1124 1463 1227 1522 Contra
1243 1477 1356 1533 avaros,
1372 1469 1401 1520 et
1414 1461 1543 1536 cupidos.
1650 1435 1653 1440 Δ

937 1599 1114 1670 Numquid
1141 1597 1295 1660 cdboeret
1319 1599 1379 1659 tibi
1401 1591 1499 1660 sedes
1527 1599 1731 1672 tricennalis,

978 1697 1037 1767 qut
1050 1695 1153 1770 fingis
1170 1697 1321 1755 laborem
1333 1697 1371 1756 to
1382 1693 1577 1770 preceptor
1593 1692 1731 1772 (Psalm.

978 1788 1112 1868 eam.)

980 1929 1081 1990 Sedes
1094 1930 1294 2006 iniquitatis,
1311 1930 1382 1992 sive
1392 1931 1586 2006 impietatis,
1598 1931 1649 1992 θεῖ
1659 1945 1735 1992 ava·

938 2030 1017 2092 ritia
1030 2052 1038 2090 :
1049 2031 1203 2106 impietas
1215 2031 1255 2092 ad
1267 2033 1381 2102 Deum,
1392 2031 1552 2109 iniquitas
1564 2031 1604 2094 ad
1619 2032 1736 2108 proxi·
1788 2065 1789 2070 κ

939 2143 1040 2188 mum.
1069 2127 1162 2188 Unde
1187 2127 1357 2188 Zachariae
1378 2125 1421 2206 (5,
1439 2129 1459 2188 5
1480 2129 1522 2188 ad
1536 2126 1570 2206 8)
1586 2149 1593 2187 :
1612 2145 1629 2188 s
1645 2131 1734 2189 Lora

939 2223 1053 2284 oculos
1065 2224 1151 2295 tuos,
1162 2225 1195 2284 et
1206 2224 1292 2291 vide,
1306 2224 1383 2300 quid
1395 2225 1528 2296 esthoc,
1539 2224 1624 2300 quod
1637 2240 1735 2300 egre-

939 2319 1040 2382 ditur.
1067 2321 1107 2381 nt
1125 2319 1195 2380 dixi
1210 2341 1217 2380 :
1235 2320 1399 2392 Quidnam
1420 2322 1487 2382 esti
1508 2323 1548 2382 Et
1569 2323 1620 2382 ait
1633 2343 1640 2380 :
1655 2324 1735 2382 Haeo

938 2417 990 2478 θεῖ
1003 2417 1165 2492 amphora
1185 2417 1371 2492 egrediens.
1395 2419 1435 2478 Ei
1456 2417 1542 2480 dixit
1558 2439 1565 2477 ε
1582 2421 1661 2478 llaec
1683 2419 1736 2480 est

939 2513 1056 2575 oculus
1078 2529 1193 2574 eorum
1215 2515 1250 2574 in
1274 2515 1435 2576 universa
1459 2516 1561 2576 terra.
1589 2517 1629 2576 Et
1656 2530 1734 2576 ecce

937 2611 1100 2672 talentum
1115 2609 1240 2687 plumbi
1257 2610 1463 2686 portabatur,
1480 2612 1513 2672 et
1525 2625 1601 2673 ecce
1615 2612 1736 2673 mulier

939 2723 1007 2768 una
1031 2708 1151 2768 sedens
1166 2709 1201 2768 in
1226 2708 1335 2768 medio
1360 2709 1542 2786 amphorae.
1563 2710 1603 2771 Et
1623 2710 1732 2770 dixit:

939 2805 1018 2866 Haec
1031 2804 1081 2865 θεῖ
1092 2804 1260 2880 impietas.
1276 2806 1316 2866 ut
1331 2806 1471 2882 projecit
1485 2821 1559 2866 eam
1574 2806 1608 2865 in
1625 2804 1734 2868 medio

939 2901 1121 2977 amphorae,
1137 2904 1170 2963 et
1181 2902 1272 2964 misit
1287 2918 1430 2962 massam
1446 2901 1633 2978 plumbeam
1646 2903 1681 2962 in
1697 2919 1734 2964 os

940 3001 1053 3074 ejus.»
1067 2998 1235 3074 Amphora
1246 2998 1318 3060 haec
1333 3001 1383 3062 θεῖ
1393 3000 1548 3072 avaritia,
1560 3015 1634 3076 quae
1646 3016 1735 3062 nun-

940 3111 1038 3170 quam
1054 3095 1190 3166 claudit,
1207 3096 1264 3156 sed
1281 3111 1412 3172 semper
1429 3112 1468 3156 os
1481 3096 1591 3157 cordis
1608 3097 1642 3158 in
1657 3113 1734 3158 am-

938 3191 1732 3272 bituaperfumtenet;undeEcclesiastioi(14,9):

940 3289 1144 3352 Insatiabilis
1165 3292 1216 3352 est
1235 3291 1351 3352 oculus
1367 3290 1490 3366 cupidi,
1508 3307 1575 3352 non
1597 3293 1734 3352 satura-

939 3387 993 3447 tur
1006 3386 1054 3465 (1)
1066 3388 1101 3447 in
1115 3388 1209 3462 parte
1225 3388 1423 3464 iniquitatis,
1437 3387 1543 3450 donec
1560 3389 1735 3450 consumat

940 3483 1150 3559 injustitiam,
1167 3483 1354 3546 arefaciens
1376 3485 1523 3546 animam
1546 3501 1651 3546 suam.
1670 3487 1735 3546 Se·

940 3579 1074 3654 quitur:
1089 3579 1242 3641 «Oculus
1255 3596 1370 3642 eorum
1384 3580 1419 3640 iu
1435 3581 1592 3643 universa
1602 3583 1693 3643 terra
1703 3597 1733 3651 r,

941 3675 1019 3750 quia
1045 3674 1180 3736 hebetes
1206 3667 1349 3738 suntad
1377 3675 1511 3748 bonum,
1542 3677 1735 3738 subtiliores

942 3771 1074 3834 suntad
1089 3772 1234 3844 malum;
1253 3772 1340 3833 unde
1360 3771 1395 3832 in
1411 3773 1592 3849 Evangelio
1608 3772 1734 3852 (Lucae,

942 3870 992 3940 16,
1007 3868 1041 3946 8)
1057 3885 1065 3930 :
1083 3885 1104 3928 θ
1125 3869 1202 3930 Filii
1227 3869 1326 3946 hujus
1358 3869 1472 3930 saeouli
1501 3870 1735 3946 prudentiores

942 3966 1024 4032 sunt,
1039 3965 1119 4048 tiliis
1138 3966 1234 4028 lucis.
1249 3967 1327 4028 »nt
1341 3981 1418 4028 ecce
1433 3967 1594 4029 talentum
1610 3967 1735 4044 plumbi

942 4062 1147 4138 portabatur,
1168 4065 1202 4124 et
1222 4063 1314 4125 misit
1336 4063 1524 4139 plumbeam
1541 4080 1685 4126 massam
1701 4069 1736 4126 in

942 4176 979 4224 os
991 4161 1153 4232 mulieris,
1171 4161 1249 4237 quia
1262 4160 1416 4237 impietas
1432 4163 1558 4238 peccati
1574 4163 1627 4223 sui
1646 4179 1735 4240 pon-

941 4259 1020 4320 dere
1034 4259 1162 4336 gravat.
1179 4259 1219 4319 Et
1233 4261 1347 4335 postea
1364 4258 1521 4321 subditur·
1535 4259 1579 4340 (5,
1593 4259 1626 4340 9)
1642 4282 1649 4321 :
1664 4277 1683 4322 c
1698 4263 1737 4324 m

942 4371 1019 4418 ecce
1036 4356 1111 4416 duae
1125 4357 1294 4428 mulieres,
1311 4359 1345 4420 et
1363 4356 1533 4419 ¹habebant
1548 4359 1620 4420 alas
1640 4359 1736 4435 quasi

941 4453 1014 4516 alas
1035 4452 1174 4514 milvi.»
1193 4456 1273 4516 Dure
1290 4454 1459 4524 mulieres,
1477 4456 1686 4530 vanegloria,
1704 4457 1738 4518 et

929 4551 1072 4632 rapina,
1092 4561 1167 4635 quae
1182 4552 1323 4626 regnant
1344 4550 1380 4612 in
1399 4551 1595 4626 majoribus,
1619 4552 1652 4613 et
1676 4569 1737 4628 po-

942 4645 1154 4717 tentioribus,
1171 4647 1258 4723 quod
1282 4647 1416 4708 notatur
1434 4663 1495 4723 per
1513 4648 1661 4720 milvum,
1679 4649 1736 4725 qui

943 4759 1074 4820 semper
1088 4744 1173 4806 vivit
1186 4744 1227 4804 de
1240 4743 1376 4819 repiua;
1394 4745 1426 4804 et
1441 4761 1501 4820 per
1511 4745 1652 4806 alteram
1663 4747 1743 4806 mu-.‘

941 4839 1060 4902 fierem
1076 4841 1276 4916 designatur
1287 4857 1401 4912 usura,
1419 4857 1494 4918 quae
1507 4847 1559 4902 est
1572 4842 1607 4902 in
1623 4843 1736 4904 mino-

942 4937 1050 5011 ribus,
1072 4939 1132 5018 qui
1154 4951 1219 5000 non
1244 4937 1368 4998 audent
1395 4953 1525 5014 rapere.
1554 4941 1737 5016 Sequiturr

943 5038 1016 5096 «at
1034 5036 1230 5098 levaverunt
1244 5035 1438 5111 amphoram
1454 5037 1543 5098 inter
1556 5037 1688 5111 coelum,
1705 5040 1738 5101 et

919 5159 920 5180 2
942 5135 1115 5207 terramr3
1134 5133 1211 5208 quia
1234 5149 1300 5194 non
1320 5132 1444 5194 habent
1466 5134 1550 5195 tales
1568 5135 1677 5197 locum
1700 5136 1737 5198 in

943 5231 1026 5296 coelo
1041 5245 1118 5291 oum
1132 5230 1279 5307 Angelis,
1296 5246 1357 5292 nec
1371 5231 1407 5290 in
1418 5231 1518 5294 terris
1533 5248 1607 5294 cum
1623 5234 1737 5297 homi-

919 5381 920 5384 ,
943 5328 1042 5390 nibus
1054 5328 1191 5399 sanctis,
1207 5328 1266 5388 sed
1281 5327 1316 5388 in
1331 5342 1410 5390 aere
1428 5346 1502 5390 cum
1517 5330 1736 5406 daemouibns,

944 5427 1030 5488 siout
1048 5427 1067 5486 J
1071 5424 1152 5485 udas
1167 5425 1327 5500 proditor,
1343 5426 1398 5503 qui
1412 5443 1594 5505 suspensus
1609 5430 1643 5488 in
1660 5445 1739 5490 aere

920 5515 921 5518 ’
944 5523 1074 5600 crepuit
1087 5522 1238 5596 medius;
1256 5523 1343 5585 unde
1355 5524 1418 5594 ¹Job
1434 5521 1499 5604 (20,
1515 5524 1569 5604 27)
1581 5543 1619 5590 :.‹<
1631 5529 1744 5588 Reve-
