4184 6410
300 311 360 373 cai
495 350 508 378 s
727 292 964 368 aebroini
990 301 1178 366 PnDtlan
1204 303 1344 367 cauni
1370 301 1517 366 oiiiiin
1558 283 1562 292 '
1885 302 1947 365 aaa

301 473 336 536 et
349 439 486 544 clamor,
505 469 540 532 et
559 465 769 545 blasphemia
782 463 921 528 tollatur
944 480 964 526 a
986 463 1093 539 vobis,
1149 457 1802 538 rlllalabitur.1³onderosusigiturest,
1819 461 1878 540 qui
1892 463 1948 526 to-

300 585 377 633 cum
406 567 497 632 omni
522 563 700 627 malitia.»
726 563 797 625 Etsi
821 563 909 624 enim
936 562 1096 640 praelatus
1149 559 1193 621 tis
1231 557 1489 636 cogitationibus
1533 559 1569 620 in
1609 557 1751 621 lascivia
1781 559 1944 635 deducus,

299 666 460 745 grandem
473 662 574 726 babet
588 675 718 736 nasum,
736 659 823 724 idest
847 657 1094 733 discretionem,
1150 656 1280 734 pondus
1312 653 1529 734 turpitudinis
1554 655 1664 733 gestat
1695 655 1731 718 in
1759 655 1880 734 corde;
1912 659 1949 722 et

300 779 367 827 uon
382 762 565 824 debetesse
577 758 850 830 contumeliosus,
870 758 904 821 et
917 757 1095 834 indignans
1150 753 1302 832 quamvis
1317 768 1421 832 prava
1442 768 1544 830 opera
1568 768 1635 815 non
1653 755 1819 828 exerceat,
1836 754 1877 816 ab
1902 756 1948 817 iis

299 861 341 924 ad
359 860 520 932 subditos,
534 857 593 920 sad
608 874 685 920 cuin
703 856 913 928 rectitudine,
939 857 972 918 at
995 871 1095 916 man·
1149 851 1342 914 tamennon
1357 851 1508 914 elevatur
1521 851 1557 913 in
1572 852 1692 914 mente.
1710 851 1865 930 Quisquis
1880 853 1948 928 igi-

300 958 478 1022 suetudine
490 973 526 1019 se
538 955 674 1018 habere.
687 955 806 1017 Fracto
819 953 913 1033 pede,
925 953 978 1016 vel
994 969 1095 1014 manu
1150 948 1366 1028 turquolibet
1386 948 1505 1011 borum
1526 947 1609 1012 vitio
1632 947 1773 1022 laborat,
1803 965 1870 1010 non
1896 951 1949 1012 est

298 1053 361 1127 est,
378 1051 434 1130 qui
449 1051 516 1124 ria,
533 1065 632 1128 quani
658 1049 766 1122 docet,
790 1049 926 1111 omnino
950 1061 1017 1109 non
1041 1045 1096 1108 ln·
1150 1047 1272 1123 dignus
1285 1037 1423 1124 ingredi
1432 1047 1468 1108 in
1482 1044 1734 1109 tabernaculum
1759 1045 1799 1108 ad
1823 1046 1945 1108 minis-

300 1148 390 1213 cedit
405 1170 413 1210 :
430 1147 487 1226 qui
507 1162 575 1210 non
589 1149 626 1210 ut
640 1145 791 1219 claudus,
811 1147 867 1208 vel
887 1146 1004 1208 saltem
1019 1159 1094 1207 cuin
1149 1144 1318 1217 trandum,
1337 1143 1507 1207 utofferat
1521 1159 1625 1223 panes
1640 1144 1780 1206 Domino
1793 1145 1871 1206 Deo.

300 1247 498 1310 infirmitate
510 1246 630 1324 pergit,
646 1243 704 1307 sed
728 1243 865 1307 omnino
880 1243 921 1306 ab
944 1259 984 1306 ea
1010 1240 1096 1304 alie-
1352 1260 1358 1268 ·

299 1325 429 1408 nanise
444 1341 534 1417 iacit,
555 1355 623 1405 non
644 1355 783 1404 servans
807 1355 908 1419 opere
924 1339 1010 1418 quod
1035 1337 1096 1400 do·

299 1443 542 1518 cotosmor&
566 1439 723 1517 adquam
746 1438 828 1500 dicit
853 1437 1014 1500 Dominus
1036 1450 1096 1514 per
1403 1394 1544 1456 SERMO
1566 1395 1685 1456 mn·
1756 1519 1758 1522 Ι

300 1539 424 1602 isaiam
450 1537 514 1618 (35,
534 1535 570 1616 3)
586 1559 594 1598 :
609 1537 810 1612 confortate
833 1549 960 1598 matters
980 1537 1094 1598 disso-
1167 1535 1210 1595 De
1233 1535 1355 1608 clericis,
1371 1535 1450 1597 etde
1467 1539 1600 1612 portione
1616 1535 1791 1597 hereditatis
1805 1553 1915 1597 eornm.

298 1637 400 1706 tutas,
422 1637 457 1698 ct
468 1649 583 1713 penna
595 1635 717 1698 debinc
736 1634 911 1696 roborate.
931 1631 1095 1695 dibbosus

299 1736 361 1807 est,
376 1749 474 1812 quem
501 1734 647 1796 terrenae
676 1729 869 1810 cupiditatis
897 1730 1036 1810 pondus,
1062 1735 1096 1794 et

299 1829 489 1894 sollicitudo
504 1829 669 1909 deprimit,
689 1843 734 1892 ne
753 1829 795 1890 ad
817 1843 961 1907 superna
981 1829 1096 1908 iaspis

299 1930 377 2002 ciat,
390 1927 448 1990 sed
463 1927 505 1990 ad
526 1943 578 2002 ea,
594 1943 668 2006 gum
680 1927 716 1988 in
731 1925 855 1988 intimis
869 1929 958 2001 sunt,
979 1926 1094 1990 interi·
1190 1919 1327 1992 Qiiando
1338 1922 1479 2000 primam
1493 1925 1665 1985 tonsuram
1678 1923 1869 2002 recipimus,
1883 1925 1945 1986 Do·

298 2025 366 2089 dat.
383 2026 446 2087 nic
457 2027 508 2088 est
521 2023 713 2088 muiicrilla
726 2037 841 2099 curva,
858 2041 931 2104 quae
944 2025 979 2086 in
990 2027 1095 2088 Esau.
1149 2017 1275 2079 minum
1286 2019 1941 2098 partembaereditatisnostiaesortimur3

299 2123 390 2202 gello
404 2137 442 2184 se
455 2123 587 2200 erigere
601 2139 668 2185 non
682 2123 823 2199 poterat,
838 2122 896 2184 sed
911 2121 1024 2186 multis
1039 2137 1095 2185 an·
1150 2115 1237 2179 unde
1261 2117 1295 2180 et
1318 2115 1408 2180 huno
1431 2133 1565 2181 versum
1588 2120 1669 2181 tuuc
1690 2119 1843 2182 dicimus.
1868 2119 1943 2182 Ha·

1148 1683 1318 1746 Dominus
1334 1697 1420 1758 pars
1433 1683 1648 1746 baereditatis
1661 1699 1760 1760 mccc,
1776 1686 1810 1748 ct
1828 1687 1945 1750 ccltcts

1379 1783 1459 1844 met.
1478 1779 1581 1860 (Psal.
1598 1782 1648 1854 15,
1663 1779 1712 1860 ὅ.)

153 2241 165 2258 ’
298 2221 634 2298 iiisinclinatejnxta
648 2224 787 2292 terrain,
808 2235 912 2282 ouria
927 2219 1091 2282 manebat.
1148 2212 1264 2276 lentes
1278 2213 1382 2291 igitur
1405 2215 1581 2278 Dominum
1604 2215 1846 2290 nereditatem,
1869 2233 1945 2279 ces-

302 2317 427 2396 Lippus
440 2317 502 2391 est,
519 2319 616 2396 cnjus
630 2317 801 2393 ingenium
824 2317 956 2390 emicat,
974 2317 1030 2380 sed
1046 2317 1094 2378 il·
1150 2325 1227 2373 saro
1248 2309 1291 2373 ab
1309 2311 1491 2376 ambitione
1515 2313 1622 2376 omnis
1648 2312 1787 2377 alterins
1813 2313 1863 2376 rei
1884 2313 1945 2377 de·

302 2413 371 2488 lud,
396 2414 539 2477 vivendo
565 2415 757 2487 carnaliter,
781 2415 948 2478 obscurat.
970 2415 1094 2493 Lippus
1126 2407 1275 2490 ,bemus
1292 2411 1363 2472 Hoc
1382 2411 1442 2484 est,
1459 2411 1546 2492 quod
1561 2411 1721 2474 Dominus
1737 2412 1895 2491 pracepit
1908 2413 1944 2474 in

299 2511 477 2590 palpebras
500 2511 602 2574 babet
624 2511 759 2574 inflatas
791 2527 835 2574 cx
857 2511 952 2574 fluxu
974 2511 1096 2574 buino-
1126 2499 1130 2592 ᾗ
1148 2505 1305 2568 numeris
1315 2505 1378 2588 (18,
1390 2507 1493 2589 20)ss
1501 2509 1539 2571 In
1550 2508 1641 2572 terra
1650 2525 1764 2572 eorum
1774 2509 1859 2572 nihil
1870 2527 1945 2588 pos·

298 2625 373 2673 runi
385 2609 553 2672 continuo.
572 2610 627 2672 sic
641 2609 674 2672 et
688 2606 766 2671 durn
778 2608 972 2688 temporalis
987 2608 1095 2672 abun·
1126 2677 1127 2680 Ἴ
1149 2602 1313 2678 sidebltis,
1325 2621 1387 2668 nec
1399 2604 1641 2670 baereditabitis
1652 2603 1700 2688 (l)
1716 2609 1843 2686 partem
1856 2607 1946 2670 inter

298 2705 413 2769 dantia
445 2705 564 2780 effluit,
596 2707 807 2770 discretionis
839 2707 1008 2786 palpebris
1034 2723 1096 2784 per
1148 2713 1216 2764 eos.
1244 2703 1312 2780 Ego
1333 2717 1411 2780 pars
1435 2705 1469 2766 et
1491 2703 1670 2768 baereditas
1698 2708 1809 2768 vestra
1834 2703 1883 2786 (2)
1908 2705 1943 2766 in

299 2803 490 2882 superbiam
502 2803 775 2877 tumescentibus,
799 2802 962 2883 lippitudo
988 2805 1093 2883 spiri·
1148 2799 1257 2861 medlo
1283 2799 1430 2862 filiorum
1456 2801 1605 2864 Israel.»
1631 2801 1729 2865 stulti
1751 2817 1831 2879 ergo
1853 2805 1942 2876 sunt,

298 2902 400 2965 tualis
411 2901 605 2964 sucerescit.
619 2901 818 2979 albuginem
829 2902 928 2965 babel
939 2903 1091 2976 inoculo,
1149 2897 1205 2974 qni
1220 2895 1449 2960 hereditatem
1461 2913 1556 2960 suem
1570 2899 1607 2960 iii
1623 2899 1711 2962 terra
1724 2899 1945 2972 constituunt,

299 2998 412 3078 quide
428 2997 570 3061 scientia
584 3013 645 3060 sua
661 3015 720 3076 per
733 2999 963 3076 arrogantiam
978 3015 1091 3062 excae·
1148 2995 1182 3056 et
1204 2995 1309 3056 Deum
1334 2995 1533 3072 promissam
1558 2993 1622 3058 sibi
1644 2995 1874 3059 hoereditatem
1889 3012 1947 3059 rc·

298 3095 404 3159 catur.
422 3095 555 3173 Pupilla
581 3095 671 3158 enlm
688 3094 785 3172 nigra
800 3095 908 3176 pidet,
925 3094 1001 3158 alba
1025 3111 1092 3158 non
1149 3091 1314 3170 linquunt,
1340 3095 1377 3154 ut
1405 3091 1486 3156 dicit
1508 3093 1731 3172 Hieronymus
1752 3093 1811 3174 (3).
1838 3097 1943 3170 Rogo,

297 3192 399 3266 ridet,
415 3194 494 3270 quia
511 3193 569 3270 qul
590 3207 631 3254 sa
650 3193 799 3265 stultuin,
825 3195 858 3256 et
883 3195 1093 3270 peccatorem
1149 3199 1213 3266 quo
1228 3187 1355 3266 pudore
1370 3186 1418 3268 (4)
1442 3191 1546 3251 Denni
1571 3187 1756 3252 mercedem
1780 3189 1943 3270 obsequii,

299 3287 469 3364 intelligit,
487 3289 715 3365 cognitionem
739 3289 879 3351 internae
904 3289 1091 3362 charitatis,
1148 3283 1201 3349 rel
1216 3285 1342 3348 laboris
1357 3287 1468 3364 speret
1482 3287 1517 3348 lii
1532 3287 1628 3360 coelo,
1645 3289 1741 3365 cujus
1755 3288 1865 3349 omnis
1881 3287 1944 3350 sol-

296 3383 350 3447 vel
366 3385 532 3447 claritatis
547 3383 777 3464 apprehendit.
795 3385 831 3449 si
846 3387 960 3450 autem
974 3383 1094 3450 cando·
1148 3381 1286 3445 licitudo
1301 3382 1403 3445 luerit
1423 3383 1458 3444 in
1477 3383 1590 3446 terrai
1613 3383 1654 3446 lit
1674 3384 1789 3462 postea
1809 3385 1942 3448 subdit:

298 3481 532 3561 semiustitiae,
549 3483 770 3560 etsapientise
785 3497 855 3545 suae
879 3483 944 3546 sibi
963 3483 1092 3559 tribuit,
1148 3479 1410 3542 ‹Mercanarius
1434 3480 1549 3543 saeculi
1569 3495 1636 3542 non
1661 3481 1770 3558 potest
1792 3481 1945 3558 accipere

297 3579 412 3644 alnce
428 3593 582 3658 snpeinae
594 3579 794 3657 cognitionis
809 3595 847 3643 se
860 3579 1020 3644 excludit.
1034 3583 1096 3646 Ju-
1149 3577 1323 3654 praemium
1342 3577 1477 3640 Christi.
1493 3577 1613 3640 »Dicit
1627 3579 1731 3655 igitur
1743 3579 1797 3642 vir
1809 3581 1942 3656 justus:

297 3693 373 3754 gem
388 3675 535 3740 scabiem
560 3673 672 3749 babet,
688 3677 744 3738 cui
769 3678 882 3740 carnis
908 3679 1094 3756 petulantia
1150 3675 1343 3737 «Dominus
1355 3687 1434 3752 pars
1448 3673 1655 3742 baereditatis
1672 3691 1766 3750 meae,
1780 3677 1814 3738 et
1828 3675 1944 3738 calicis

298 3773 506 3836 incessanter
521 3773 724 3837 dominatur.
741 3773 778 3836 ln
792 3774 907 3838 scabie
923 3777 1013 3838 enini
1033 3777 1096 3839 lei·-
1149 3771 1226 3833 mei
1243 3771 1338 3844 Pers,
1355 3770 1443 3834 idest
1456 3787 1609 3835 merces:
1631 3773 1758 3847 calicis,
1779 3773 1865 3836 idest
1882 3773 1946 3836 tri·

166 3859 169 3866 ’
299 3887 362 3934 ror
375 3873 542 3935 viscerum
555 3873 597 3934 ad
613 3873 722 3936 cutem
743 3873 898 3946 trabitur,
916 3889 977 3952 per
996 3889 1094 3952 quein
1148 3868 1343 3942 bulationis,
1365 3872 1398 3933 et
1419 3870 1597 3948 passionis,
1615 3887 1714 3948 quain
1729 3885 1789 3949 pro
1808 3871 1944 3932 nomine

297 3968 436 4032 luxuria
446 3967 651 4048 designatur.
666 3973 749 4032 Dum
764 3969 877 4034 servor
895 3971 1096 4035 carnislnti·
1149 3969 1223 4044 eius
1248 3967 1407 4039 sustineo,
1436 3967 1469 4029 et
1492 3981 1567 4028 cum
1591 3965 1823 4040 delectatione,
1849 3968 1945 4045 quasi

299 4067 389 4129 inlus
402 4067 496 4139 sirit,
514 4082 621 4145 usque
634 4065 676 4128 ad
692 4069 921 4145 operationem
934 4067 1030 4130 extra
1041 4069 1096 4131 de-
1150 4064 1290 4126 calicem
1306 4061 1394 4125 bibo.
1417 4063 1512 4126 Unde
1531 4065 1756 4142 Hieronymus
1773 4084 1782 4127 s
1798 4081 1816 4126 c
1831 4065 1949 4127 Chiis-

299 4163 440 4252 riratur.
452 4163 682 4240 impetiginem
693 4163 838 4226 bebetin
853 4179 993 4242 corpore
1003 4165 1096 4242 quis·
1149 4161 1242 4224 tiano
1252 4160 1376 4223 vexilla
1388 4159 1498 4224 crucis
1509 4161 1739 4235 suntdeliciae,
1753 4163 1786 4226 et
1796 4161 1945 4241 tropiiaea

299 4259 375 4338 quis
389 4259 531 4322 avaritia
552 4261 707 4322 vastatur
725 4260 760 4321 lii
786 4263 906 4322 merite.
934 4263 1097 4338 impetigo
1149 4259 1227 4320 vitea
1242 4257 1366 4321 nostrae
1379 4273 1445 4321 non
1457 4259 1595 4337 pompis,
1609 4259 1666 4322 sed
1677 4261 1824 4322 miseriis
1834 4275 1950 4339 repor-

298 4355 504 4436 quippesine
516 4356 630 4418 dolore
643 4371 763 4434 corpus
778 4359 928 4435 occupat,
941 4357 974 4419 ct
988 4371 1095 4420 mam-
1149 4357 1273 4419 tautnr.
1288 4373 1307 4417 s
1322 4357 1392 4418 Hoc
1407 4357 1458 4418 est
1476 4356 1562 4435 quod
1582 4355 1618 4419 in
1637 4357 1667 4420 N
1671 4358 1795 4420 umeris
1810 4355 1875 4439 (18,
1891 4357 1946 4438 19)

295 4453 432 4516 brorum
446 4453 601 4516 decorem
624 4451 736 4516 tradat
764 4453 819 4516 Sic
844 4455 988 4517 avaritia
1015 4455 1094 4516 ani·
1150 4451 1273 4530 legitur
1294 4474 1302 4515 ε
1325 4470 1344 4514 r
1365 4455 1503 4517 Pactum
1527 4455 1608 4516 salis
1632 4457 1683 4518 est
1707 4455 1947 4533 sempiternum

300 4551 677 4630 mumquemdelectat,
694 4551 877 4625 exulcerat,
894 4553 1095 4616 etiirtutum
1150 4563 1263 4612 coram
1285 4551 1436 4624 Domino,
1461 4551 1534 4627 ilbi,
1557 4568 1597 4615 ac
1621 4551 1700 4615 tiliis
1723 4554 1804 4617 tuis.
1822 4571 1842 4614 r
1861 4553 1945 4628 Quid

300 4651 454 4712 decorem
477 4649 642 4728 deturpat.
671 4649 894 4724 ponderosus,
924 4651 997 4714 siue
1016 4651 1097 4714 hcr-
1150 4649 1200 4711 est
1221 4649 1355 4726 pactum
1377 4649 1470 4723 salis,
1493 4649 1559 4712 nisi
1580 4651 1713 4728 pactum
1728 4651 1946 4729 poenitentiae,

298 4748 413 4810 nlosus
437 4748 498 4822 est,
515 4747 571 4826 qui
592 4747 833 4825 turpitudinem
852 4762 919 4810 iioii
939 4747 1039 4812 babet
1059 4749 1095 4811 iu
1150 4746 1183 4810 et
1195 4747 1431 4810 macerationis
1443 4747 1573 4810 carnist
1586 4747 1664 4811 Sale
1678 4749 1767 4810 enlin
1780 4749 1948 4812 saliantur

298 4860 412 4924 opere,
440 4845 500 4907 sed
521 4844 630 4908 adbuc
658 4845 867 4922 cogitatione·
885 4847 1046 4922 gravatur
1059 4847 1094 4907 l'n
1149 4859 1285 4920 carnes,
1301 4859 1344 4906 ne
1355 4847 1586 4922 vermescanty
1597 4845 1673 4908 ideo
1688 4845 1794 4908 Marci
1808 4843 1852 4926 (9,
1869 4843 1946 4926 4⁸)²

300 4944 421 5005 mente.
436 4943 512 5005 lion
525 4943 666 5005 enimad
679 4959 761 5020 opus
774 4942 939 5006 netarium
952 4945 1093 5022 rapitur,
1150 4945 1948 5019 Omniseutmtyccsoltctur,ctcmntsotcttmo

298 5040 356 5102 sed
378 5041 491 5102 animo
524 5041 560 5102 in
588 5039 723 5102 luxuria
749 5040 943 5104 delectatur.
969 5043 1094 5105 Vitium
1147 5043 1396 5114 caletensium
1410 5041 1507 5120 quasi
1522 5039 1630 5103 dicat:
1645 5041 1947 5120 Omniseniin,ipui

298 5135 455 5216 ponderis
470 5138 533 5211 est,
550 5153 625 5200 cuin
642 5138 762 5201 humor
776 5139 944 5202 viscerum
971 5139 1012 5201 nd
1024 5123 1094 5202 'ri-
1151 5153 1187 5201 se
1206 5141 1274 5202 Deo
1288 5137 1360 5203 vult
1373 5139 1543 5202 victimam
1558 5137 1679 5212 lacere,
1702 5138 1772 5202 sale
1790 5153 1947 5202 macera-

336 5341 377 5484 g)
396 5339 482 5470 guig.
520 5339 671 5400 babebitis.
1093 5362 1096 5366 ·
1150 5355 1215 5426 esse
1237 5340 1353 5428 quidem
1376 5341 1511 5426 auctoris,
1538 5341 1713 5416 Hieronymo
1738 5348 1835 5427 temen
1859 5341 1947 5402 fuisse

426 5412 484 5485 ulg.
498 5455 505 5468 .
518 5419 577 5469 tua.
1149 5414 1216 5470 olim
1232 5413 1403 5486 adscriptam
1421 5413 1547 5471 editores
1561 5411 1693 5472 latentur.
1716 5415 1748 5471 ln
1762 5413 1848 5473 editis
1862 5429 1947 5488 porro

333 5483 365 5626 fi
397 5481 487 5556 Epist.
500 5479 536 5540 de
551 5481 670 5540 scientia
684 5481 884 5567 mviuoelegis.
1035 5554 1041 5568 ¹
1149 5485 1188 5542 ite
1203 5485 1327 5568 legitur:
1346 5485 1465 5581 allego,¹
1481 5498 1538 5557 quo
1556 5482 1664 5614 zidtffl
1683 5483 1824 5567 obsequii,
1841 5495 1889 5543 aut
1903 5486 1943 5568 la·

367 5555 376 5623 l
396 5556 480 5625 Repo,
496 5569 550 5625 pcc
566 5554 682 5623 pudore,
698 5561 753 5612 etc.
773 5555 942 5628 Epistulam,
962 5569 1017 5628 qua
1034 5569 1092 5613 ins·
1149 5555 1226 5613 bons
1239 5571 1284 5612 sui
1300 5553 1461 5612 mercedem
1477 5562 1604 5627 spernit
1620 5569 1648 5614 in
1666 5556 1750 5628 coelo,
1767 5569 1850 5632 ocyus
1862 5556 1949 5616 litent

299 5624 407 5685 titultur
430 5626 540 5684 amicus
563 5625 593 5685 in
616 5624 735 5684 scientia
758 5624 863 5684 divinae
885 5625 969 5700 legis,
995 5627 1095 5685 incerti
1149 5625 1309 5686 sollicitudo
1321 5625 1419 5685 omnis
1433 5627 1461 5686 iii
1477 5625 1602 5685 terrai»
