4158 6380
102 309 145 370 si
680 299 1002 368 rnonnoonnnn.
1025 333 1065 350 -
1085 305 1194 366 vrri.
1259 339 1265 367 .
1392 390 1395 401 y
1715 307 1775 394 oa¹

104 468 166 544 qui
188 465 417 543 dispersiones
436 466 616 541 congregat
633 466 767 527 Israelis
783 462 902 544 (Psot,
961 467 994 526 S.
1011 465 1158 536 Antonii,
1173 465 1251 526 ante
1262 462 1473 540 conspectum
1490 479 1585 526 suurn
1598 463 1754 528 celeriter

105 563 241 641 cxcvi).
254 563 372 639 sicque
383 560 905 640 iactumest,utabsquehumana
956 562 1059 638 jussit
1080 559 1233 638 adduci).
1264 562 1409 638 Cumque
1434 561 1639 624 introductus
1665 565 1754 624 esset

103 660 297 730 vocatione,
306 673 420 722 omnes
431 675 473 720 ex
487 658 905 737 insperatopostmodicum
961 661 1038 720 ente
1048 659 1260 734 conspectum
1273 659 1393 720 summi
1408 660 1757 736 Pontificis,exposuit

104 757 284 833 temporis,
294 759 392 833 juxta
407 759 478 832 ejus
492 757 906 830 desideriumdivinaope-
961 772 1056 816 suum
1081 755 1296 832 propositum,
1317 757 1432 832 petens
1456 756 1627 818 humiliter
1646 759 1679 819 et
1699 758 1754 818 in·

105 857 208 916 rante
224 854 411 926 clementia,
426 868 493 916 non
509 855 581 914 sine
596 855 744 930 ipsorum
758 853 906 915 admira·
961 853 1087 914 stanter
1110 851 1333 927 supradictam
1358 851 1421 912 sihi
1449 852 1584 914 vivendi
1602 854 1752 930 regulam

103 952 201 1012 tione
245 951 370 1027 pariter
404 951 631 1012 convenirent.
669 950 740 1010 lllis
776 963 905 1026 quoque
960 948 1150 1026 approbari.

105 1047 241 1120 diebus,
255 1048 397 1123 quatuor
412 1046 475 1108 sibi
486 1045 733 1108 adhaerentibus
745 1045 828 1106 virts
843 1046 906 1106 ho-
1000 1046 1124 1106 Videns
1135 1045 1257 1108 Christi
1266 1046 1424 1118 vicarius,
1434 1047 1586 1108 dominus
1596 1051 1754 1110 Innocen-

104 1145 229 1217 uestis,
247 1145 288 1206 ed
303 1144 544 1206 duodenarium
559 1159 734 1206 numerum
745 1159 906 1205 excreve-
959 1143 1152 1215 tiuslll‚vir
1163 1143 1449 1220 utiquesapientia
1459 1145 1755 1216 clarus,admiran·

104 1245 200 1304 runt.
961 1241 1034 1302 dam
1050 1241 1172 1302 inviro
1187 1242 1246 1302 Dei
1262 1242 1424 1318 simplicis
1441 1241 1545 1302 animi
1562 1243 1752 1318 puritatem,

146 1341 300 1402 Cernens
323 1339 433 1402 autem
446 1338 590 1400 famulus
610 1339 733 1402 Christi
746 1339 905 1416 paulatim
961 1339 1752 1416 propositiconstantiam,ingsnnumquesancte

105 1453 307 1500 accrescere
317 1452 491 1498 numerum
502 1436 654 1510 fratrum,
662 1437 796 1513 scripsit
803 1437 866 1499 sibi
874 1437 907 1498 et
960 1436 1139 1498 voluntatis
1152 1434 1328 1508 servorem,
1336 1437 1458 1498 Christi
1470 1451 1649 1513 pauperem
1664 1453 1754 1498 men·

105 1533 274 1596 iratribus
288 1535 358 1596 suis
378 1533 586 1611 simplicibus
601 1535 711 1596 verbis
729 1533 904 1596 termulam
961 1536 1004 1596 tls
1016 1549 1128 1594 amore
1137 1533 1367 1610 complectens,
1376 1534 1557 1596 inclinatus
1569 1535 1619 1595 est
1629 1534 1751 1606 anime,

103 1632 199 1704 vitae,
218 1632 254 1692 in
273 1647 349 1709 qua,
373 1632 481 1694 sancti
502 1630 675 1708 Evangelii
695 1631 906 1695 observantia
962 1631 1110 1708 utpium
1142 1631 1341 1708 supplicanti
1376 1632 1540 1708 praeberet
1566 1647 1750 1693 assensum.

106 1745 169 1805 pro
180 1728 399 1791 fundamento
408 1727 630 1790 indissolubili
640 1729 907 1804 collocata,pau-
961 1729 1096 1792 Distulit
1109 1729 1220 1790 tamen
1235 1729 1394 1805 perticere
1408 1730 1493 1806 quod
1508 1729 1631 1790 Christi
1644 1731 1754 1805 postu·

106 1842 147 1886 ca
163 1813 319 1902 quaedam
332 1827 399 1887 alia
412 1827 564 1898 inseruit,
577 1842 650 1903 quaa
659 1825 699 1887 ad
709 1825 905 1887 uniformem
961 1827 1051 1888 labat
1074 1827 1305 1902 pauperculus,
1329 1839 1388 1902 pro
1413 1843 1452 1888 eo
1477 1826 1563 1904 quod
1585 1826 1753 1902 aliquibus

104 1924 245 1986 vivendi
255 1924 388 1985 medum
398 1924 589 1986 necessaria
600 1923 806 1986 videbantur.
817 1922 908 1985 Desi·
961 1923 1187 1986 cardinalibus
1200 1938 1320 1984 novum
1332 1923 1470 1999 aliquid,
1483 1925 1516 1986 et
1527 1938 1627 2000 supra
1639 1923 1754 1984 huma·

107 2021 233 2082 derans
249 2023 359 2084 autem
376 2037 435 2097 per
454 2024 623 2084 Summum
638 2020 831 2082 Pontificem
846 2035 907 2096 ap-
961 2036 1022 2082 nas
1037 2020 1126 2082 vires
1146 2021 1287 2080 arduum
1309 2020 1488 2082 videretur.
1505 2020 1629 2083 Aderat
1642 2021 1753 2082 autem

106 2119 258 2194 probari,
277 2136 350 2196 quae
365 2119 555 2195 scripserat,
577 2118 741 2195 disposuit
757 2133 832 2180 cum
847 2117 906 2178 iilo
962 2119 1049 2180 inter
1081 2118 1270 2180 cardinales
1293 2119 1346 2179 vir
1369 2119 1578 2180 venerandus
1600 2117 1754 2180 dominus
1880 2100 1887 2113 ⁸

107 2215 907 2294 simpliciumcoetudpostolicaeSedisadireprae·
961 2219 1106 2278 loannes
1119 2216 1159 2275 de
1180 2217 1300 2278 Sancto
1319 2217 1434 2288 Paulo,
1457 2217 1632 2293 episcopus
1655 2215 1753 2276 Sabi-

107 2315 317 2387 sentiam,de
333 2315 404 2375 sola
419 2313 564 2375 conlisus
578 2313 759 2374 directione
781 2312 905 2374 diviua.
962 2313 1086 2384 nensis,
1098 2313 1206 2374 omnis
1218 2314 1404 2374 sanctitatis
1419 2317 1557 2386 amator,
1574 2315 1608 2375 et
1621 2313 1754 2389 adjutor

108 2410 906 2492 CuJ'usdesideriumDeusexaltorespiciens,so-
962 2426 1144 2487 pauperum
1158 2411 1362 2484 Christi.Qui
1373 2411 1485 2472 divino
1497 2411 1754 2487 spirituiniiam·

108 2509 242 2570 ciorum
259 2509 387 2570 animos
401 2507 623 2584 simplicitatis
639 2523 707 2568 suae
723 2507 908 2568 considera·
962 2511 1081 2580 matus,
1100 2511 1234 2570 Summo
1250 2508 1404 2569 Pontifici
1426 2508 1520 2580 dixit,
1538 2509 1570 2570 et
1593 2507 1752 2570 fratribus

106 2607 202 2667 tione
225 2607 433 2682 perterritos,
450 2606 584 2666 ostensa
604 2605 677 2666 viro
696 2606 756 2665 Dei
777 2604 907 2666 visione
962 2605 1094 2666 suis:Si
1109 2605 1472 2685 petitionempauperis
1483 2606 1582 2682 hujus
1592 2605 1752 2682 tanquam

107 2703 304 2780 hujusmodi
320 2703 528 2764 confortavit.
543 2701 726 2764 Videbatur
741 2701 905 2778 siquidem
961 2702 1060 2762 nimis
1069 2702 1208 2763 arduam
1220 2718 1405 2779 novemque
1415 2701 1754 2778 refellimuscumpe·

108 2801 150 2872 ei,
163 2799 252 2877 quod
262 2817 323 2876 per
330 2799 506 2877 quamdam
518 2800 607 2860 viam
617 2799 798 2872 incederet,
809 2801 906 2875 juxta
961 2799 1007 2861 tat
1018 2798 1429 2862 confirmarisibiiormam
1441 2799 1748 2876 Evangelicaevitae‚

108 2913 207 2974 quam
224 2897 335 2960 stabat
349 2897 450 2959 arbor
465 2897 675 2960 celsitudinis
689 2912 819 2972 magnae
836 2913 843 2957 :
864 2895 905 2956 ad
961 2896 1144 2958 cavendum
1155 2898 1205 2958 est
1219 2896 1325 2968 nobis,
1343 2911 1385 2957 ne
1401 2897 1436 2957 in
1456 2897 1578 2958 Christi
1598 2899 1751 2973 Evange-

108 3010 206 3071 qnam
223 3011 300 3057 cum
312 2995 622 3073 appropinquasset,
640 2995 673 3056 et
685 2994 745 3055 sub
758 3009 797 3054 ea
813 2995 906 3054 stans
961 2993 1042 3054 lium
1056 2994 1274 3055 offendamus.
1285 2995 1370 3056 Nam
1379 2995 1407 3054 si
1419 2995 1492 3071 quis
1503 2995 1591 3056 intra
1600 2998 1752 3070 Evange-

108 3092 323 3154 altitudinem
338 3092 443 3169 ipsius
455 3093 643 3164 miraretur,
657 3091 765 3153 subito
779 3092 905 3154 tantum
960 3091 1034 3154 licre
1058 3092 1273 3168 perfectionis
1297 3091 1555 3162 observantiam,
1577 3095 1611 3154 et
1638 3094 1750 3154 votum

109 3189 221 3254 divina
238 3191 365 3251 virtute
374 3189 548 3252 levabatur
561 3190 596 3250 in
617 3190 734 3262 altum,
750 3189 787 3250 ut
801 3204 905 3250 oacu·
960 3189 1076 3266 ipsius,
1102 3189 1190 3251 dicat
1214 3191 1377 3252 contineri
1398 3189 1525 3266 aliquid
1548 3205 1669 3251 novum
1695 3191 1754 3252 aut

109 3303 183 3348 men
212 3288 423 3363 contingeret
446 3287 586 3360 arboris,
610 3289 748 3364 ejusque
777 3301 905 3347 summa
960 3286 1201 3359 irrationabile,
1220 3289 1277 3349 aut
1292 3287 1499 3364 impossibile
1514 3287 1556 3348 ad
1571 3286 1754 3349 observan-

109 3385 270 3447 iacillime
288 3387 443 3448 curvaret
466 3386 508 3446 ad
530 3386 609 3446 ima.
634 3388 741 3462 Hujus
763 3385 905 3445 visionis
960 3386 1048 3456 dum,
1064 3387 1179 3447 contra
1199 3385 1366 3446 Christum
1386 3385 1559 3461 Evangelii
1583 3386 1753 3448 auctorem

109 3484 449 3560 praesagiumvirDeo
461 3483 577 3560 plenus
587 3482 905 3559 intelligensreierri
959 3482 1753 3560 blasphemareconvincitur.Quibuspropositis,

110 3581 149 3640 ad
174 3581 494 3644 condescensionem
508 3581 708 3658 Apostoltcae
719 3580 902 3656 dignitatis
960 3596 1133 3642 successor
1144 3580 1287 3656 apostoli
1302 3581 1393 3640 Petri
1417 3596 1598 3643 conversus
1613 3581 1654 3642 ed
1668 3597 1754 3657 pau-

110 3679 321 3740 eubilaratus
335 3679 384 3740 est
399 3677 530 3754 spiritu,
542 3677 766 3753 fratribusque
787 3677 856 3738 suis
869 3677 905 3736 in
960 3694 1071 3756 perem
1088 3677 1221 3750 Christi,
1237 3677 1340 3738 dixit:
1354 3680 1431 3746 Ora,
1448 3678 1507 3749 tili,
1520 3679 1561 3738 ad
1572 3677 1752 3750 Christum,

111 3777 250 3838 Domino
266 3776 471 3847 confortatis,
483 3777 547 3838 iter
562 3776 695 3836 cumeis
711 3775 761 3838 est
774 3789 906 3850 aggres·
960 3777 997 3837 ut
1010 3791 1104 3836 suam
1120 3773 1215 3836 nobis
1230 3775 1333 3850 perte
1352 3775 1556 3839 voluntatem
1582 3775 1750 3850 ostendat;

111 3887 176 3933 sus.
193 3875 277 3934 Cum
292 3875 402 3935 autem
425 3873 466 3934 ad
482 3875 665 3934 Romanam
681 3873 809 3933 curiam
824 3887 905 3948 per·
960 3889 1024 3950 qua
1056 3872 1179 3933 certius
1209 3871 1353 3946 cognita,
1376 3872 1444 3932 tuis
1474 3871 1539 3948 piis
1576 3871 1752 3934 desideriis

111 3972 269 4044 venisset,
292 3975 325 4034 et
347 3971 568 4034 adduceretur
589 3973 666 4032 ante
690 3972 904 4048 conspectum
960 3970 1111 4032 securius
1140 3984 1343 4030 annuamus.
1373 3969 1614 4046 omnipotentis
1643 3971 1753 4030 autem

112 4070 230 4130 summi
249 4069 420 4130 pontilicis
438 4067 606 4148 (essetque
621 4068 744 4132 Christi
759 4068 905 4130 vicarius
960 4068 1019 4130 Dei
1038 4067 1194 4138 famulus,
1210 4068 1315 4128 totum
1328 4082 1364 4128 se
1384 4065 1561 4128 conterens
1582 4065 1624 4128 ad
1646 4081 1751 4128 oran-

112 4162 145 4222 in
160 4166 286 4240 palatio
309 4166 538 4238 Laterauensi,
552 4166 587 4226 in
607 4165 691 4238 loce,
706 4165 762 4243 qui
783 4165 905 4226 dicitur
959 4166 1048 4237 dum,
1065 4163 1220 4242 precibus
1238 4164 1366 4226 devotis
1381 4163 1534 4236 obtinuit,
1548 4165 1581 4226 et
1595 4163 1680 4241 quod
1692 4179 1755 4225 ex-

113 4262 301 4337 Speculum,
314 4263 540 4335 deambulans,
554 4263 631 4325 altis
643 4263 824 4341 occupatus
839 4279 904 4324 me·
958 4265 1063 4326 terius
1078 4263 1150 4340 ipse
1164 4261 1339 4339 proterret,
1358 4263 1391 4325 et
1402 4262 1489 4339 quod
1503 4262 1646 4324 interius
1658 4265 1750 4340 Papa·

112 4358 905 4438 dilationibus,Christifamulumtanquamigno·
959 4363 1109 4424 sentiret.

112 4456 189 4529 tum,
204 4459 329 4535 repulit
341 4458 565 4535 indignanter.
583 4461 653 4530 Quo
668 4459 841 4519 humiliter
853 4458 905 4520 io·
997 4461 1083 4520 Nam
1098 4473 1173 4520 oum
1188 4459 1381 4537 parabolam
1405 4457 1445 4520 de
1464 4459 1567 4520 divite
1581 4474 1660 4535 rege
1678 4474 1752 4519 cum

113 4567 165 4614 ras
176 4571 323 4632 egresso,
334 4556 485 4633 sequenti
496 4558 592 4618 nocte
604 4555 793 4632 hujusmodi
807 4571 905 4619 reve-
959 4557 1098 4618 muliere
1121 4557 1266 4620 formosa
1296 4561 1329 4620 et
1357 4573 1502 4634 paupere
1538 4557 1754 4619 contrahente

114 4649 190 4714 latio
205 4653 294 4716 iacta
310 4657 361 4715 est
384 4669 404 4714 a
425 4656 492 4715 Deo
507 4652 570 4730 ipsi
586 4668 713 4714 summo
736 4652 901 4714 Pontifici.
958 4655 1140 4731 gratanter,
1158 4655 1241 4716 etde
1264 4655 1356 4730 prole
1379 4655 1542 4731 suscepta,
1555 4651 1754 4730 praeferente

113 4749 249 4814 Videbat
270 4767 412 4828 namque
437 4751 525 4814 inter
547 4751 647 4828 pedes
669 4765 748 4812 suos
760 4751 903 4826 palmam
958 4753 1150 4828 generantis
1164 4753 1264 4828 Regis
1275 4752 1465 4828 imaginem,
1476 4766 1516 4810 ac
1528 4765 1588 4827 per
1600 4750 1663 4812 boc
1676 4749 1754 4812 edu·

114 4849 270 4921 paulatim
295 4863 517 4921 succrescere,
547 4850 579 4911 et
603 4849 638 4909 in
660 4848 813 4909 arborem
829 4849 905 4924 pul·
939 4849 1064 4928 ¹canda
1079 4849 1247 4910 demensa
1273 4849 1389 4925 ipsius,
1417 4849 1504 4910 sicut
1527 4863 1545 4908 a
1568 4850 1635 4909 Deo
1653 4864 1752 4910 acce-

115 4943 310 5008 cherrimam
343 4947 479 5008 elevari.
503 4949 543 5008 Et
570 4961 610 5008 eo
639 4946 797 5016 mirante,
824 4945 903 5022 quid
959 4949 1063 5023 perat,
1088 4947 1269 5018 retulisset,
1293 4962 1336 5008 ex
1361 4946 1452 5006 illius
1477 4946 1752 5022 interpretatione

114 5039 183 5102 haec
194 5043 280 5106 visio
301 5045 402 5106 vellet
422 5044 607 5115 ostendere,
631 5043 745 5104 divina
766 5044 824 5104 lux
845 5045 904 5104 im·
959 5045 1131 5121 subjunxit
1158 5062 1165 5106 :
1190 5046 1267 5107 Non
1302 5046 1353 5106 est
1379 5043 1634 5115 formidandum,
1666 5043 1753 5120 quod

114 5141 233 5211 pressit
253 5143 355 5205 menti
379 5142 485 5218 ipsius
509 5142 631 5202 Christi
653 5141 785 5213 vicarii,
816 5141 902 5218 quod
959 5143 1045 5204 tame
1063 5145 1200 5219 pereant
1215 5142 1331 5204 aeterni
1347 5143 1447 5218 Regis
1463 5142 1523 5204 tilii
1538 5145 1571 5204 et
1590 5142 1753 5214 haeredes-,-

114 5233 183 5296 haec
196 5239 305 5314 palma
327 5239 420 5300 illurn
435 5255 624 5316 pauperem,
641 5255 737 5314 quern
757 5240 792 5299 in
812 5255 903 5315 prae·
958 5241 1014 5318 qui
1029 5242 1068 5303 ad
1080 5241 1259 5316 imaginem
1276 5240 1376 5315 Regis
1390 5238 1512 5301 Christi
1527 5255 1586 5316 per
1609 5238 1753 5316 Spiritus

115 5333 238 5397 cedenti
254 5337 306 5397 die
322 5337 501 5414 repulerat,
526 5337 731 5412 designabat.
753 5339 793 5399 Et
806 5353 902 5398 mane
960 5339 1073 5399 Sancti
1086 5338 1241 5402 virtutem
1262 5337 1302 5398 de
1324 5353 1469 5414 paupere
1485 5338 1591 5402 matre
1614 5337 1695 5408 nati,
1722 5337 1755 5398 et

116 5435 261 5506 sequenti
285 5434 455 5496 mandavit
479 5451 538 5511 per
561 5451 639 5495 suos
667 5433 808 5494 famulos
843 5450 903 5510 per
957 5436 1021 5512 ipsi
1037 5451 1096 5511 per
1117 5435 1270 5511 spiritum
1285 5435 1490 5512 paupertatis
1515 5436 1592 5496 sunt
1611 5435 1647 5494 in
1668 5432 1753 5494 reli-

116 5525 226 5590 urbem
250 5531 373 5593 dictum
397 5547 576 5610 pauperem
601 5532 716 5608 quaeri.
734 5534 835 5604 Quem
849 5533 903 5592 in·
956 5534 1055 5610 gione
1070 5532 1272 5610 paupercula
1292 5533 1486 5608 generandi.
1511 5533 1546 5593 Si
1567 5531 1656 5594 enim
1681 5533 1753 5592 Rex

116 5627 243 5688 ventum
275 5630 373 5707 juxta
421 5631 621 5692 Lateranum
664 5629 698 5690 in
745 5628 902 5706 hospitali
957 5632 1116 5694 coelorum
1142 5631 1364 5692 imitatoribus
1404 5631 1474 5692 suis
1503 5644 1640 5705 regnum
1675 5641 1754 5704 pro-
