4114 6396
90 251 169 314 1085

85 425 205 487 panem
231 408 370 486 fraudis,
395 411 429 474 et
451 411 617 476 mendacii
637 427 751 474 secum
773 410 880 474 deteri

86 508 284 583 negotiator.
304 508 450 570 Zabulon
472 525 539 570 non
558 508 725 572 interiecit
745 510 879 576 cetron,

23 627 32 638 ·
86 607 120 667 et
134 605 266 666 Naalol.
286 604 432 668 Zabulon
447 606 686 683 iuterpretatur
700 605 879 669 babitacu-

86 701 878 778 lumfortitudinlsmetron,thimiama:Naalot

85 798 234 861 laudatio
265 800 515 876 interpretatur.
543 800 689 862 Zabulon
717 816 797 876 ergo
830 801 881 863 est

85 895 181 958 fortis
209 897 244 958 in
272 897 439 972 operibus,
474 896 507 958 et
538 913 605 958 non
631 898 781 960 removet
807 897 879 959 tbi·

84 994 218 1065 miama,
232 993 320 1074 idest
333 993 570 1056 delectationes
583 995 695 1058 carnis
708 995 749 1056 de
764 993 877 1065 corde,

86 1090 120 1152 et
147 1089 279 1150 laudem
302 1090 505 1152 adulationis
531 1105 574 1152 ex
602 1107 670 1163 ore,
702 1093 734 1152 et
761 1106 879 1152 manus

85 1202 165 1248 suas
191 1203 259 1248 non
282 1187 408 1250 excutit
431 1187 472 1248 ab
497 1188 587 1251 omni
610 1203 764 1262 munere;
791 1188 879 1250 unde

85 1284 299 1362 redarguitur
310 1285 345 1346 in
355 1285 440 1360 lege.
452 1301 471 1344 s
485 1286 515 1346 N
518 1301 560 1346 on
575 1285 789 1348 misereberis
800 1300 880 1361 gen·

84 1381 215 1454 tium»
236 1381 322 1444 idest
341 1381 509 1454 vitiorum,
531 1383 618 1446 sicut
640 1382 703 1455 illi,
725 1383 781 1460 qui
800 1383 878 1462 pal-

86 1481 176 1556 pant,
217 1493 279 1540 nec
318 1478 577 1556 reprehendunt.
620 1480 714 1542 Unde
749 1483 878 1556 Grego-

86 1576 157 1636 rius
182 1573 252 1656 (1):
279 1577 363 1638 Sunt
386 1575 537 1654 plerique
552 1573 612 1654 (2),
641 1577 698 1653 qui
724 1591 879 1653 compas-

85 1673 213 1736 sionem
228 1673 392 1750 proximo,
407 1687 475 1736 non
489 1673 722 1752 spiritualiter,
736 1673 794 1736 sed
808 1688 880 1736 car·

85 1771 209 1832 naliter
231 1771 438 1847 impendunt,
465 1771 502 1832 ut
522 1770 555 1832 ei
578 1785 645 1832 non
666 1770 708 1832 ad
726 1770 877 1843 virtutes,

85 1868 144 1930 sed
158 1868 254 1946 quasi
269 1867 458 1930 miserendo
474 1867 515 1928 ad
536 1866 652 1945 culpas
674 1866 820 1928 faveant.
837 1867 880 1928 Hi

85 1981 218 2028 crucem
241 1965 330 2027 ierre
352 1965 509 2026 videntur
532 1980 592 2042 per
616 1955 880 2042 compassionem

83 2061 240 2138 proximi,
275 2063 332 2126 sed
367 2063 543 2124 Dominum
578 2077 645 2124 non
683 2061 878 2140 sequuntur.

83 2161 191 2222 «Nec
211 2159 432 2222 associaberis
454 2159 586 2222 filiabus
607 2173 769 2232 eorum»
794 2158 880 2220 idest

84 2257 230 2318 animam
245 2257 337 2319 tuam
351 2256 485 2318 filiabus
500 2256 624 2318 diaboli
639 2273 646 2318 :
664 2256 736 2328 Vel,
752 2270 814 2316 nec
830 2270 881 2316 so-

85 2353 229 2416 ciaberis
252 2355 393 2416 cumeis
415 2355 582 2432 conjugio,
605 2353 690 2416 idest
711 2369 777 2416 non
800 2368 881 2414 con-

84 2450 266 2528 glutinabis
281 2452 427 2512 animam
439 2452 542 2522 tuam,
559 2453 595 2513 ut
610 2451 659 2514 eis
677 2449 878 2512 consentias.

84 2564 104 2607 s
120 2549 195 2610 Non
217 2548 312 2610 dabis
334 2548 438 2610 filiam
457 2538 547 2610 t'uam
563 2547 633 2608 tilio
648 2549 732 2624 ejus.
749 2564 767 2607 a
784 2546 879 2608 Multi

85 2643 174 2705 lilios
187 2660 277 2716 suos,
293 2645 381 2724 idest
393 2660 494 2724 opera
510 2643 641 2706 filiabus
656 2643 791 2716 diaboli,
806 2657 879 2722 quae

83 2740 164 2803 sunt
176 2743 313 2819 septem,
331 2741 466 2804 tradunt
486 2741 528 2804 ad
544 2741 687 2820 nuptias,
705 2741 763 2802 sed
781 2739 880 2818 pauci

84 2839 202 2902 volunt
224 2839 421 2902 contrahere
445 2855 520 2902 cum
544 2838 615 2900 iiiia
645 2838 779 2900 Christi.
804 2838 879 2900 Istae

84 2935 165 2998 nliae
190 2938 333 3008 satana,
351 2937 422 2998 sive
442 2935 565 3000 diaboli
588 2939 664 2996 sunt
684 2935 808 3012 septem
822 2935 879 2996 vi-

82 3033 143 3105 tia,
161 3049 234 3111 quae
250 3034 346 3094 multi
360 3033 555 3110 approbant,
573 3033 606 3096 et
619 3032 801 3112 reprobant
815 3032 880 3096 vir·

83 3132 184 3194 tutes.

125 3229 171 3290 Et
185 3229 377 3293 didicerunt
400 3242 506 3302 opera
530 3242 663 3300 coruum,
690 3227 724 3290 ct
746 3229 880 3290 scrote-

83 3327 168 3388 runt
181 3327 390 3400 sculptilibus
408 3340 540 3388 coraula.
562 3327 600 3386 ln
621 3323 879 3388 Deuteronomio

85 3422 131 3503 (7,
147 3421 180 3502 5)
194 3445 201 3483 :
216 3440 236 3483 s
249 3427 335 3484 Aras
349 3438 464 3484 eorum
481 3421 675 3494 subvertite,
689 3421 721 3484 et
736 3419 881 3482 confrin-

82 3521 154 3596 gite
169 3521 308 3590 statuas,
330 3517 490 3580 succidite
512 3518 617 3589 lucos,
641 3519 674 3580 et
693 3517 880 3580 comburite

85 3617 267 3695 sculptilia.
284 3633 303 3676 a
319 3619 385 3678 Per
398 3629 494 3686 arus,
511 3615 632 3676 mentis
647 3613 748 3676 elatio
764 3613 880 3674 contra

84 3718 190 3778 Deum
211 3729 296 3792 :per
314 3714 462 3784 statuas,
483 3711 610 3776 idolum
632 3710 772 3790 peccati,
793 3709 880 3790 quod

83 3812 228 3887 erigitur
242 3826 342 3888 super
356 3809 500 3872 mantem
515 3824 575 3888 per
589 3806 799 3886 superbiam:
820 3821 881 3886 per

83 3916 189 3984 tucos,
215 3907 475 3972 circumstantiae
498 3905 637 3985 peccati,
667 3920 740 3984 quae
760 3903 882 3967 debent

86 4005 228 4079 succidi,
244 4006 322 4083 quia
342 4004 530 4068 accendunt
550 4003 718 4066 bominem
739 4002 780 4066 ad
800 4017 881 4080 peo-

84 4105 240 4168 candum.
254 4105 372 4166 Omnia
388 4104 452 4166 ista
467 4101 667 4164 destruenda
683 4101 760 4162 sunt
774 4100 810 4162 in
824 4099 882 4162 bc·

85 4201 187 4262 mine.
210 4203 256 4261 De
281 4201 468 4264 succisione
487 4199 567 4272 luci,
589 4199 623 4261 et
643 4212 712 4262 arae
735 4197 882 4260 destruc·

86 4297 180 4358 tione
193 4297 354 4358 habemus
374 4297 645 4360 concordantiam
660 4296 696 4358 in
715 4294 800 4356 libro
817 4296 880 4356 Ju-

89 4391 202 4452 dicum
217 4389 262 4469 (6,
277 4393 318 4452 25
332 4394 365 4455 et
377 4394 445 4472 26),
466 4393 523 4454 ubi
538 4392 696 4470 praecepit
715 4393 802 4454 Deus
817 4393 882 4452 Ge·

87 4486 200 4556 deoni,
216 4487 351 4550 dicens:
367 4504 386 4547 s
400 4490 558 4550 Destrues
579 4504 673 4550 aram
693 4488 785 4562 Baal,
807 4501 881 4564 quae

86 4585 139 4649 est
154 4583 259 4661 patris
274 4583 323 4646 tui
340 4605 347 4644 z
372 4585 406 4646 et
424 4599 552 4656 nemus,
568 4585 760 4662 quodcirca
776 4585 882 4646 altare

87 4682 150 4754 est,
167 4680 330 4752 succides,
342 4679 500 4744 »scilicet
513 4681 798 4744 circumstantiam
809 4695 882 4758 pec·

89 4781 257 4854 catorum3
274 4779 307 4840 et
326 4779 375 4840 sic
392 4795 411 4838 s
426 4775 606 4840 aedificabis
622 4777 728 4839 altare
743 4777 882 4839 Domino

87 4880 157 4938 Deo
170 4879 237 4941 tuo.
254 4876 464 4951 »scorpium
475 4875 675 4945 conducite,
691 4873 777 4936 idest
789 4875 882 4936 actus

88 4975 230 5050 peccati.
254 4973 428 5050 sculptilia
453 4973 531 5034 sunt
549 4973 685 5050 peccata
706 4971 742 5034 in
763 4985 881 5047 opere;

89 5067 880 5144 conflatileestdeliberatiopravaecogitetionis:

127 5281 168 5352 (1)
184 5283 226 5338 Er
241 5279 325 5338 Hom.
339 5277 374 5342 32
389 5279 418 5336 in
434 5281 514 5338 Evan

127 5352 168 5420 (1)
189 5351 260 5408 Sunt
279 5350 416 5423 plerique,
436 5356 491 5432 etc.
515 5295 547 5407 fn
561 5347 639 5432 ¹edit.
662 5347 753 5405 Maur.
779 5346 882 5430 Paris,

91 5429 161 5478 tom.
177 5422 200 5488 1,
214 5420 268 5502 col.
285 5421 365 5487 1589,
378 5435 407 5478 n.
419 5421 446 5490 3,
459 5420 633 5501 siclegrturq
648 5419 883 5500 compassionem

90 5485 882 5632 ululatatusstuttttttuntlttt

464 253 572 317 ruas
600 237 745 316 ratus.
761 281 802 300 -
819 253 1040 318 uxrosmro
1068 255 1112 316 us
1141 253 1346 321 rennues

1646 259 1727 322 ‘losa

933 411 987 475 vel
1008 411 1187 486 conflatile,
1209 414 1346 491 peccata
1367 413 1403 476 in
1422 428 1496 490 ore;
1521 419 1728 494 quaomnia

934 508 1054 572 debent
1064 510 1225 584 comburi,
1238 511 1271 574 et
1280 511 1474 574 annihilari.
1486 513 1729 578 concordantia

934 606 1076 670 babetur
1089 608 1124 670 in
1140 609 1257 686 quarto
1273 611 1399 684 Regum
1422 606 1487 687 (23,
1503 611 1522 672 1
1541 609 1583 670 ad
1602 608 1647 689 7),
1671 611 1728 674 ubi

934 703 1068 776 dicitur,
1097 705 1184 782 quod
1214 705 1425 782 protulerunt
1450 707 1593 768 statuam
1617 707 1665 788 (3)
1687 709 1728 770 de

934 799 1011 863 iano
1034 801 1128 873 baal,
1151 803 1185 864 et
1208 802 1473 872 combusserunt,
1500 805 1532 865 et
1557 802 1729 866 cominus-

934 898 1014 959 runt
1026 913 1111 972 eam,
1122 898 1361 960 destruxerunt
1373 915 1502 978 quoque
1515 900 1621 964 adem
1633 902 1726 970 Baal,

934 996 967 1057 et
978 993 1129 1058 iecerunt
1143 1010 1202 1072 pro
1218 1009 1258 1056 ea
1271 994 1413 1059 latrinas
1428 999 1617 1074 perpetuas.

973 1092 1020 1152 De
1035 1090 1112 1153 iano
1126 1091 1220 1162 Baal‚
1243 1091 1330 1154 idest
1347 1092 1388 1154 de
1410 1094 1520 1155 mento
1541 1093 1728 1169 peccatoris

934 1185 1101 1263 protertur
1116 1188 1224 1250 statua
1239 1187 1379 1266 peccati,
1389 1204 1462 1266 quae
1475 1188 1641 1266 eiicienda
1656 1191 1726 1252 est:

934 1283 1031 1348 debet
1057 1285 1158 1346 etiam
1187 1284 1378 1358 comminui,
1408 1287 1442 1346 et
1469 1285 1618 1348 comburi
1648 1287 1727 1362 igne

934 1379 1157 1455 contritionis
1185 1381 1218 1444 et
1242 1381 1424 1444 comminui
1452 1397 1512 1459 per
1537 1382 1726 1446 contessio-

934 1493 1031 1539 nem:
1049 1479 1082 1540 et
1096 1479 1200 1540 aedem
1216 1477 1312 1540 debet
1335 1478 1517 1552 destruere,
1536 1479 1624 1542 idest
1642 1496 1727 1543 con-

933 1574 1350 1650 versationem;etlucum‚
1361 1575 1449 1641 idest
1459 1571 1728 1640 circumstantias

934 1673 1157 1752 peccatorum.
1177 1673 1248 1734 Nec
1270 1672 1334 1736 hoc
1357 1672 1454 1736 debat
1477 1673 1640 1748 sufficere,
1669 1675 1728 1738 sed

934 1767 1045 1832 iacere
1070 1767 1117 1829 ibi
1142 1768 1301 1841 latrinas,
1331 1769 1418 1833 idest
1446 1769 1727 1834 abominationem

934 1865 1158 1946 peccatorum,
1172 1867 1205 1928 et
1220 1865 1371 1930 foetorem
1386 1882 1500 1930 eorum
1520 1883 1652 1946 semper
1665 1868 1730 1930 ba·

933 1961 1013 2026 bere
1027 1963 1063 2024 in
1078 1963 1249 2034 memoria,
1265 1965 1299 2026 et
1313 1963 1348 2028 in
1363 1963 1501 2026 naribus
1516 1964 1622 2042 ipsius
1639 1982 1729 2028 men·

933 2059 977 2121 tis
992 2059 1033 2120 ad
1048 2060 1285 2122 destruendum
1300 2077 1358 2137 ea;
1375 2062 1409 2126 et
1422 2063 1471 2124 sic
1486 2060 1638 2127 iaciendo
1652 2079 1728 2126 eum

934 2155 1124 2218 abhorreat.
1154 2157 1249 2220 Unde
1269 2158 1424 2222 ieremiae
1446 2157 1511 2240 (19,
1526 2157 1560 2238 6)
1580 2160 1728 2224 :stituit

935 2255 1192 2318 DominuszNou
1205 2254 1379 2316 vocabitur
1389 2255 1533 2332 amplius
1548 2255 1641 2316 locus
1650 2256 1726 2328 ista,

934 2350 1095 2429 Tophetb,
1118 2351 1153 2414 et
1174 2349 1272 2414 vallis
1298 2351 1360 2414 filii
1386 2354 1524 2424 Ennom,
1548 2352 1605 2414 sed
1628 2352 1728 2416 vallis

935 2447 1169 2510 occisionis.»
1196 2448 1346 2526 Tophetb
1373 2447 1612 2526 iuterpretatur
1645 2449 1728 2512 lati·-

933 2543 1013 2606 tudo
1023 2567 1031 2604 ε
1040 2548 1179 2617 Ennom,
1191 2546 1289 2607 vallis
1300 2545 1457 2619 tristitiae,
1466 2546 1544 2623 quia
1557 2545 1593 2607 in
1605 2548 1727 2622 mente,

935 2642 991 2703 ubi
1007 2640 1070 2704 luit
1082 2642 1258 2704 delectatio
1273 2643 1413 2720 peccati,
1430 2642 1526 2705 debet
1540 2659 1614 2705 esse
1628 2643 1727 2708 vallis
1767 2677 1772 2685 ·
1808 2715 1810 2722 Ι

934 2739 1092 2808 tristitia,
1104 2741 1137 2802 et
1146 2739 1310 2800 maeroris
1327 2740 1570 2802 concordantia
1580 2740 1728 2802 secundo

935 2835 1214 2912 Paralipomenon
1228 2834 1293 2914 (15,
1310 2833 1362 2914 16)
1375 2857 1383 2896 z
1398 2851 1416 2895 ‹
1430 2835 1539 2898 Sedet
1553 2836 1728 2898 Maacbam

935 2933 1074 2994 matrem
1088 2932 1178 3008 regis
1195 2931 1349 3009 deposuit
1362 2948 1405 2995 ex
1419 2933 1561 3008 augusto
1574 2934 1726 3010 imperio,

935 3045 975 3091 eo
989 3030 1075 3107 quod
1096 3029 1229 3091 iecisset
1247 3028 1428 3090 simulacra
1444 3027 1492 3108 (4)
1508 3030 1543 3091 in
1559 3030 1646 3103 luco,
1663 3047 1682 3092 a
1696 3031 1730 3094 et

934 3127 1060 3188 idolum
1088 3127 1169 3188 Baal
1203 3111 1412 3198 comminuit,
1442 3127 1475 3187 et
1503 3126 1661 3189 contrivit
1691 3127 1728 3188 in

934 3224 1052 3297 frusta,
1062 3225 1096 3286 et
1111 3225 1281 3302 pulverem
1297 3223 1475 3286 contritum
1490 3225 1602 3301 posuit
1612 3223 1648 3286 lu
1664 3224 1728 3289 tor·

934 3322 1028 3383 rente
1047 3321 1188 3382 Gedron.
1212 3324 1249 3383 In
1270 3320 1418 3383 torrente
1442 3321 1598 3384 videlicet
1618 3322 1732 3400 lacry-

935 3433 1064 3480 marum
1086 3417 1183 3480 debet
1203 3419 1342 3492 conteri,
1360 3420 1393 3480 et
1407 3418 1556 3483 comburi
1576 3435 1636 3495 per
1654 3435 1731 3482 con·

934 3515 1124 3588 sessionem,
1141 3517 1177 3578 ut
1200 3516 1324 3578 dictum
1348 3517 1410 3586 est,
1433 3516 1561 3592 peccati
1583 3516 1728 3584 simula-

935 3629 1039 3684 crum,
1064 3612 1149 3690 quod
1175 3613 1325 3690 procedit
1348 3627 1391 3674 ex
1413 3613 1566 3674 Maaclua.
1587 3615 1729 3676 Maacba

934 3709 1174 3786 interpretatur
1199 3708 1368 3780 mollities,
1390 3708 1442 3770 vel
1471 3709 1621 3777 tentatio,
1650 3711 1729 3787 quia

936 3805 1092 3868 mollities
1107 3804 1230 3876 carnis,
1249 3805 1301 3866 vel
1318 3804 1454 3868 tentatio
1471 3805 1664 3882 deponenda
1679 3807 1731 3873 eat

936 3903 1091 3976 amente,
1108 3904 1141 3964 et
1155 3901 1326 3982 peccatum
1350 3901 1448 3966 debet
1467 3903 1649 3965 comminui
1670 3919 1731 3982 per

936 4001 1082 4065 minutas
1097 4002 1220 4077 partes,
1237 4001 1270 4062 et
1284 3999 1364 4078 poni
1376 3999 1412 4060 in
1426 4001 1573 4062 torrente
1586 4000 1728 4074 cedron,

935 4099 1021 4161 idest
1035 4113 1110 4158 cum
1124 4097 1262 4159 tristitia
1277 4096 1397 4160 mentis
1412 4097 1447 4158 in
1463 4097 1662 4162 contritione
1676 4098 1731 4161 de·

934 4193 1015 4256 bant
1040 4194 1197 4272 lacrymae
1230 4193 1351 4268 liuere,
1381 4193 1592 4258 destruentes
1621 4194 1731 4272 ipsum

935 4293 1120 4370 peccatum.
1464 4344 1471 4355 ,

975 4388 1249 4452 immolaverunt
1271 4389 1360 4460 tilios
1381 4403 1473 4461 suos,
1494 4390 1528 4451 et
1549 4389 1639 4461 littus
1658 4393 1731 4452 dcc-

935 4489 1072 4558 mentm,
1096 4485 1183 4548 idest
1201 4499 1314 4561 opera,
1331 4499 1471 4562 quorum
1486 4483 1638 4560 quaedam
1653 4487 1731 4548 sunt

936 4580 1730 4663 tortia,quaeda1uninusfortia.Filiisuntopera

936 4679 1058 4742 sortia:
1075 4679 1170 4742 Filiae
1186 4692 1288 4756 opera
1303 4677 1414 4740 minus
1436 4676 1547 4745 tortis,
1564 4693 1636 4755 quae
1652 4679 1729 4758 qui-

937 4777 1012 4841 dem
1027 4776 1225 4859 quandoque
1240 4773 1413 4838 immolant
1428 4772 1560 4838 diabole
1575 4791 1635 4852 per
1653 4793 1732 4852 pec-

937 4876 1058 4945 catum,
1083 4872 1168 4949 quod
1193 4871 1397 4950 perpetrant.
1422 4871 1639 4934 immolantur
1662 4872 1732 4936 dae-

938 4971 1058 5033 moniis
1073 4969 1145 5040 tilii,
1163 4969 1197 5032 et
1211 4968 1300 5039 iliiae,
1317 4967 1395 5030 dum
1416 4965 1504 5028 bona
1526 4984 1627 5046 opera
1641 4985 1733 5041 mor-

937 5068 1107 5130 tificantur
1119 5081 1178 5143 per
1196 5066 1386 5142 peccatum3
1411 5064 1497 5126 unde
1514 5065 1669 5128 ieremias
1684 5067 1729 5146 (7,

937 5277 1014 5334 vitiis
1028 5274 1183 5349 pertrabat,
1203 5287 1268 5332 cum
1287 5271 1323 5331 ad
1346 5273 1445 5348 culpas
1466 5275 1586 5350 quisque
1601 5291 1658 5334 nun
1677 5278 1729 5335 de·

936 5348 1003 5406 beat
1020 5347 1248 5418 compassionem
1262 5357 1406 5415 exercere,
1421 5343 1471 5404 sed
1487 5347 1588 5404 zelum.

985 5419 1014 5484 3)
1034 5419 1076 5474 lix
1095 5431 1170 5479 vers.
1186 5429 1244 5488 syr.
1260 5420 1289 5472 et
1300 5413 1379 5472 arab.

987 5487 1016 5557 t)
1032 5487 1117 5560 vulg.
1131 5503 1137 5543 :
1153 5485 1335 5544 simulacrum
1347 5483 1452 5558 Priapi.
