4114 6396
83 249 171 312 1021
469 253 577 320 PARS
607 251 752 316 PRIMA.
773 283 813 300 -
832 253 1051 315 EXPOSI'PIO
1079 253 1125 316 IN
1154 254 1355 317 PSALMOS.
1653 261 1733 326 loaa

331 409 469 472 SERMO
491 410 645 474 CLXXII.
940 411 1167 482 ambulabunt,
1182 414 1218 476 et
1231 429 1297 476 non
1311 380 1507 477 deficient.»
1523 416 1585 478 Hic
1600 420 1662 488 est,
1678 419 1736 498 qui

78 535 128 594 De
148 533 309 610 refrigerio,
325 547 354 596 et
370 543 553 612 protectione,
570 554 655 614 quam
673 541 799 602 Christus
817 557 884 600 con·
939 507 1068 572 habitat
1088 511 1122 571 in
1138 511 1306 587 adjutffl'w
1327 511 1509 573 ‘numm‘
1526 517 1600 591 ¹9⁸⁰
1626 517 1737 578 muta*

161 626 224 682 pugg
239 624 322 683 nobis
335 628 362 683 pn
378 629 512 700 passione
527 644 577 701 pe,
591 645 705 688 omem
720 646 812 689 fluam·
939 603 1029 666 bitur
1048 605 1089 668 de
1112 608 1280 668 mundana
1295 609 1571 671 conversatione:
1588 615 1736 674 assumet

80 754 245 826 Scapulis
255 755 329 814 sais
343 742 555 817 obumbrabit
566 757 637 827 tibi,
647 758 749 818 etsob
761 761 886 831 penoris
940 715 1074 876 {33:¹53
1088 706 1176 860 ,⁸1¹3ss
1196 705 1737 886 ῗὲυέὲῗὶῑὲἶθῗθὲῑξζΐὲἒιέῑῗὶ(ἓξ

127 853 205 924 ejas
215 853 371 924 sperabis
384 867 394 910 :
403 852 499 912 scoto
511 853 736 916 circumdabit
749 855 781 914 tc
791 858 887 916 vert·
940 893 992 974 11)
1010 917 1018 954 :
1033 897 1129 958 Sim
1149 901 1264 970 aqum
1279 913 1475 972 provocans
1492 905 1538 962 ad
1551 905 1737 964 comodum

128 949 185 1008 ωε
198 962 283 1018 Μ’
304 947 408 1026 (Psal‘
423 949 473 1018 90’
490 953 509 1010 4
524 949 557 1010 et
570 947 616 1028 5')
936 996 1047 1065 pallos
1072 1006 1164 1065 suos,
1189 993 1252 1054 etc.
1272 995 1479 1056 assumendo
1505 1013 1637 1058 crucem
1653 1014 1734 1075 pos-

128 1088 282 1150 Ghristus
310 1092 459 1162 scabidis
486 1092 571 1162 sois,
592 1089 662 1151 sive
678 1089 713 1150 in
736 1089 885 1154 humerls
940 1103 1053 1148 sumus
1062 1089 1176 1150 volare
1187 1088 1228 1150 ad
1241 1089 1371 1151 coelum.
1385 1092 1528 1154 Brachia
1537 1095 1646 1156 crucis
1657 1096 1736 1158 sunt

84 1187 160 1246 suis
187 1201 319 1250 crucem
346 1186 502 1262 portarit,
523 1190 556 1248 et
570 1187 666 1264 quasi
682 1202 808 1264 pennas
823 1187 886 1249 ha·
940 1183 1002 1245 alae
1020 1206 1027 1245 ε
1044 1200 1162 1261 pennae
1187 1187 1264 1248 sunt
1287 1188 1494 1264 contemptus
1514 1190 1578 1260 sui,
1595 1192 1629 1252 et
1649 1207 1734 1252 oon-

82 1281 162 1344 buit
177 1283 211 1342 in
227 1282 386 1356 brachiis,
400 1282 528 1344 scilicet
544 1281 692 1345 brachiis
711 1285 833 1358 crucis,
849 1285 884 1345 in
939 1283 1082 1360 temptas
1097 1284 1320 1344 terrenorum.
1342 1287 1422 1346 Haec
1442 1288 1493 1347 θεῖ
1515 1287 1569 1348 ala
1584 1287 1734 1362 sinistra,

85 1379 210 1457 quibus
226 1379 374 1442 brachiis
388 1379 466 1441 iecit
481 1381 731 1444 nobisscutum.
750 1383 884 1445 scutum
939 1395 1013 1456 quae
1039 1381 1090 1440 est
1114 1379 1150 1440 in
1177 1379 1297 1453 tribus,
1322 1380 1593 1444 indemnatione
1622 1397 1735 1444 reram

84 1479 140 1539 est
162 1477 289 1538 corium
311 1477 346 1538 in
369 1476 460 1553 ligno
476 1479 670 1550 extensum
688 1479 722 1540 et
734 1478 884 1540 Christus
938 1477 1185 1554 temporalium,
1212 1480 1245 1539 et
1263 1478 1297 1537 in
1317 1478 1468 1554 angariis
1485 1492 1634 1556 operum,
1651 1480 1734 1542 etin

84 1574 248 1636 extensus
259 1575 309 1636 est
323 1573 359 1635 in
374 1575 477 1650 ligno,
493 1577 529 1638 ut
543 1574 638 1637 nobis
650 1575 745 1637 tieret
755 1575 885 1636 scutum
940 1573 1119 1635 afflictione
1138 1574 1266 1650 proprii
1288 1576 1448 1652 corporis.
1464 1577 1558 1638 Hane
1578 1575 1735 1638 debemus

82 1670 122 1730 in
134 1669 347 1746 refrigerium
355 1671 471 1732 contra
482 1671 635 1732 ardorem
643 1671 883 1743 tribulationis,
939 1669 1121 1732 extendere
1134 1670 1175 1731 ad
1192 1671 1369 1733 Christum.
1385 1673 1498 1734 Altera
1514 1672 1567 1735 ala
1583 1675 1633 1735 est
1648 1673 1733 1736 dex-

84 1770 121 1829 et
150 1769 266 1828 contra
294 1767 440 1828 insultus
479 1769 685 1830 tentationis.
728 1771 886 1842 scapulis
939 1767 1024 1840 tera,
1038 1766 1167 1829 scilicet
1181 1767 1383 1829 desiderium
1401 1770 1535 1832 aeternae
1550 1770 1733 1834 felicitatis.

85 1865 311 1926 obumbrabit.
336 1865 492 1926 Umbram
514 1864 594 1926 iacit
616 1864 712 1927 nohis
735 1865 884 1927 Christus
940 1863 1086 1939 Utraque
1122 1863 1318 1937 volandum,
1347 1867 1381 1926 et
1417 1865 1661 1928 extendendum
1689 1866 1732 1928 ad

85 1961 124 2020 in
150 1959 362 2036 refrigerium
390 1961 505 2022 corrtra
531 1961 696 2038 triplicem
718 1962 884 2034 ardorem,
939 1957 1133 2020 felicitatem
1144 1961 1314 2022 aeternam.

87 2058 219 2119 scilicet
246 2059 361 2120 contra
396 2059 549 2120 ardorem
578 2059 700 2121 divinae
727 2059 883 2128 ultionis,
982 2056 1138 2132 Sequitur
1155 2072 1162 2116 :
1179 2058 1281 2120 scoto
1304 2059 1528 2120 circumdabit
1557 2059 1589 2120 te
1616 2061 1735 2120 contra

87 2155 206 2216 contm
221 2153 373 2214 ardorem
385 2155 592 2227 tentationis,
604 2156 719 2215 contra
730 2154 884 2215 ardorem
940 2167 1054 2222 omnes
1068 2153 1280 2214 tentationes.
1298 2154 1361 2224 Qui
1376 2154 1599 2217 circumdatus
1621 2156 1672 2218 est
1699 2155 1734 2216 in

86 2249 330 2313 tribulationis.
347 2251 443 2312 Unde
458 2250 556 2312 Isaiae
572 2249 617 2329 (4,
633 2251 697 2313 5θῖ
711 2250 744 2330 6)
762 2251 886 2312 :‹l‹lrit
940 2251 1045 2321 scuto,
1062 2251 1206 2326 protegit
1220 2251 1383 2314 secontia
1396 2251 1640 2328 omniajacnla.
1655 2255 1734 2314 Haeo

88 2347 262 2425 protectio,
283 2349 316 2409 et
335 2348 588 2410 tabernaculum
607 2347 639 2408 in
656 2347 885 2410 umbraculum
939 2349 991 2408 est
1010 2346 1122 2424 passio
1138 2347 1271 2418 Christi,
1294 2363 1368 2423 quae
1391 2349 1443 2409 est
1461 2347 1557 2420 liber,
1585 2347 1729 2424 signum,

87 2445 156 2505 diei
172 2444 213 2507 ab
228 2445 322 2518 aestu,
338 2445 372 2506 et
385 2443 420 2504 in
436 2444 662 2515 securitatem,
684 2445 717 2506 et
738 2444 884 2506 abscon·
940 2445 1089 2519 scutum
1105 2444 1232 2506 undeet
1247 2445 1658 2522 tenteturquissuperbia,
1674 2446 1734 2508 in-

89 2542 218 2602 sionem
233 2557 253 2602 a
268 2540 412 2616 turbine,
426 2543 491 2602 eta
507 2541 629 2618 pluvia.
645 2558 664 2601 a
678 2541 886 2603 Tabernacu·
939 2541 1032 2602 venit
1046 2541 1284 2616 protectionem
1300 2541 1409 2602 crucis
1425 2542 1653 2616 ignominiam,
1668 2556 1734 2619 qua

88 2639 170 2711 lum,
198 2639 327 2700 scilicet
350 2639 539 2700 humanitas
555 2638 690 2714 Christi,
712 2653 810 2715 quam
825 2647 884 2700 as·'
940 2638 1038 2699 debet
1048 2637 1231 2699 humiliari.
1248 2639 1284 2700 si
1299 2639 1399 2700 alicui
1420 2638 1551 2703 videtur
1567 2640 1735 2716 poeniten·

90 2736 242 2812 sumpsit,
259 2736 295 2797 at
309 2735 343 2796 in
359 2735 417 2797 illa
431 2734 589 2797 militaret
604 2743 664 2813 pro
684 2735 791 2807 nobis,
812 2736 885 2812 ipsa
939 2734 987 2796 tia
1014 2735 1137 2809 gravis,
1176 2733 1298 2796 habeat
1334 2735 1529 2800 memoriam
1565 2735 1733 2811 passionis

90 2838 142 2896 est
164 2832 259 2894 nobis
288 2831 537 2908 umbraculum
567 2833 654 2895 unde
681 2833 715 2896 in
740 2833 886 2896 Canticls
941 2830 1075 2902 Christi,
1093 2844 1166 2907 quae
1179 2831 1248 2892 tam
1263 2831 1357 2902 dura,
1369 2832 1403 2893 et
1416 2847 1536 2908 aspera
1550 2830 1623 2894 tuit.
1641 2831 1735 2893 Unde

91 2930 137 3010 (2,
153 2929 187 3010 3)
204 2952 211 2992 :
228 2930 327 2991 «Sub
345 2928 461 2992 umbra
472 2930 574 3000 illius,
596 2946 692 3008 quem
711 2929 885 2992 desidera·
940 2927 975 2988 in
996 2929 1085 2988 Luca
1101 2925 1165 3005 (23,
1181 2926 1234 3007 31)
1257 2927 1329 3006 ipse
1343 2927 1503 2989 Dominus
1524 2928 1571 2990 ait
1587 2945 1594 2984 ε
1609 2943 1628 2988 a
1644 2928 1679 2989 Si
1699 2929 1736 2988 in

92 3141 178 3186 meo.
200 3127 288 3186 Bene
303 3123 393 3196 dicit,
410 3124 537 3186 tructus
553 3127 625 3202 ejus
638 3125 744 3186 dulcis
759 3124 886 3200 gutturi
941 3124 1011 3184 Hoc
1026 3123 1076 3186 est
1092 3141 1099 3182 ε
1115 3122 1150 3184 Si
1165 3135 1238 3197 ego,
1255 3122 1313 3198 qui
1326 3121 1445 3184 viridis
1458 3135 1530 3182 sum
1545 3122 1637 3182 omni
1652 3137 1734 3197 gra-

91 3239 178 3294 meo,
196 3222 306 3299 »quia
326 3221 413 3282 alius
428 3220 522 3283 cibus
536 3222 760 3294 transitorius,
778 3221 885 3284 dulcis
940 3219 1063 3280 tiarum
1084 3219 1236 3290 humore,
1252 3218 1309 3295 qui
1332 3217 1405 3280 sine
1427 3219 1561 3295 peccato
1577 3232 1662 3290 sum,
1679 3219 1735 3295 qui

92 3322 143 3382 est
162 3319 292 3396 palat03
309 3322 382 3397 ejus
395 3318 533 3390 tructus,
551 3319 680 3382 scilicet
690 3321 812 3397 passio,
827 3319 887 3380 de·
941 3315 1068 3392 lignum
1092 3316 1169 3377 vitae
1195 3315 1303 3380 dictus
1319 3314 1423 3376 affero
1440 3314 1582 3378 fructum
1605 3315 1736 3391 gratim,

91 3416 255 3479 laetabilis
270 3419 322 3479 est
345 3417 465 3478 mentis
485 3417 667 3478 stomacho.
688 3419 767 3478 Haec
782 3419 833 3478 est
851 3416 886 3476 in
942 3413 1014 3474 sine
1045 3411 1124 3488 igne
1152 3412 1319 3488 passionis
1343 3413 1383 3472 de
1409 3412 1530 3472 mundo
1550 3427 1617 3474 non
1632 3427 1736 3474 exeo:

92 3514 302 3576 securitatem
312 3514 426 3575 contra
440 3510 592 3574 ardorem
604 3513 725 3574 dirinae
737 3512 885 3584 ultionis,
942 3523 1016 3585 quae
1040 3509 1205 3570 tormenta
1235 3510 1370 3570 manent
1394 3509 1427 3569 in
1448 3508 1538 3580 illos,
1559 3507 1739 3586 quiiructu

93 3610 302 3674 intercedens
326 3625 385 3688 pro
409 3609 506 3670 nobis
522 3630 530 3670 z
553 3611 585 3670 et
599 3608 852 3670 absconsionem
868 3623 896 3670 a.
943 3603 1145 3665 suntvacuit
1159 3604 1290 3666 Invenit
1304 3604 1405 3664 ettam
1420 3604 1535 3666 contra
1551 3605 1737 3680 torporem,

93 3709 224 3772 turbine
252 3706 457 3777 tentationis,
488 3707 521 3768 et
552 3721 572 3766 a
600 3705 714 3782 pluria
744 3703 888 3767 tribula·
943 3698 1111 3776 passionis
1132 3698 1307 3774 agoniam
1334 3701 1449 3760 contra
1471 3699 1737 3771 somnolentiam,

93 3807 206 3870 tionis.
943 3795 1198 3870 excitationem
1215 3794 1302 3856 unde
1325 3794 1457 3875 (Matth.
1471 3797 1523 3866 26,
1539 3793 1592 3873 40)
1609 3816 1615 3855 :
1633 3796 1741 3858 «Noa

133 3906 288 3978 Scapulis
299 3905 373 3965 stris
388 3899 563 3963 obumbrat
578 3898 693 3962 contra
711 3898 823 3974 ignem
837 3899 889 3959 dl·
941 3894 1103 3970 potuistis
1117 3907 1187 3955 aaa
1201 3865 1288 3954 bora
1302 3895 1448 3968 uigilare
1462 3895 1616 3954 mecam?
1629 3909 1647 3952 s
1658 3895 1740 3954 Con·

94 4001 180 4063 vinae
205 3999 361 4074 ultionis;
387 3996 475 4058 unde
500 3995 678 4074 Apostolus
704 3994 745 4056 ad
769 3995 888 4056 Colos—
943 3991 995 4053 tra
1020 3989 1107 4065 gulae
1141 3988 1394 4050 delectationem
1423 3987 1510 4049 aceti
1536 3987 1739 4061 acredinem,

96 4110 208 4160 senses
235 4095 278 4176 (2,
309 4098 347 4157 13
373 4097 408 4158 et
430 4093 481 4174 14)
497 4117 504 4155 :
521 4097 686 4156 chonans
715 4091 811 4156 nobis
841 4093 888 4172 (1)
944 4086 1030 4166 quod
1051 4085 1150 4148 debet
1168 4077 1303 4163 semper'
1322 4084 1447 4146 habere
1461 4085 1497 4148 in
1518 4085 1689 4159 memoria,
1708 4086 1742 4148 et

96 4196 205 4258 omnia
232 4193 352 4256 delicta
369 4215 376 4254 :
393 4193 506 4254 delens
532 4191 618 4270 quod
643 4189 803 4254 adversus
828 4201 888 4252 nos
943 4184 1109 4260 intingere
1132 4181 1328 4255 buccellam,
1344 4183 1380 4244 ut
1402 4182 1451 4244 sio
1466 4182 1631 4258 gulositas
1646 4179 1748 4244 aule·'

97 4293 167 4352 erat
181 4291 438 4367 chirographum
455 4289 595 4364 decreti,
612 4288 786 4366 quoderat
804 4301 888 4350 con·
944 4283 1049 4345 ratur.
1190 4282 1192 4286 ’

95 4383 233 4445 tranium
248 4383 343 4444 nobis
358 4386 391 4445 et
405 4385 512 4460 ipsum
526 4383 603 4445 tulit
617 4383 658 4444 de
673 4381 794 4453 media,
814 4380 890 4445 aili-

97 4494 176 4555 gens
191 4479 273 4540 illud
289 4479 396 4554 oruci3
415 4497 434 4540 a
450 4480 527 4557 quia
544 4480 695 4542 Christus
718 4479 889 4542 condona·
1175 4469 1315 4530 SERMO
1339 4467 1508 4528 CLXXIII·

96 4577 143 4639 vit
171 4575 266 4638 nobis
290 4575 402 4636 omnia
428 4575 549 4638 delicta
573 4576 769 4652 originalia,
785 4577 819 4638 et
833 4591 892 4636 aa·
1042 4596 1122 4666 Quod
1137 4597 1265 4670 (ΜΟ)
1279 4594 1511 4668 gpfflflgfpggg,
1530 4593 1643 4654 christi.

97 4673 219 4750 tualia3
236 4671 322 4751 quod
335 4671 536 4768 signumest,
546 4673 635 4748 quod
647 4673 747 4736 etiam
757 4689 890 4750 poenam

98 4771 199 4844 tollet,
217 4773 250 4834 et
264 4768 534 4845 chirographum,
551 4768 641 4845 quod
651 4770 702 4830 est
714 4769 890 4830 adversum

97 4885 167 4943 nos,
192 4868 270 4947 quia
294 4865 500 4930 conscientia
525 4867 650 4936 nostra,
676 4868 709 4927 et
738 4865 891 4926 diabolus
1053 4918 1068 4977 1
1106 4914 1119 4995 )

98 4965 230 5028 habebit
243 4966 320 5043 quid
342 4963 488 5042 objiciat.
507 4961 573 5024 Sub
589 4963 707 5041 pennis
724 4965 797 5039 ejus
813 4977 891 5039 spe·
1029 4961 1037 4988 '
1095 4959 1103 4975 ⁶

97 5063 186 5125 rabis
217 5063 333 5125 contra
353 5062 506 5122 ardorem
531 5058 774 5134 tribulationis3
804 5059 891 5120 unde
986 5056 1048 5118 Ilio
1062 5073 1129 5118 non
1155 5053 1541 5126 salvatorisindrmitas,
1563 5054 1620 5116 sed
1634 5058 1746 5132 ange-

99 5161 192 5222 Isatae
222 5157 286 5238 (40,
300 5157 376 5239 31):
403 5157 493 5230 «Qui
515 5158 652 5235 sperant
679 5157 714 5217 in
739 5156 890 5230 Domino,
946 5154 1055 5214 lorum
1069 5151 1320 5230 obsequentium
1335 5151 1510 5228 subjectio,
1527 5153 1560 5213 et
1581 5151 1744 5214 exultatio

98 5256 270 5319 mutabunt
295 5235 542 5330 tortitudinem,
569 5256 741 5316 assument
765 5268 893 5330 pennas
947 5251 1042 5328 quasi
1057 5249 1210 5311 manibus
1223 5247 1462 5325 plaudentium,
1478 5248 1743 5325 demonstratum

100 5354 183 5414 sicut
207 5351 342 5428 aquilae,
372 5354 518 5424 current,
534 5354 568 5413 et
593 5367 659 5413 non
680 5350 890 5425 laborabunt,
947 5348 1035 5409 unde
1050 5346 1206 5408 Habaouc
1222 5343 1266 5424 (3,
1288 5344 1340 5425 10)
1356 5367 1363 5406 :
1380 5361 1398 5404 a
1414 5345 1509 5408 Dedit
1523 5345 1663 5422 abyssus
1678 5363 1742 5408 ro-

947 4727 988 4784 la
1012 4725 1170 4784 mortibus
1189 4721 1377 4796 portabant
1392 4721 1436 4792 te,
1461 4735 1505 4781 ric
1525 4732 1678 4793 abacelam
1694 4717 1741 4799 (2)

986 4819 1140 4894 offendas
1154 4821 1198 4880 ad
1211 4821 1360 4893 lapidera
1368 4819 1491 4892 pedem
1510 4817 1619 4877 tuam.
1635 4814 1739 4896 (Psal.
1826 4877 1830 4884 ,

136 5563 173 5634 (ῖ)
192 5561 277 5633 Vulg.
298 5559 412 5618 :vobis
984 5557 1026 5628 (Ξ)
1044 5557 1087 5614 Ne
1099 5570 1233 5626 aegram.
1251 5555 1297 5613 Sic
1311 5556 1410 5628 legunt
1426 5557 1453 5613 S.
1471 5545 1626 5627 Gregorius
1640 5554 1669 5610 in
1684 5554 1742 5611 An·
