4204 6402
140 431 204 494 841
491 459 497 468 ·
519 429 628 496 PARS
656 429 800 496 PRIMA.
821 463 862 479 -
881 431 1101 496 expositio
1129 435 1173 496 IN
1202 433 1405 498 PSALMOS.
1717 428 1778 487 842

412 590 551 652 SERMO
575 593 654 652 cvl.
987 592 1258 669 propugnaculis,
1288 589 1473 654 adversarii
1500 588 1700 652 tentationes
1716 600 1778 646 ex-

157 718 458 777 becommendatione
469 719 650 791 tortitudinis,
662 728 690 778 et
703 719 765 795 ejus
776 721 912 795 partibus.
987 687 1089 764 penit·
1104 691 1238 750 salim
1261 688 1421 764 Passfflssfls
1436 686 1692 762 interpretatur;
1708 681 1780 741 ¹¹aess

986 783 1037 845 est
1047 781 1167 846 mentis
1181 783 1406 864 tranquillitas
1417 783 1458 844 ad
1472 782 1670 860 proximum.
1687 781 1781 850 Que-

187 843 441 918 Ρθῖῖῑῑῖῖῖαῑηθῃῖ
452 861 567 908 meam
582 846 670 908 ‘²⁶20
682 846 882 908 mmmm·
987 879 1068 942 libet
1082 869 1192 942 autem
1214 880 1354 941 istarum
1382 880 1519 942 uocatur
1546 879 1674 948 Morta,
1696 874 1782 936 idest
1848 913 1851 920 ·

406 939 509 1020 (Psal.
532 939 665 1021 58,10.)

179 1043 352 1134 noniiuoo
380 1073 432 1134 θεῖ
450 1073 557 1135 virtus
579 1073 760 1136 retundens
790 1071 933 1150 impetus
987 1069 1022 1132 in
1053 1072 1323 1149 supplantatione
1347 1073 1515 1143 vitiorum,
1540 1071 1575 1131 in
1602 1083 1779 1148 expugna·

139 1167 364 1231 adversitatis.
382 1169 553 1231 Fortitudo
575 1172 625 1232 est
648 1169 799 1230 laborum
815 1170 932 1231 consi·
987 1169 1077 1230 tione
1091 1169 1324 1240 tentationum,
1341 1171 1374 1230 et
1388 1169 1500 1239 etiam,
1515 1183 1588 1229 oum
1608 1169 1675 1244 tam
1697 1179 1782 1226 ven-

139 1265 255 1326 derata
279 1265 457 1342 susceptio,
482 1271 515 1328 et
536 1266 760 1343 periculorum
776 1266 934 1328 diuturna
987 1268 1057 1326 tum
1070 1265 1172 1326 luerit
1186 1265 1227 1326 ad
1250 1281 1376 1343 pacem,
1394 1281 1467 1343 quae
1494 1263 1701 1340 significatur
1721 1276 1782 1338 per

141 1361 322 1439 perpessio.
335 1363 507 1425 Fortitudo
522 1365 734 1440 comparatur
746 1363 847 1424 tiuvio
867 1377 932 1440 pa·
988 1364 1133 1434 solome,
1145 1363 1264 1439 adepta
1273 1366 1343 1440 jam
1352 1362 1493 1424 victoria
1506 1361 1547 1422 de
1558 1360 1661 1431 vitiis,
1671 1361 1782 1421 etten-

139 1459 256 1531 radisi,
268 1457 324 1537 qui
339 1463 452 1536 iiprts
464 1460 596 1532 dicitur,
611 1461 645 1522 et
656 1461 811 1538 prodiens
825 1460 865 1521 de
880 1475 935 1537 pa·
987 1459 1180 1528 talionibus,
1196 1463 1301 1522 restat
1312 1459 1498 1522 amaritudo
1512 1457 1689 1528 incolatus,
1706 1471 1780 1532 quae

140 1555 252 1618 radiso
267 1557 363 1618 oodtt
377 1558 499 1618 contro
511 1561 683 1631 assumus,
698 1559 754 1636 qui
769 1559 935 1633 intorpre-
988 1554 1025 1615 in
1048 1555 1173 1617 sanctis
1186 1556 1268 1617 viris
1284 1558 1335 1618 est
1360 1555 1581 1627 amarissima,
1598 1553 1781 1616 secundum

140 1653 229 1716 tatur
240 1652 390 1729 dirigens
403 1675 410 1714 :
425 1653 474 1715 sic
487 1653 645 1716 fortitudo
660 1657 775 1717 contra
790 1654 934 1716 directas
989 1651 1071 1712 illud
1089 1651 1224 1731 (lsa.38‚
1236 1652 1288 1731 17)
1302 1656 1522 1716 :amaritudo
1536 1667 1614 1714 mco
1633 1655 1781 1714 amaris·

142 1749 290 1827 procedit
304 1749 533 1812 adversitates.
988 1752 1089 1810 simo.
1101 1751 1146 1809 De
1157 1751 1220 1810 lroc
1228 1750 1387 1822 incolatu,
1403 1735 1572 1811 Zachariae
1586 1749 1702 1810 ultimo
1713 1747 1777 1826 (14,

180 1844 376 1908 inhabitabo
392 1848 426 1908 in
438 1847 654 1909 tabernaculo
669 1849 725 1910 tuo
746 1848 931 1920 insaecula,
989 1847 1028 1906 19
1041 1847 1073 1906 et
1084 1843 1136 1923 17)
1154 1867 1162 1905 z
1177 1861 1195 1904 c
1212 1849 1282 1908 Hoc
1301 1847 1367 1908 erit
1387 1849 1557 1924 peccatum
1575 1845 1723 1922 AEgypti,
1747 1846 1780 1906 et

142 1944 301 2020 protegar
320 1943 356 2004 in
378 1943 566 2006 velamento
592 1944 722 2005 alarum
740 1947 872 2006 tuarum
886 1943 932 2024 (1)
988 1941 1230 2017 bocpeccatum
1242 1943 1558 2020 omniumgentium,
1571 1957 1777 2020 quaenonas·

140 2038 950 2119 (Psal.60,5):sabernaculum,bomusmilitan-.
988 2038 1161 2100 conderint
1183 2039 1224 2100 ad
1246 2039 1460 2102 festivitatem
1474 2039 1778 2101 tabernaculorum.

138 2135 221 2196 tium
236 2137 323 2197 :tota
334 2135 772 2198 autemvitacbristianaest
783 2137 933 2197 militan-
988 2133 1138 2194 Nouerit
1152 2134 1270 2206 imber,
1292 2135 1348 2196 sed
1365 2136 1509 2196 ruina.»
1528 2136 1717 2196 Ascendere
1737 2133 1778 2194 ad

139 2233 182 2294 tis
192 2233 399 2305 exercitium,
411 2233 499 2294 undo
510 2233 572 2295 Job
584 2231 629 2311 (7,
642 2231 675 2311 1)
692 2253 699 2292 :
716 2249 734 2292 u
749 2234 869 2295 Militia
884 2235 936 2296 est
990 2229 1201 2292 festivitatem
1223 2231 1513 2292 tabernaculorum
1533 2233 1594 2302 est,
1608 2247 1667 2307 per
1693 2245 1781 2290 ama-

140 2329 208 2390 vita
222 2329 368 2390 hominis
383 2345 485 2406 super
497 2331 633 2391 terram.
645 2345 664 2390 a
678 2333 715 2391 ln
730 2330 874 2391 canticis
888 2328 932 2408 (7,
988 2325 1167 2387 ritudlnem
1183 2329 1333 2404 separari
1349 2327 1390 2389 ab
1406 2342 1520 2389 amore
1534 2327 1778 2404 temporalium,

142 2423 174 2504 1)
192 2447 200 2486 ε
216 2428 303 2492 outd
316 2429 446 2487 videbis
469 2429 506 2487 tn
528 2427 705 2500 sulamite,
724 2430 793 2488 ntst
814 2431 935 2489 citeros
989 2425 1022 2484 et
1035 2424 1189 2498 reputare
1203 2440 1241 2485 se
1253 2439 1385 2500 semper
1399 2425 1624 2501 peregrinum.
1639 2423 1729 2494 Quod
1751 2424 1779 2483 si

138 2522 348 2595 castrorum,
361 2521 447 2584 idest
461 2522 592 2593 choros,
607 2525 640 2584 et
652 2525 774 2584 castra.
790 2523 935 2584 Sulami-
989 2535 1055 2580 non
1070 2519 1138 2590 liat,
1155 2519 1267 2583 delicit
1285 2523 1396 2582 imber
1422 2522 1550 2598 gratiae,
1576 2522 1610 2582 et
1625 2520 1784 2582 benedic·

139 2618 183 2680 tis
206 2618 446 2696 interpretatur
470 2619 686 2692 mortificans,
716 2621 770 2681 vel
795 2620 935 2682 mortiti-
987 2616 1090 2678 tionis
1105 2615 1292 2686 dominicas,
1309 2619 1341 2679 ot
1356 2617 1458 2680 instat
1471 2621 1576 2679 ruina
1591 2618 1631 2678 de
1647 2617 1782 2694 peccato

140 2716 225 2788 cata,
242 2714 297 2776 uel
321 2717 488 2785 coccinea,
517 2715 687 2778 rubricata
711 2716 838 2778 scilicet
859 2733 934 2778 me·
989 2713 1024 2773 in
1037 2713 1219 2789 peccatum.
1236 2717 1306 2776 lloc
1322 2716 1373 2776 est
1392 2715 1478 2792 quod
1507 2715 1630 2790 legitur
1653 2716 1687 2775 in
1714 2717 1782 2775 tle-

140 2813 246 2873 moria
280 2813 454 2888 sanguinis
487 2813 655 2888 passionis
688 2815 768 2875 Jesu
799 2814 933 2874 Christi.
988 2811 1061 2871 nesi
1077 2809 1142 2888 (12,
1158 2809 1191 2889 8)
1209 2810 1398 2872 :Abraham
1421 2813 1560 2875 tetendit
1578 2812 1783 2874 tabernacu-

143 2909 314 2970 Sulamitis
327 2913 388 2980 θεῖ,
406 2909 463 2986 qui
477 2908 686 2971 mortificatis
702 2925 762 2985 per
783 2925 936 2971 macera·
989 2907 1056 2967 lum
1072 2907 1161 2969 iuter
1171 2909 1234 2969 Hui
1247 2908 1288 2970 ab
1303 2909 1442 2981 oriente,
1459 2911 1493 2971 et
1506 2909 1619 2972 Bethel
1635 2910 1676 2971 ab
1693 2911 1783 2972 occi·

142 3005 263 3068 tionem
295 3005 405 3066 carnis
434 3007 724 3084 concupiscentiis,
750 3006 935 3069 adversarii
989 3003 1096 3066 dente.
1115 3005 1178 3065 Hai
1200 3005 1438 3083 interpretatur
1460 3006 1546 3081 lons,
1568 3007 1621 3068 vel
1646 3008 1780 3082 oculus3

141 3101 194 3163 sui
207 3102 316 3163 castra
324 3102 512 3165 mortificat.
524 3105 590 3164 Per
598 3108 730 3176 eborea,
747 3104 932 3180 orationes3
988 3096 1116 3172 Betheb
1131 3101 1248 3163 domus
1264 3101 1334 3162 Dei.
1351 3104 1413 3175 Qui
1429 3119 1508 3179 ergo
1522 3103 1607 3164 bene
1631 3119 1780 3180 pugnare

140 3213 200 3276 per
228 3199 356 3270 castro,
392 3199 634 3262 macerationes
656 3200 780 3276 carnis,
813 3201 933 3280 quibus
987 3198 1143 3266 voluerit,
1168 3200 1269 3276 ponat
1294 3199 1550 3262 tabernaculum
1575 3217 1648 3261 cum
1670 3201 1780 3262 Abra-

141 3275 378 3371 impugnantur
392 3295 592 3358 tentationes
605 3297 743 3370 diaboli,
760 3298 936 3374 designari·
988 3294 1066 3356 ham
1080 3295 1174 3358 inter
1189 3299 1270 3368 Ηαῖ,
1285 3297 1371 3374 quod
1387 3299 1438 3360 θεῖ
1460 3299 1574 3359 contra
1597 3299 1758 3360 orientem
1772 3321 1780 3374 ;

140 3391 206 3454 tur.
233 3391 289 3452 Sic
312 3394 472 3468 quantum
496 3392 537 3452 ad
565 3395 694 3467 castra,
719 3394 936 3471 impugnabat
988 3391 1075 3454 idest
1100 3394 1215 3454 contra
1241 3394 1398 3471 gaudium
1424 3395 1617 3473 temporale,
1646 3397 1781 3466 iontem,

140 3487 329 3564 apostolus,
354 3503 429 3549 cum
455 3487 588 3551 dicebat
610 3492 691 3551 :Sic
715 3506 843 3567 puppo,
865 3506 935 3552 non
988 3488 1041 3548 vel
1056 3489 1189 3549 oculum
1205 3489 1439 3568 lacrymosum,
1454 3495 1491 3554 ut
1509 3494 1553 3554 sit
1566 3494 1600 3554 iu
1616 3494 1782 3555 amaritu-

140 3586 368 3658 comanerent
380 3587 586 3656 verberans,
597 3577 692 3661 ¹quasi
705 3585 805 3655 dicat,
817 3600 933 3648 aereas
989 3583 1066 3646 dine
1078 3607 1085 3645 ε
1098 3588 1131 3647 et
1145 3585 1186 3646 ab
1202 3587 1382 3660 occidente,
1395 3589 1482 3650 idest
1495 3591 1569 3665 post
1579 3590 1677 3650 finem
1692 3591 1781 3662 vitae,

140 3681 320 3758 potestates
337 3702 344 3741 :
360 3682 497 3756 Castico
511 3681 600 3742 enim
614 3695 741 3756 corpus
753 3697 881 3756 mum,
902 3685 934 3745 et
989 3681 1018 3740 si
1033 3680 1096 3742 boc
1111 3681 1238 3754 iecerit,
1258 3681 1391 3745 babebit
1405 3685 1531 3757 Batnai,
1550 3685 1636 3748 idest
1649 3685 1782 3748 domum

140 3781 177 3839 tn
197 3778 403 3840 servitutem
418 3781 538 3853 recipe
555 3776 614 3856 (2).
641 3777 696 3839 Sic
718 3778 876 3855 quantum
892 3781 933 3841 ad
988 3777 1060 3836 Dei.
1077 3779 1147 3839 Hoc
1161 3779 1213 3840 est
1233 3778 1319 3855 quod
1344 3779 1466 3856 legitur
1489 3781 1524 3842 in
1550 3782 1698 3844 Levitico
1714 3781 1780 3861 (23,

140 3877 261 3937 citeros
297 3873 397 3935 etiam
438 3875 570 3952 Moyses
615 3874 784 3950 pugnabat
819 3869 934 3938 contra
989 3872 1357 3952 42et43):«0mnis,
1385 3877 1442 3953 qui
1466 3875 1652 3954 degenere
1678 3880 1782 3941 lsrael

139 3970 352 4042 amalecitas,
393 3970 449 4048 qui
495 3969 713 4047 orationibus,
757 3975 790 4034 et
824 3973 934 4034 crucis
989 3970 1050 4041 θεῖ,
1075 3969 1223 4032 manebit
1251 3973 1285 4032 in
1318 3973 1555 4047 tabernaculis,
1585 3977 1622 4036 ut
1653 3976 1784 4039 discant

139 4067 265 4129 vexillo
279 4067 440 4129 dimicans
457 4065 515 4147 (3),
529 4069 639 4130 castra
654 4068 864 4131 inimicorum
877 4087 935 4131 su·
990 4066 1113 4142 posteri
1125 4067 1240 4140 vestri,
1257 4067 1343 4145 quod
1367 4067 1519 4131 babitare
1542 4070 1678 4133 fecerim
1694 4073 1781 4134 iiiios

139 4163 287 4242 perabat.
304 4167 369 4225 Per
386 4169 520 4238 choros,
543 4167 577 4228 θῖ
593 4165 712 4228 costra
731 4166 832 4229 etiam
854 4182 931 4243 par,
989 4163 1093 4224 lsrael
1117 4158 1151 4224 in
1174 4163 1413 4235 tabernaculis,
1429 4183 1503 4230 oum
1525 4169 1699 4232 educerem
1724 4187 1782 4232 eos

140 4262 174 4322 et
195 4261 373 4324 concordia
397 4263 505 4339 potest
525 4262 701 4339 designati,
732 4263 818 4341 quod
851 4263 934 4326 bene
989 4260 1029 4321 de
1052 4263 1143 4323 terra
1168 4262 1317 4339 AEgypti.
1334 4265 1406 4325 »nt
1421 4263 1456 4324 in
1480 4265 1595 4326 eodem
1620 4266 1684 4347 (23,
1700 4259 1753 4348 40)
1772 4287 1780 4330 t

140 4356 296 4418 convenit
320 4357 519 4430 Sulamitidi,
537 4375 610 4436 quae
633 4363 745 4423 servat
760 4361 931 4434 unitatem,
990 4357 1198 4436 Sumetisque
1212 4360 1306 4420 vobis
1335 4360 1461 4422 iructus
1476 4361 1606 4425 arboris
1625 4366 1783 4442 pulcher-

139 4453 173 4513 et
206 4466 321 4527 pacem
354 4453 626 4516 ecclesiasticam.
655 4459 724 4518 Hoc
749 4457 848 4519 etiam
873 4474 934 4534 per
988 4454 1093 4526 rimae,
1108 4456 1321 4533 spatulasque
1343 4457 1539 4534 palmarum,
1556 4461 1589 4522 et
1609 4477 1720 4524 ramos
1734 4463 1781 4523 li-

140 4545 211 4607 tres
226 4543 362 4616 Marias,
379 4561 452 4622 quae
465 4547 605 4610 veniunt
628 4549 668 4610 ad
685 4555 932 4614 monumentum
987 4551 1045 4627 gni
1060 4551 1238 4613 densarum
1253 4553 1432 4626 frondium,
1449 4556 1482 4616 et
1503 4556 1623 4617 salices
1647 4558 1687 4619 de
1710 4559 1783 4620 tor-

102 4705 106 4712 ,
142 4658 208 4704 non
221 4641 407 4717 incongrue
421 4642 625 4717 designatur,
641 4647 758 4709 Marto
778 4649 934 4711 videlicet
986 4648 1096 4722 rente,
1119 4648 1152 4710 et
1175 4649 1370 4712 laetabimini
1405 4666 1517 4712 coram
1546 4654 1685 4714 Domino
1713 4658 1780 4719 Deo

138 4741 266 4812 Jacobs,
294 4741 413 4799 Marto
433 4741 647 4814 Macriniana,
672 4742 705 4802 ct
727 4745 846 4805 Maria
868 4747 934 4807 Sa·
987 4745 1108 4806 vestro.
1125 4761 1143 4804 ε
1162 4745 1270 4807 Arbor
1290 4747 1355 4807 ista
1382 4747 1606 4824 pulcherrima
1631 4751 1780 4814 Christus

138 4843 226 4900 tome
241 4833 299 4915 (4).
315 4834 460 4898 lacobus
485 4835 724 4912 interpretatur
737 4839 934 4916 supplanta·
987 4843 1048 4912 est,
1082 4845 1256 4914 speciosas
1294 4845 1410 4918 formo
1439 4859 1519 4918 proe
1555 4847 1636 4918 titits
1670 4854 1780 4912 borni-

138 4935 202 5008 tor,
218 4935 337 4995 Morta
352 4931 554 5008 amaritud03
571 4933 643 4994 baec
659 4935 709 4995 est
730 4949 809 5011 ergo
831 4935 933 4999 vitio-
986 4953 1070 4998 artem
1086 4937 1189 5015 (Psal.
1216 4943 1266 5011 44,
1280 4938 1314 5018 3)
1332 4942 1498 5002 :Fructus
1522 4941 1621 5020 hujus
1648 4946 1778 5010 arboris

139 5045 213 5090 rum
239 5028 464 5090 mortificatio.
494 5030 560 5090 Per
589 5028 832 5106 Magdalenam,
858 5049 931 5110 quae
986 5035 1119 5096 aeternae
1132 5034 1346 5097 beatitudinis
1361 5038 1412 5098 ost
1425 5037 1575 5101 dulcedo.
1592 5045 1637 5103 be
1651 5043 1714 5107 bac
1728 5061 1781 5108 ar-

137 5123 259 5186 turrita
287 5123 538 5201 interpretatur,
585 5125 767 5188 maceratio
806 5129 929 5201 carnis,
985 5130 1065 5192 bore
1085 5131 1209 5194 dicitur
1224 5132 1259 5193 in
1274 5133 1420 5195 canticis
1435 5132 1480 5212 (2,
1495 5137 1529 5215 3)
1547 5159 1554 5197 :
1571 5155 1590 5198 c
1606 5142 1777 5206 Sicutma·

138 5237 212 5299 quae
240 5221 292 5281 sui
316 5221 584 5293 mortificatione,
612 5223 708 5300 quasi
732 5223 930 5308 quibusdam
985 5227 1036 5288 lus
1052 5227 1140 5290 inter
1163 5229 1254 5304 ligna
1276 5229 1448 5304 silvarum,
1465 5233 1665 5300 sicdilectus
1685 5256 1778 5306 meus

174 5357 215 5430 (i)
230 5359 393 5442 Indubitate
411 5369 559 5446 etoeters,
576 5377 639 5446 que
654 5360 702 5421 hic
714 5371 870 5436 sequuntur
880 5380 927 5450 ua·
985 5437 991 5452 .
1019 5367 1061 5440 (3)
1074 5369 1171 5428 Crucis
1189 5369 1293 5454 resilio
1306 5369 1456 5430 dimicans.
1473 5374 1575 5434 Manus
1594 5379 1731 5450 elevatas,
1747 5391 1778 5441 et

138 5443 193 5504 que
208 5428 244 5485 ad
256 5428 333 5512 illud,
347 5429 422 5501 quod
437 5430 554 5489 inferrus
577 5433 690 5516 iegitur,
713 5436 777 5491 ilco
797 5441 928 5502 mmmm,
984 5453 1012 5494 in
1028 5437 1144 5495 modum
1159 5452 1251 5497 crucis
1274 5448 1406 5500 extensus
1431 5445 1520 5502 tenuit
1543 5447 1665 5520 bloyses,
1684 5451 1778 5510 donec

137 5506 201 5626 ml(
212 5498 248 5557 ad
261 5499 337 5581 aliud
355 5511 556 5582 argumentum
577 5511 775 5588 pertiuenttet
793 5507 930 5566 Sermone
983 5506 1151 5592 legarentur
1164 5511 1336 5568 amalecita.
1358 5514 1386 5571 S.
1411 5515 1589 5588 Augustinus
1604 5521 1693 5576 serm.
1710 5522 1774 5591 352,

137 5573 171 5631 Cl
211 5583 319 5638 omnio,
332 5577 359 5626 et
382 5573 493 5644 singula
507 5572 607 5631 eodem
621 5575 721 5634 ordine
734 5583 832 5634 iterate
846 5591 929 5650 expo
983 5593 1011 5636 rn
1026 5579 1094 5636 edit.
1111 5580 1201 5638 Maur.
1220 5581 1380 5655 antwerp..
1402 5591 1471 5642 tom.
1494 5588 1527 5655 V,
1549 5589 1603 5645 coi.
1620 5589 1683 5659 954,
1710 5594 1748 5650 ait
1765 5610 1772 5652 :

138 5645 316 5787 Quirina
331 5711 357 5782 9,
372 5709 406 5769 ²6
427 5717 454 5770 et
474 5711 517 5770 ²7·
982 5649 1345 5792 Εῇῧῖιεῇοῃῖέὲαίέᾒυιέθὲε,
1360 5653 1466 5713 Cirrata
1479 5673 1553 5718 crac
1562 5660 1629 5730 sod.

987 976 1184 1048 amaritudo,
1201 992 1275 1054 quae
1288 976 1411 1054 triplex
1432 975 1529 1036 debet
1551 990 1636 1046 esse,
1652 971 1781 1033 scilicet
1906 1043 1908 1048 Ι

1877 2571 1896 2610 η
