4118 6390
108 299 188 366 tlaa
488 295 596 366 PARS
627 295 771 364 PRIMA·
793 325 831 346 ι-
854 292 1072 362 EXPOSITIO
1102 295 1145 360 ΙΝ
1175 292 1377 360 PSALMOS.
1427 301 1433 310 “
1673 297 1752 362 1134

106 461 285 526 tumultum
311 455 359 542 (l)
386 452 545 540 dissipata
581 451 744 526 itabbath.
771 471 791 520 r
825 451 902 520 Dies
957 457 1028 519 site
1038 466 1133 518 sacra
1144 431 1330 534 paginade
1341 472 1406 536 qua
1417 457 1451 518 in
1462 457 1608 520 canticis
1618 457 1664 536 (4,
1677 455 1751 536 ibt:

105 561 251 633 venturi,
268 562 346 622 sunt
359 558 490 637 gratiae,
507 560 579 621 slve
601 555 836 620 illustrationis
851 555 905 616 dt·
957 554 1082 617 «Mons
1104 556 1288 627 hortorum
1313 556 1430 632 puteus
1451 571 1612 633 aquarum
1635 555 1754 618 vivan-

105 658 206 730 vinae,
223 671 288 735 qua
303 659 401 718 bomo
418 653 564 734 seipsum
580 656 767 732 cognoscin
784 653 903 732 qulbus
956 653 1051 714 tium.
1064 667 1082 712 r
1097 653 1237 714 llaecest
1248 652 1376 726 domus,
1388 653 1428 714 ad
1441 668 1538 730 quam
1553 653 1582 713 si
1598 653 1754 728 peccator

106 755 226 817 diebus
249 753 464 817 montaudun
486 754 654 817 tremitum
675 751 782 831 praelii
805 765 905 829 super
957 749 1090 824 fugerit,
1121 749 1212 812 ducit
1241 765 1315 810 eum
1344 750 1385 810 ad
1419 749 1683 820 conversionem,
1711 749 1752 810 ad

107 851 272 924 Rabbath,
289 851 421 929 quando
441 851 521 914 facit
541 851 708 912 hominem
727 849 761 909 in
776 851 905 924 tempo-
957 863 1055 923 quam
1084 861 1144 924 per
1171 846 1375 922 crepidinem
1404 850 1534 924 oportet
1562 847 1751 923 pervenire,

105 949 248 1022 ratibus,
265 951 298 1010 et
312 948 529 1010 saecularibus
550 947 786 1016 abundantem,
804 943 905 1006 intel·
958 945 1098 1020 quaeest
1116 943 1171 1005 via
1194 945 1395 1020 periculosa,
1419 945 1471 1008 vel
1491 944 1671 1006 laboriosa.
1690 945 1755 1005 Est

105 1048 214 1123 ligere
236 1047 389 1109 timorem
411 1045 541 1123 judicii.
562 1044 714 1106 Rabbatb
734 1044 903 1119 interpre-
958 1041 1094 1117 crepido
1105 1057 1206 1117 super
1215 1041 1425 1103 altitudinem
1437 1043 1569 1113 montis,
1582 1057 1642 1118 per
1654 1056 1753 1118 qnam

104 1147 199 1208 tatur
233 1145 372 1205 multum
406 1143 577 1220 temporis,
618 1143 689 1203 sive
732 1143 904 1217 peccatum
959 1138 1278 1215 periculosissimum
1294 1141 1345 1200 est
1356 1139 1422 1212 ire;
1439 1142 1472 1201 et
1486 1139 1653 1215 significat
1664 1139 1754 1199 viam

104 1239 250 1316 grande;
266 1253 341 1316 quae
360 1238 427 1298 duo
446 1237 531 1299 bene
548 1236 808 1314 conjunguntur,
826 1235 904 1312 quia
959 1235 1103 1298 coelestis
1119 1237 1247 1312 patriae,
1264 1252 1340 1297 narn
1361 1236 1467 1298 ardua
1487 1240 1547 1309 est,
1569 1236 1602 1298 et
1621 1237 1756 1313 pericu-

106 1337 166 1397 ubl
178 1335 317 1397 multum
331 1337 382 1398 est
392 1334 432 1396 de
443 1333 695 1410 temporalibus,
707 1332 755 1392 ibi
765 1332 904 1392 multum
959 1333 1041 1394 losa.
1058 1333 1158 1394 Vadit
1171 1334 1272 1396 etiam
1285 1349 1345 1410 per
1357 1333 1586 1406 Abelmebula,
1600 1333 1686 1411 qnod
1700 1335 1754 1394 in-

108 1437 162 1496 est
185 1433 226 1494 de
250 1433 407 1510 peccatis,
425 1434 471 1493 -et
496 1430 732 1505 immunditiis3
759 1429 846 1490 unde
870 1429 904 1488 in
958 1431 1161 1507 terpretatur
1181 1447 1287 1508 vapor
1310 1430 1408 1492 vallis
1427 1432 1543 1507 salsae3
1569 1447 1634 1510 quo
1659 1431 1753 1492 desi-

109 1531 247 1592 cantico
258 1529 509 1590 Deuteronomii
521 1526 585 1607 (32,
598 1525 905 1607 15):locrassatas
959 1529 1081 1603 gnatur
1100 1528 1236 1590 miseria
1260 1528 1358 1606 hujus
1379 1529 1468 1601 vitae,
1492 1530 1533 1590 de
1555 1545 1620 1607 qua
1639 1528 1755 1592 Jacobi

107 1628 355 1692 recommovit.
380 1625 428 1688 Ad
454 1626 601 1688 litteram
625 1646 633 1686 ε
657 1623 809 1687 Rabbath
834 1623 906 1684 erat
960 1622 1094 1702 (4‚15):
1113 1627 1755 1702 vttanosrravaporestaomoatcum

108 1725 229 1788 civitas
244 1723 402 1800 opulenta
417 1721 477 1801 (2),
501 1723 534 1784 θῖ
552 1722 722 1797 significat
736 1721 904 1782 civitatem
957 1735 1099 1795 patrous,
1116 1723 1169 1784 vel
1184 1723 1331 1798 spirans3
1353 1739 1415 1785 nec
1428 1725 1539 1785 tamen
1555 1724 1665 1800 ipsum
1680 1739 1754 1784 mo·

109 1821 349 1898 hujusmundi,
362 1820 904 1898 quaediciturttttorumdmmou,
959 1817 1070 1879 dicum
1090 1819 1235 1880 estsine
1259 1819 1442 1896 salsugine,
1458 1821 1492 1882 θῖ
1512 1821 1752 1898 amaritudine;

107 1919 195 1998 quod
215 1918 454 1995 interpretatur
472 1916 614 1994 populus
635 1915 804 1988 turbidus;
826 1914 905 1991 quia
960 1915 1048 1976 unde
1063 1915 1291 1978 Ecclesiastici
1308 1916 1372 1997 (18,
1388 1916 1443 1996 8):
1460 1919 1660 1980 «Numerus
1677 1918 1753 1979 die-

106 2017 164 2079 ubi
178 2019 285 2094 major
296 2013 455 2086 turbatio,
473 2029 571 2091 quam
587 2013 621 2073 in
636 2013 770 2086 mundo,
787 2011 906 2072 sivein
959 2028 1034 2073 rum
1058 2012 1240 2084 bominum,
1269 2014 1305 2077 ut
1332 2015 1472 2076 multum
1499 2017 1632 2078 centum
1661 2016 1753 2088 anni,

106 2114 276 2175 mundana
296 2113 441 2174 hominis
459 2109 682 2173 conscientiat
701 2125 774 2187 quae
793 2111 905 2170 tamen
959 2107 1056 2186 quasi
1075 2109 1278 2187 guttaaquae
1293 2110 1397 2170 maris
1417 2109 1565 2187 deputati
1581 2114 1755 2185 sunt;»et
1837 2181 1839 2191 ‚

105 2211 212 2283 audit,
235 2211 268 2272 et
290 2209 449 2284 intelligit
478 2224 539 2286 par
563 2208 705 2284 gratiam
738 2205 905 2268 fremitum
959 2204 1001 2267 ob
1026 2205 1089 2266 boc
1109 2204 1194 2266 bene
1217 2205 1360 2267 dicitur:
1383 2209 1497 2282 Vapor
1517 2211 1562 2270 ad
1583 2212 1755 2269 modicum

107 2308 229 2386 praelii,
245 2307 332 2368 idest
346 2306 498 2368 timorem
511 2303 632 2382 judicii
647 2325 654 2364 ε
672 2302 856 2379 dissipatur
870 2305 905 2362 in
956 2317 1090 2378 parcae
1117 2317 1266 2378 praesens
1292 2303 1372 2365 vita.
1401 2306 1480 2376 Quae
1506 2305 1606 2366 eiiam
1634 2304 1757 2366 dicitur

107 2404 267 2478 tumultu;
284 2403 371 2464 idest
385 2402 421 2463 in
437 2401 652 2471 contritione,
666 2402 700 2462 et
711 2400 905 2476 penitentia
960 2402 1058 2462 valtis
1073 2400 1209 2477 propter
1221 2401 1396 2473 vilitatem,
1412 2405 1505 2465 salso
1519 2403 1654 2478 propter
1668 2417 1755 2463 ama·

109 2503 246 2578 peccata
261 2503 334 2578 eJus
346 2499 574 2570 destruuntur,
588 2497 642 2560 vel
655 2496 823 2573 fugantur.
959 2495 1155 2571 ritudinem3
1188 2498 1222 2557 et
1242 2498 1321 2558 tunc
1349 2498 1479 2576 oportet
1513 2497 1680 2559 bominem
1713 2498 1755 2559 ad

149 2598 241 2670 Quod
251 2599 368 2660 autem
376 2597 411 2658 in
423 2594 682 2672 terrore-judicii
695 2595 740 2657 sit
753 2593 906 2656 fremitus
960 2592 1214 2656 conversionem
1228 2594 1354 2656 venire.

107 2695 235 2774 praelii,¹
245 2695 326 2756 dicit
338 2694 412 2757 doel
432 2693 479 2773 (2,
497 2696 521 2754 2
536 2695 570 2756 θῖ
583 2691 617 2770 3)
631 2714 640 2752 ι
655 2710 673 2753 a
691 2691 792 2764 Quasi
808 2707 906 2753 mana
999 2689 1060 2752 Vel
1073 2692 1290 2754 Abetmcbota
1302 2691 1542 2768 interpretatur
1553 2691 1662 2754 luctus
1677 2706 1757 2769 par-

107 2807 299 2869 expansum
307 2807 408 2869 super
421 2791 550 2852 montes
565 2790 708 2868 populus
723 2789 857 2861 multus,
874 2791 908 2850 at
959 2786 1166 2859 laniantium,
1192 2787 1266 2851 sivo
1289 2787 1425 2851 miseria
1444 2789 1674 2852 habitationis.
1698 2791 1757 2852 Di·

108 2889 222 2964 mitis,
238 2906 261 2949 a
280 2895 314 2951 at
338 2889 514 2952 subditur:
540 2904 559 2948 ‹
580 2889 665 2949 Ante
689 2885 809 2948 faciem
834 2887 906 2963 ejus
961 2883 1048 2945 citur
1062 2884 1150 2946 enim
1167 2885 1276 2947 luctus
1290 2887 1559 2964 parturientium,
1574 2888 1652 2965 quia
1667 2888 1755 2950 sicut

108 2987 197 3063 ignis
211 2989 329 3058 vorax,
346 2986 467 3062 etpost
481 3001 556 3046 eum
572 2985 717 3046 solitudo
738 2983 872 3045 deserti.
888 3000 907 3043 r
961 2981 1082 3043 mulier
1094 2981 1128 3043 in
1142 2981 1362 3045 delectatione
1375 2985 1531 3062 concipit,
1543 2987 1576 3048 et
1592 2985 1625 3045 in
1639 2984 1754 3046 dolore

111 3083 258 3161 Populus
268 3084 332 3145 ista
345 3082 480 3154 multus,
495 3083 528 3144 θῖ
540 3081 647 3154 fortis,
662 3081 727 3143 erit
739 3081 906 3143 exercitus
958 3079 1105 3154 parturit
1131 3101 1140 3140 z
1168 3079 1216 3141 sic
1242 3083 1406 3156 peccator,
1434 3097 1510 3143 curn
1535 3080 1757 3144 delectatione

107 3181 320 3259 Angelorum,
338 3180 394 3258 qui
405 3179 563 3256 colligent
573 3179 713 3253 zizania,
722 3180 756 3241 et
763 3178 798 3239 in
811 3177 907 3240 fasci·
960 3191 1114 3253 peccans,
1131 3191 1269 3238 necesse
1281 3179 1342 3251 esi,
1356 3177 1393 3241 ut
1406 3194 1481 3240 cum
1496 3178 1667 3241 doloresit
1682 3195 1755 3257 par·
1877 3209 1879 3219 ·

107 3278 201 3341 culos
228 3278 383 3353 colligata
410 3277 543 3338 mittent
570 3277 603 3337 in
632 3277 820 3354 gebennam
843 3274 903 3355 (3),
960 3273 1105 3348 turiens;
1122 3275 1155 3336 et
1175 3290 1235 3351 per
1256 3276 1319 3338 boc
1338 3273 1467 3351 oportet
1487 3291 1563 3337 eum
1584 3276 1699 3338 venire
1714 3275 1756 3336 ad

106 3391 248 3454 quorum
263 3375 383 3437 faciam
398 3374 563 3451 praecedet
579 3375 678 3449 ignis,
702 3373 743 3434 ad
760 3373 905 3435 litteram
960 3371 1223 3444 conversionem,
1251 3372 1303 3433 vel
1333 3373 1373 3435 ad
1406 3374 1661 3436 confessionem.
1694 3375 1754 3436 Vel
1819 3423 1822 3428 ,

107 3474 207 3536 otiam
228 3472 391 3534 reducens
413 3471 448 3531 in
469 3469 696 3542 solitudinem,
717 3471 750 3531 et
770 3471 906 3530 vastans
960 3467 1097 3527 miseria
1122 3467 1339 3530 habitationis
1365 3472 1416 3531 est
1443 3471 1625 3532 secundum
1652 3470 1754 3532 aliam

108 3585 240 3632 omnem
254 3573 391 3632 terram.
414 3570 498 3629 Ecce
518 3567 681 3637 fremitus,
704 3565 792 3626 unda
806 3567 907 3626 timor
959 3562 1281 3639 interpretationem.
1295 3565 1388 3626 Unde
1400 3569 1419 3628 J
1422 3567 1463 3627 ob
1477 3565 1570 3646 (7,,.5ῖ
1584 3584 1622 3628 aa
1635 3567 1755 3629 Induta

108 3667 237 3729 inducit
257 3667 293 3727 in
313 3683 372 3728 cor
392 3665 540 3726 hominis
556 3661 762 3739 poenitentiae
776 3662 904 3724 tumul·
960 3659 1011 3720 est
1033 3675 1111 3720 caro
1134 3674 1207 3722 mea
1233 3662 1431 3737 putredine„
1445 3665 1478 3725 et
1498 3663 1652 3725 sordibus
1676 3665 1755 3740 pul-

107 3767 189 3837 tum,
203 3765 238 3825 et
251 3764 408 3826 vitiorum
421 3761 540 3822 civitas
553 3760 747 3836 dissipatur.
760 3758 855 3820 Unde
870 3758 905 3820 in
960 3757 1063 3820 veris.
1081 3774 1099 3817 r
1119 3758 1175 3819 Sic
1199 3773 1290 3833 orgo·
1301 3759 1387 3824 facto
1414 3761 1554 3837 strepitu
1578 3762 1755 3837 cogitatio-

107 3861 225 3924 libret
229 3860 362 3922 udicum
378 3858 512 3934 legitur,
529 3858 616 3935 quod
635 3857 769 3918 Gedaon
790 3857 905 3919 contra
959 3870 1050 3926 num,
1063 3854 1105 3915 ad
1114 3855 1296 3927 bethsetta,
1308 3856 1395 3918 idest
1405 3873 1535 3919 sacram
1548 3859 1755 3934 scripturam

107 3957 309 4023 Madianitas
333 3972 498 4035 pugnans,
519 3970 593 4018 cum
612 3954 692 4016 tuba
714 3954 903 4026 clamasset,
960 3951 1096 4027 fugitur,
1122 3956 1156 4014 et
1174 3955 1399 4026 adclamante,
1422 3955 1509 4018 idest
1532 3956 1756 4032 cognitionem

108 4059 141 4120 θῖ
155 4055 352 4132 lagunculas
373 4053 539 4132 fregisset,
560 4053 708 4114 immisit
721 4055 814 4114 Deus
826 4057 904 4128 pto-
958 4049 1058 4126 hujus
1073 4049 1159 4114 vna
1167 4049 1382 4126 miserabilis,
1398 4054 1432 4116 et
1445 4068 1586 4130 amaraa3
1608 4056 1642 4116 θῖ
1656 4054 1705 4116 sic
1719 4053 1756 4116 in

106 4158 204 4216 dium
219 4153 252 4213 in
268 4152 416 4226 Madian,
428 4153 462 4213 ct
475 4151 599 4213 mutua
612 4165 650 4212 sc
663 4152 756 4212 ccadc
769 4150 907 4210 tranca-
959 4147 1116 4220 chdutb,
1130 4146 1218 4209 idest
1232 4147 1267 4208 in
1282 4151 1535 4214 conversionem
1551 4151 1752 4230 peccatorum

106 4252 199 4322 boavi,
214 4251 386 4326 (iactantes
400 4251 564 4324 usquead
579 4247 768 4318 Bardaetta,
782 4247 816 4308 et
827 4261 906 4308 cre·
958 4245 992 4308 θῖ
1003 4245 1051 4308 ita
1062 4244 1253 4308 vivificatur
1267 4247 1360 4323 prius
1374 4251 1536 4310 mortuus.

4 4363 10 4376 ·
103 4348 529 4422 ptdtacmAbclmebutaio
540 4342 902 4424 chbatu(l).tiedeon,
994 4341 1287 4418 ¹llivitlcatusergo
1301 4346 1507 4422 perverbum
1521 4348 1665 4419 Domini,
1680 4346 1755 4408 sub·

104 4443 256 4505 cbristus
276 4442 391 4516 :tuba,
408 4442 603 4518 praedicatio
621 4465 628 4502 ι
646 4442 833 4504 confractio
847 4441 902 4502 la·
959 4437 1033 4500 dit:
1059 4443 1138 4502 Vios
1160 4455 1256 4503 meas
1279 4447 1463 4506 enarratori
1482 4445 1554 4506 tibi.
1580 4446 1651 4508 Viae
1676 4447 1755 4508 sunt

107 4540 274 4618 gunculae,
298 4541 370 4616 ejus
390 4538 514 4615 passio.
536 4541 615 4600 llaec
639 4541 727 4610 sunt,
750 4555 811 4617 per
830 4554 905 4616 quae
958 4537 1117 4614 paccata:
1134 4538 1339 4612 enunciatio‚
1360 4539 1538 4602 confessio.
1556 4545 1636 4604 Post
1650 4541 1752 4615 illusf·

106 4644 195 4702 Deus
210 4638 312 4700 mittit
329 4635 490 4712 gladium,
509 4635 599 4697 idest
618 4635 904 4713 timoremjudicli
958 4635 1137 4697 trationem
1153 4635 1242 4697 enim
1261 4638 1391 4711 gratiae,
1413 4638 1447 4700 et
1460 4641 1535 4715 post
1548 4639 1753 4701 vivificatio·

105 4737 141 4798 in
156 4736 303 4807 Madian,
320 4734 408 4795 idest
426 4731 461 4792 in
477 4732 681 4810 peccatores,
703 4732 761 4808 qui
776 4733 905 4809 seipsos
959 4745 1035 4793 nem
1059 4732 1211 4808 sequitur
1239 4733 1423 4810 confessi0;
1454 4735 1490 4796 et·
1515 4738 1594 4797 tunc
1619 4737 1753 4812 penitus

106 4834 323 4905 interficiunt,
344 4829 524 4894 morientes
550 4829 697 4905 peccato,
718 4830 751 4890 ei
773 4828 906 4904 fugiunt
958 4827 1346 4892 confunditurdiabolus.
1360 4834 1436 4894 Non
1446 4834 1536 4895 enim
1546 4835 1654 4910 potest
1664 4837 1754 4900 stare

106 4933 142 4993 in
167 4931 326 5003 Tebbath,
352 4926 438 5008 quod
466 4927 706 5003 interpretatur
729 4927 904 4988 conversio
957 4929 1063 4988 Aman
1079 4943 1191 4988 coram
1206 4927 1429 5004 Mardoenaeo,
1444 4932 1481 4992 ut
1494 4930 1636 4993 habetur
1650 4932 1684 4992 in
1698 4933 1754 4995 Εε-

106 5029 307 5108 peccatoris;
332 5029 364 5089 et
383 5027 446 5088 hoc
466 5041 526 5102 per
547 5023 728 5094 Bethsetta,
745 5024 830 5101 quod
847 5025 903 5085 in·
957 5023 1033 5087 ther
1049 5023 1093 5104 (6,
1112 5022 1184 5103 13):
1207 5042 1225 5085 θ
1245 5025 1280 5086 Si
1300 5026 1340 5087 de
1355 5028 1480 5089 semine
1495 5028 1686 5098 ludaeorum
1702 5034 1753 5095 est

105 5127 311 5204 terpretatur
325 5124 442 5190 domus
457 5121 560 5200 putei,
579 5137 652 5200 quae
671 5123 723 5183 θεῖ
741 5121 902 5195 Ecclesia,
958 5122 1201 5196 Mardoohaeus,
1231 5126 1431 5208 antequem
1460 5126 1581 5191 cadere
1609 5129 1753 5212 accpisti,

158 5301 186 5369 l)
201 5299 287 5382 Vutg,
305 5316 312 5355 :
329 5306 358 5356 et
378 5300 431 5356 erit
446 5300 477 5355 in
490 5298 641 5380 tumulum.
652 5297 705 5380 Ιεἰς
723 5299 800 5354 enim
816 5304 859 5356 est
875 5297 904 5354 in
957 5302 1019 5353 erat
1037 5296 1200 5368 Metropolis
1220 5299 1459 5381 ammonitarum,
1484 5304 1750 5379 quaa-velproprie

108 5303 239 5438 ltebrose,
261 5377 303 5428 att
316 5371 454 5443 tyranus,
475 5368 526 5426 sed
539 5368 624 5440 aliqui
640 5367 703 5426 lrbu
718 5367 842 5426 babent:
857 5375 901 5425 tu·
957 5365 1013 5424 boc
1036 5367 1194 5452 appellatur
1217 5382 1343 5454 nomine,
1374 5373 1416 5454 vel
1441 5373 1478 5438 ob
1496 5375 1752 5449 ,magnitudinem

108 5442 241 5532 muttum.
310 5509 344 5522 ..
757 5509 762 5522 ι
958 5437 1177 5495 llabbatbenrm
1195 5441 1462 5512 maximadlcttur„

109 5509 904 5654 ,ltltttstlartlttutttiditum
993 5507 1373 5656 tttltttfdttdf
