4184 6410
42 417 58 442 ,
133 365 194 428 ate

702 363 1024 427 PROLEGOMENA.
1039 363 1202 424 -vfrn
1714 357 1774 420 550

132 525 280 586 erectum
294 537 383 586 anuo
397 523 476 585 1582
493 539 514 586 e
531 524 729 587 marmoreis
745 523 922 594 columnis,
977 521 1161 584 tentionem
1182 517 1406 588 dirimentem,
1430 520 1600 581 eitonam
1624 519 1660 580 in
1681 531 1774 581 mare
1818 539 1821 551 ·

132 621 238 683 variis
257 621 378 683 crustis
395 622 561 694 ornatum,
581 622 695 684 multis
710 620 922 697 imaginibus,
979 619 1172 696 projectum.
1191 615 1266 680 iilia
1288 615 1389 678 habet
1408 617 1531 678 chorus
1555 618 1696 678 externa
1717 631 1774 678 or·

129 720 167 780 et
181 718 299 780 statuis
309 719 414 780 asneis
423 717 719 781 fusisaDonatello
731 717 924 780 Florentino
979 717 1135 778 namenta
1163 715 1408 786 columnarum,
1437 713 1612 786 fornicum,
1645 715 1775 776 statua·

133 831 222 876 anno
235 816 313 876 1468
338 815 458 876 decore
472 815 700 892 compositum.
719 814 924 877 Recondito-
979 829 1052 874 rum
1081 813 1158 874 aeris
1187 812 1362 874 alitiano
1398 811 1533 888 dspetto
1570 811 1768 883 effusarum
1894 798 1896 809 ’

132 911 220 972 rium
235 911 524 988 corporisGirristi
545 912 655 988 lapide
678 912 833 989 pretioso,
851 912 924 972 sta·
979 909 1137 971 crucifixi
1152 907 1231 972 item
1251 909 1336 970 aenei
1357 909 1516 980 inaurati,
1540 923 1560 969 a
1583 908 1769 980 Donatelio,
1898 940 1903 949 ι

133 1009 199 1072 tuis
223 1009 302 1070 item
326 1009 430 1070 aeneis
446 1009 662 1071 circumcirca
678 1008 860 1086 dispositis,
888 1009 924 1068 in
979 1008 1135 1084 superius
1169 1007 1437 1079 commemorato,
1483 1005 1631 1068 conflati.
1667 1007 1776 1083 Super

132 1106 253 1168 summi
277 1105 394 1168 aitaris
415 1105 524 1168 medio
546 1107 777 1168 auctoritatem
802 1109 834 1170 et
851 1119 926 1167 ma·
979 1120 1093 1165 arcum
1115 1105 1267 1166 ecclesiae
1287 1103 1493 1181 praecipuum
1513 1102 1717 1179 conspicitur
1738 1104 1775 1163 in

128 1203 285 1282 jestatem
299 1203 504 1280 exprimens,
520 1204 618 1265 simul
635 1219 710 1265 cum
723 1203 824 1265 altari
839 1217 926 1264 com·
979 1217 1074 1263 muro
1088 1199 1176 1278 lapis
1196 1197 1302 1274 rudis,
1320 1200 1449 1262 olims.
1466 1200 1602 1262 Antonii
1617 1200 1773 1262 cervical.

131 1299 258 1378 pletum
272 1301 324 1362 est
341 1301 456 1362 decem
471 1301 618 1362 millibus
633 1315 824 1375 aureorum,
845 1315 926 1377 ope·
980 1299 1082 1360 Extra
1096 1299 1234 1360 chorum
1254 1311 1356 1374 supra
1370 1297 1453 1359 duos
1475 1311 1681 1358 marmoreos
1704 1295 1774 1358 for-

132 1398 181 1460 ris
200 1395 365 1476 praefectis
389 1397 592 1475 Hieronymo
610 1400 801 1476 campagus
820 1401 926 1460 vero-
980 1397 1083 1471 nices,
1100 1396 1376 1474 praestantissime
1387 1395 1555 1467 deductos,
1568 1395 1776 1470 consurgunt

131 1495 240 1566 nansi,
253 1495 287 1556 et
299 1495 430 1556 Caesare
440 1495 570 1556 Franco
579 1495 755 1558 Patavino.
771 1498 809 1556 in
823 1493 925 1556 choro
980 1505 1108 1570 organa
1126 1493 1205 1554 bina
1227 1493 1448 1571 pneumatica,
1473 1508 1614 1570 quorum
1635 1492 1776 1569 utraque

132 1591 339 1670 conspicitur
372 1591 610 1654 candelabrum
646 1607 789 1664 aeneum,
821 1591 926 1653 altum

132 1689 233 1766 pedes
248 1689 402 1750 undecim
424 1690 517 1750 mirae
534 1680 792 1767 pulchritudinis
811 1691 845 1751 et
861 1703 924 1750 ve-

131 1785 923 1864 uastatiscentumetquatuorflguriscoalatum

113 1882 296 1959 singulari
315 1885 387 1945 arte
407 1883 449 1944 ab
470 1883 603 1946 Andrea
622 1884 737 1946 Riccio
752 1881 923 1955 Brioscho,

132 1981 241 2043 ultimi
255 1981 356 2058 hujus
371 1980 487 2043 saeculi
506 1981 831 2044 commendatissimo
841 1981 925 2052 ,sta-

133 2077 254 2146 tuario,
292 2078 482 2139 conflatum.
522 2077 701 2155 singulare
744 2078 807 2139 hoc
842 2093 925 2154 opus

132 2189 244 2235 rerum
260 2175 498 2235 Patavinarum
511 2175 692 2251 scriptores
705 2189 819 2236 omnes
834 2189 926 2235 oom-

133 2269 300 2343 mendant,
326 2272 427 2348 atque
458 2271 530 2347 ipse
566 2272 689 2333 artifex
716 2285 862 2348 appenso
884 2271 925 2331 ad

130 2369 323 2444 sepulcrum
346 2367 527 2444 epitaphio
553 2367 595 2431 ab
619 2368 734 2430 eodem
758 2368 923 2429 laudatur.

130 2465 277 2525 dirorum
290 2465 497 2527 circumdant
511 2466 619 2530 crates
632 2465 667 2527 et
678 2467 782 2542 porta
795 2465 924 2538 farreae,

131 2561 309 2623 reticulato
318 2564 413 2624 textu
422 2562 557 2638 egregie
567 2563 757 2639 compactae,
769 2563 925 2639 expensis
947 2623 948 2628 ,

132 2659 262 2719 Erasini
272 2657 500 2721 Gadamelatae
511 2659 709 2720 Narniensis
721 2660 825 2732 ducis,
837 2659 925 2722 hello

133 2755 319 2828 fortissimi,
358 2756 413 2817 cni
442 2755 484 2817 oh
513 2757 683 2832 egregiam
719 2755 817 2818 fidem
848 2771 926 2818 cum

132 2868 262 2913 summa
287 2852 411 2915 uirtute
446 2856 657 2931 coniunctam
692 2857 828 2916 senatus
854 2857 924 2915 Ve-

133 2951 229 3012 netus
243 2949 376 3026 publico
391 2949 524 3012 decreto
531 2951 632 3012 extra
644 2949 803 3028 tempium
818 2953 925 3013 sancti

133 3046 268 3108 Antonii
282 3045 318 3107 in
336 3047 467 3124 ingenti
482 3063 561 3108 area
583 3048 645 3108 sub
664 3047 719 3109 dio
737 3050 925 3125 eqrrestrem

134 3144 277 3204 statuam
299 3144 419 3206 armati
437 3145 571 3222 equitis,
593 3145 739 3206 militare
760 3145 925 3222 sceptrum

133 3241 289 3309 tenentis,
305 3242 426 3316 erexit,
448 3244 481 3304 et
497 3243 653 3319 superius
669 3247 790 3303 ornant
805 3242 838 3303 in
854 3243 924 3303 cir-

132 3338 225 3399 cuitu
247 3339 366 3414 uiginti
393 3339 539 3416 quinque
563 3340 683 3400 statuae
713 3337 866 3416 lapideae,
892 3339 926 3400 et
956 3399 957 3406 ,

131 3434 252 3510 viginti
267 3434 467 3497 candelabra
487 3458 494 3497 ι
512 3451 555 3498 ex
568 3437 710 3513 utroque
724 3451 805 3498 vero
820 3437 925 3498 latere

130 3536 244 3607 januas
259 3534 447 3610 praecipuae,
465 3547 558 3594 aenea
578 3535 759 3595 simulacra
778 3535 854 3595 duo.
876 3533 925 3596 Ab

130 3627 294 3692 exteriori
323 3633 417 3708 parte
450 3630 624 3692 duodecim
649 3631 751 3692 habet
780 3629 923 3704 tabulas,

132 3741 194 3787 sen
209 3727 351 3788 laminas
368 3743 474 3788 aereas
493 3728 660 3803 insignem
681 3721 757 3805 ‘quae
777 3728 818 3806 ad
844 3728 926 3788 dex-

131 3824 239 3884 teram
253 3828 286 3886 et
301 3824 471 3886 sinistram
493 3825 631 3901 majoris
646 3826 749 3902 portae
764 3824 859 3885 chori
873 3826 926 3886 vi-

132 3921 252 3982 suntur
268 3943 275 3982 z
292 3920 410 3983 effudit
432 3937 519 3983 anno
539 3923 619 3984 1507
639 3921 818 3999 praedictus
842 3922 924 3983 Ric-

131 4018 218 4092 cins
234 4018 269 4078 in
289 4005 429 4095 quarum
446 4019 554 4080 altera
574 4019 689 4082 iudith
705 4017 845 4080 Hebraea
866 4033 924 4079 so-

132 4115 249 4190 pitum,
265 4131 326 4176 seu
347 4117 456 4192 potius
471 4116 550 4177 vino
566 4117 730 4193 sepultum
750 4115 926 4179 obtruncat

131 4209 408 4274 liciolememzin
419 4211 524 4274 altera
533 4227 612 4274 vero
621 4212 860 4276 trahiturnrca
869 4212 925 4274 foe-

131 4309 232 4381 deris,
246 4325 319 4386 qnae
330 4310 370 4371 de
381 4309 478 4372 domo
488 4309 671 4371 aminadab
689 4325 763 4372 cum
778 4311 924 4372 maximo

128 4406 311 4484 triumpho,
340 4408 512 4483 praeeunte
538 4407 642 4468 David
673 4423 749 4468 cum
771 4408 920 4480 citharis

128 4503 309 4580 tympanis,
325 4506 359 4565 et
387 4503 560 4580 cymbalis
579 4505 739 4581 tripudio,
764 4506 924 4566 solemni-

128 4613 194 4678 que
215 4601 305 4662 saltu
320 4600 498 4662 adducitur
513 4601 549 4662 in
570 4603 720 4662 sancmm
740 4601 920 4664 civitatem.

127 4697 222 4758 Alias
236 4697 349 4760 decem
370 4697 450 4759 fecit
472 4698 629 4758 Belianus
654 4699 846 4771 patavinus,
869 4697 924 4759 fu-

127 4795 221 4856 soria
239 4795 311 4857 arte
330 4795 625 4872 praestantissimus
640 4809 728 4856 anno
751 4797 840 4866 1488,
861 4811 922 4856 ex-

127 4890 277 4970 primunt
309 4905 424 4954 sacras
456 4891 627 4954 historias
641 4892 764 4954 veteris
793 4893 916 4954 instru-

127 4989 232 5051 menti
250 5011 258 5050 :
274 4989 410 5052 abelem
433 4991 569 5051 acaino
585 5005 793 5068 percussum3
810 4989 920 5052 Abra·

980 1591 1093 1653 decem
1108 1590 1231 1652 habent
1246 1589 1421 1667 piuritides
1436 1590 1582 1667 regulas,
1599 1589 1641 1650 ad
1656 1589 1773 1652 modos

980 1687 1201 1750 concidendos
1215 1688 1268 1749 vel
1283 1687 1505 1763 mergendos:
1527 1687 1659 1749 fusores
1679 1687 1774 1764 peri·

979 1781 1101 1846 tissimi
1128 1785 1325 1847 Vincentius
1350 1783 1540 1858 columbus,
1571 1785 1604 1846 et
1626 1783 1776 1847 Vincen-

979 1883 1045 1944 tius
1058 1882 1143 1944 aiter
1157 1881 1327 1943 Columna.

1018 1979 1066 2040 Ad
1077 1979 1196 2040 iaevam
1208 1991 1420 2056 organorum,
1436 1977 1632 2055 Aquilonem
1640 1993 1783 2053 versus„

979 2077 1015 2137 in
1043 2073 1149 2138 reteri
1183 2073 1333 2138 basiliam
1368 2075 1509 2138 aedificio
1544 2073 1773 2138 constructum

981 2173 1014 2234 S.
1041 2173 1177 2236 Antonii
1200 2173 1371 2244 sacellum,
1398 2173 1500 2248 pedes
1522 2173 1658 2249 longum
1685 2177 1772 2250 qta-

980 2267 1143 2346 draginta,
1160 2269 1291 2346 largum
1309 2269 1428 2344 uiginti
1449 2270 1604 2346 quinque.
1623 2271 1780 2334 inchoati¹

979 2369 1165 2430 ann01532
1185 2369 1278 2428 tanta
1297 2367 1350 2428 est
1369 2369 1538 2443 majestas
1562 2369 1596 2428 et
1617 2368 1774 2444 splendor·

978 2465 1097 2526 tamin
1120 2463 1272 2538 materia,
1289 2479 1389 2541 quam
1408 2463 1442 2525 in
1462 2479 1574 2540 opere,
1597 2467 1635 2527 ut
1655 2467 1774 2558 primis

980 2561 1086 2624 Italiae
1108 2561 1242 2623 sacellis
1263 2561 1370 2638 possit
1395 2563 1596 2638 comparari.
1622 2564 1775 2624 Frontis·

979 2657 1103 2737 picium
1118 2655 1222 2720 totum
1238 2672 1460 2720 marmoreum
1483 2661 1675 2720 transversa
1696 2661 1773 2720 cin-

979 2756 1057 2833 gula
1072 2753 1143 2817 sive
1156 2756 1333 2818 coronides
1347 2755 1449 2817 hahet
1466 2757 1600 2832 egregie
1624 2757 1771 2828 caelatas,

979 2854 1149 2931 expositas
1164 2853 1395 2915 concamerato
1415 2868 1511 2914 muro
1531 2855 1657 2916 statuas
1679 2855 1772 2932 opti-

979 2965 1062 3024 mas‚
1094 2951 1253 3013 obductos
1287 2951 1434 3028 quinque
1473 2966 1573 3012 arcus
1609 2952 1772 3013 columnis

980 3051 1122 3126 quatuor
1132 3047 1362 3110 candidissimi
1374 3049 1561 3121 marmoris,
1574 3049 1607 3110 et
1621 3047 1700 3126 pilis
1711 3065 1774 3110 seu

980 3145 1074 3208 stalis
1090 3145 1228 3206 duabus.
1246 3146 1283 3205 in
1298 3144 1416 3206 frontis
1441 3145 1550 3206 medio
1564 3147 1681 3206 incisae
1697 3147 1771 3224 syl-

979 3242 1064 3304 labae
1078 3243 1159 3314 tres,
1174 3245 1234 3304 Rs.
1252 3245 1312 3304 ΡΑ.
1329 3243 1387 3304 Po.
1403 3242 1561 3305 videlicet
1573 3247 1774 3317 Respublica

980 3341 1154 3401 Patavina
1165 3341 1292 3414 poscat.
1309 3340 1454 3401 Interius
1473 3341 1693 3403 circumcirca
1710 3357 1774 3401 un-

980 3433 1087 3498 decim
1100 3435 1257 3509 are-ultus,
1274 3437 1453 3514 magnique
1467 3438 1593 3499 valoris
1609 3439 1773 3500 columnis

979 3534 1172 3606 adornatur,
1190 3536 1225 3596 et
1242 3549 1363 3596 novem
1382 3534 1507 3596 tabulis
1529 3536 1664 3612 quadris
1684 3551 1775 3596 mar-
1841 3603 1854 3612 ,

979 3631 1113 3704 morsis,
1149 3630 1270 3709 quibus
1304 3630 1480 3707 insculptae
1515 3631 1773 3707 elegantissimae

980 3727 1095 3804 figurae
1120 3729 1287 3800 humanae,
1314 3727 1402 3789 ultra
1428 3729 1561 3788 centum
1587 3731 1655 3790 tres
1678 3729 1771 3788 indi-

979 3825 1093 3887 cantes
1106 3825 1220 3886 uarias
1235 3823 1307 3886 Viri
1327 3825 1435 3886 sancti
1456 3824 1617 3885 actiones.
1640 3828 1667 3885 ii
1688 3823 1774 3887 laeva

980 3921 1127 3998 primam.
1142 3919 1285 3998 sculpsit
1310 3923 1474 3983 Antonius
1498 3923 1656 3983 Minellus
1672 3925 1771 3985 Pata·

978 4020 1090 4089 rinus,
1115 4020 1150 4079 in
1173 4018 1238 4079 hac
1262 4021 1335 4081 arte
1368 4019 1681 4096 praestantissimus3
1711 4037 1774 4082 ex-

980 4117 1092 4194 primit
1115 4117 1233 4178 Divum
1255 4117 1354 4193 hujus
1377 4117 1525 4178 sodalitii
1548 4117 1697 4179 tunicam
1718 4119 1773 4180 in-

979 4214 1145 4276 duentem.
1163 4215 1317 4276 Secunda
1338 4211 1444 4290 ignoti
1459 4215 1617 4286 auctoris,
1641 4231 1771 4294 reprae-

978 4313 1088 4374 sentat
1121 4307 1319 4372 miraculum
1361 4313 1508 4374 restituti
1544 4314 1772 4390 capillamenti

978 4410 1121 4472 foeminae
1142 4425 1162 4470 a
1181 4409 1301 4470 marito
1320 4409 1548 4472 male'lrabitae
1564 4410 1605 4492 pb
1621 4413 1769 4488 praestita

977 4507 1135 4569 fratribus
1170 4503 1343 4584 obsequia.
1383 4507 1496 4568 Tertia
1532 4509 1606 4568 Divi
1642 4508 1770 4584 patrem

976 4605 1061 4667 falso
1085 4605 1277 4666 accusatum
1303 4603 1344 4664 de
1371 4603 1563 4673 homicidio,
1589 4603 1770 4666 abeodem

975 4701 1188 4763 liberatum:
1216 4691 1311 4762 fecit
1329 4701 1553 4777 Hieronymus
1580 4703 1771 4778 campagna

975 4799 1189 4861 Veronensis.
1221 4797 1356 4870 Quarta,
1381 4797 1662 4859 adolescentulam
1686 4799 1769 4860 sub-

975 4909 1119 4957 mersam
1140 4895 1181 4956 ad
1205 4895 1301 4957 vivos
1314 4896 1523 4970 revocatam3
1546 4909 1629 4971 opus
1642 4896 1693 4957 est
1710 4899 1771 4960 Ja-

975 4992 1049 5054 cobi
1077 4992 1257 5054 sansovini
1284 4991 1481 5053 Florentini.
1512 4992 1633 5064 Quinta
1659 4994 1769 5057 simile

127 5085 264 5148 hamum
290 5087 516 5149 immolantem
547 5089 657 5162 isaac;
689 5087 870 5164 losephum
901 5104 920 5148 a
975 5087 1172 5152 miraculum
1195 5103 1214 5152 e
1237 5089 1323 5150 mari
1346 5089 1488 5150 extracti
1509 5087 1667 5152 infantuli
1688 5093 1772 5154 sub-

126 5183 289 5246 iratribus
315 5183 503 5259 venditum3
529 5185 738 5246 Pharaonem
763 5185 799 5246 in
825 5185 921 5262 aquis
975 5187 1093 5262 merei;
1111 5187 1225 5263 elapsa
1243 5186 1295 5248 est
1312 5185 1443 5263 opificis
1457 5187 1629 5248 memoria.
1653 5190 1765 5265 Sexta,

127 5277 355 5358 submersum3
397 5281 567 5343 israelitas
603 5295 742 5344 aureum
779 5281 921 5344 vitulum
975 5284 1069 5346 avari
1095 5283 1305 5345 foeneratoris
1331 5299 1389 5345 cor
1414 5283 1502 5345 inter
1527 5285 1687 5362 pecunias
1707 5302 1767 5350 re-

126 5377 317 5450 adorantes,
346 5379 534 5456 serpentem
562 5391 691 5440 aeneum
721 5379 757 5439 in
790 5377 920 5441 deserto
974 5381 1161 5458 conditum
1184 5381 1324 5458 sculpsit
1346 5381 1434 5443 hanc
1457 5382 1585 5444 Tullius
1607 5385 1769 5447 Lomhar-

125 5475 322 5547 culmum,
341 5477 534 5537 samsonem
561 5475 752 5538 Philistaeos
783 5476 921 5554 deiectis
974 5481 1048 5553 dus,
1062 5492 1191 5541 necnon
1206 5479 1380 5556 septimam
1393 5479 1536 5542 restituti
1549 5481 1655 5557 pedis,
1670 5499 1766 5559 quem

125 5569 255 5634 aedibus
283 5571 488 5646 obruentem,
518 5573 653 5636 Daridis
680 5588 757 5635 cum
788 5574 920 5636 Goliatir
975 5575 1039 5638 eibi
1065 5575 1235 5653 praescidit
1253 5577 1399 5662 juvenis,
1435 5593 1455 5638 a
1481 5579 1596 5638 sancto
1621 5580 1700 5640 Viro
1724 5579 1766 5640 ob

125 5683 356 5745 congressum,
375 5669 585 5732 Salomonem
604 5673 817 5734 meretricum
840 5687 920 5734 con·
975 5673 1066 5737 calce
1089 5674 1272 5750 impetitam
1296 5675 1493 5751 genitricem
1509 5675 1632 5737 acriter
1652 5691 1767 5752 repre-
