4226 6406
285 309 287 316 ‹
312 274 372 338 tit

308 430 384 492 iactu
402 439 431 492 et
446 431 537 490 saluta
553 430 657 488 anime
677 433 761 501 m'ee,
778 445 845 488 cum
864 431 1029 503 vituperant
1045 443 1103 498 ms,

309 535 377 580 nam
388 521 418 578 in
431 519 485 578 lto'c
498 526 607 579 certum
620 526 664 578 est
679 517 750 576 mihi
759 520 879 578 lucrum.
896 519 970 577 Nam
983 519 1012 575 in
1028 531 1101 591 prta-

309 609 415 666 latione
427 622 521 676 casus,
535 608 564 664 in
579 606 663 666 lauda
684 608 883 680 precipitium,
897 608 927 664 in
945 607 1104 667 bumilitate

308 696 414 756 subditi
430 697 534 754 animae
550 697 660 754 lucrum
680 703 725 754 est
737 695 788 770 (i).

530 872 761 942 conuocatae
788 873 882 930 xxii.

307 987 478 1060 iiclipt'otttm
504 987 669 1044 collotenus
691 973 804 1044 sacroru
823 987 982 1044 obedientiae
1003 987 1105 1060 jupuot

587 1081 717 1134 secutor
725 1075 829 1132 debere.

343 1193 380 1252 Ut
394 1190 577 1266 generalatus
595 1189 689 1248 ollicio
709 1191 891 1260 renuntiavit,
914 1190 1028 1248 iratrem
1050 1192 1103 1250 Pe·

309 1287 384 1340 trum
409 1278 605 1349 cathamum,
628 1279 658 1336 in
686 1277 750 1352 ejus
777 1280 870 1338 locum
896 1278 1102 1352 subrogatum,

309 1368 390 1440 adiit,
410 1367 555 1425 humiliter
575 1381 661 1424 orans
679 1376 708 1425 et
722 1367 821 1425 dicens
835 1385 842 1424 :
858 1389 870 1418 ι
885 1369 968 1424 Pater
978 1376 1006 1425 et
1020 1363 1106 1426 irater

309 1455 475 1527 carissime,
500 1464 529 1513 te
551 1470 646 1513 meum
667 1464 776 1528 patrem
796 1463 825 1513 et
846 1455 998 1514 Dominum
1014 1455 1103 1514 conil-

309 1553 382 1616 teor,
393 1551 451 1602 tuae
461 1561 537 1602 curae
550 1545 654 1602 animae
667 1557 739 1602 meae
754 1545 872 1602 tutelam
884 1545 1043 1614 committo,
1054 1544 1105 1602 tibi

310 1641 457 1706 tamquam
473 1647 540 1690 aero
561 1647 628 1690 meo
643 1633 773 1691 ministro
788 1647 903 1690 omnem
914 1633 1106 1712 reverentiam

309 1729 338 1780 et
359 1720 540 1780 obedentiam
560 1719 704 1778 humiliter
720 1723 862 1794 promitto.
880 1721 961 1794 liogo
977 1720 1062 1778 etiam
1078 1723 1106 1780 ei

309 1824 360 1868 oro
377 1817 405 1868 te
420 1824 471 1884 per
483 1811 574 1866 Deum
589 1809 687 1866 vivum
701 1816 730 1868 et
749 1823 858 1878 aerum,
871 1815 902 1866 ut
916 1811 1010 1866 vicem
1028 1816 1106 1868 tuam

309 1899 381 1956 mibi
397 1897 568 1972 imperandi,
593 1903 623 1954 et
642 1895 678 1954 de
693 1913 739 1956 me
763 1896 892 1968 curandi,
910 1898 960 1954 uni
974 1898 1106 1954 exsuciis

310 1987 384 2044 mels
399 1986 574 2056 committas,
588 1985 634 2042 cui
649 1985 678 2043 in
700 1981 833 2045 omnibus
850 1993 899 2043 tuo
913 1985 977 2044 loco
989 1985 1106 2044 firmiter

309 2073 461 2134 obediam:
474 2089 540 2130 nam
560 2081 674 2146 propter
693 2088 832 2147 magnum
845 2073 955 2133 lucrum
974 2081 1002 2132 et
1021 2073 1105 2132 meri-

309 2169 370 2220 tum
392 2160 571 2232 obedientiae‚
592 2168 620 2218 te
632 2177 747 2235 semper
770 2163 918 2236 praelatum
933 2175 1029 2220 meum
1045 2177 1104 2219 mc·

310 2263 387 2320 cum,
400 2257 429 2308 et
439 2264 535 2308 coram
546 2265 591 2306 me
605 2265 719 2323 semper
728 2247 835 2308 habere
846 2249 988 2308 desidero.
1003 2272 1013 2302 ι
1026 2243 1106 2320 Quod

309 2345 341 2396 ut
361 2339 496 2408 obtinuit,
514 2338 632 2395 tirmiter
645 2353 737 2412 usque
751 2337 787 2398 ad
802 2347 939 2410 mortem,
959 2354 1023 2412 quae
1038 2355 1103 2412 pro·

309 2427 396 2496 misit,
416 2427 667 2500 completuram
683 2425 770 2496 domi,
787 2428 833 2486 vel
848 2428 877 2486 in
893 2428 1006 2497 itinere,
1017 2428 1047 2484 in
1057 2441 1104 2484 ec·

308 2515 415 2589 clesils,
439 2515 485 2572 ael
500 2529 550 2588 per
565 2514 684 2588 plateas,
701 2515 771 2572 nihil
786 2515 848 2574 sine
868 2516 937 2574 socii
949 2515 1063 2574 licentia
1078 2523 1106 2574 et

308 2603 479 2662 obedientias
487 2605 559 2678 jugo
573 2603 754 2676 perpetrabat
769 2601 820 2676 (2).

522 2797 754 2868 COLLOQUlUii
777 2797 882 2858 xxiii.

328 2922 382 2980 Dei
400 2920 594 2994 beneficiorum
611 2927 723 2993 emunt
741 2921 895 2980 iubendum
912 2923 1086 2982 mesariam.

346 3047 379 3103 ln
399 3057 482 3102 sacro
498 3051 642 3102 conventu
667 3045 772 3107 biontis
793 3045 924 3102 Alvernae
946 3045 975 3102 in
1001 3047 1106 3104 sacello

309 3134 472 3206 cardinalis,
490 3156 506 3199 a
521 3135 664 3194 cineribus
675 3135 816 3193 illustriss.
833 3133 1000 3192 Galeottide
1015 3133 1103 3193 Uber·

308 3227 377 3286 tinis
390 3228 509 3296 Aretini,
522 3229 615 3286 Petras
626 3224 709 3282 malm
718 3223 841 3291 comitia
856 3237 892 3279 ac
905 3223 934 3279 S.
945 3225 977 3280 it.
992 3225 1024 3280 id.
1041 3237 1104 3280 car·

309 3313 424 3385 binalis,
444 3315 483 3374 ibi
506 3314 672 3381 reconditis,
686 3312 729 3370 sic
749 3310 835 3380 dimo,
849 3312 878 3367 in
894 3311 957 3384 ejus
971 3317 1104 3384 penetra·

309 3402 426 3464 lioribus
438 3404 594 3476 quadratus
603 3403 674 3474 lapis
685 3399 776 3458 iarrea
789 3407 868 3456 crate
878 3407 1026 3457 contectus
1035 3401 1107 3458 eris·

307 3493 351 3562 tit,
366 3506 401 3550 ex
414 3507 470 3564 quo
481 3492 582 3550 beatus
597 3497 676 3563 pater
693 3487 877 3546 reiectionem
889 3489 997 3561 saepius
1008 3501 1105 3561 sump-

308 3582 355 3652 sit,
386 3577 414 3640 et
441 3594 528 3653 supra
554 3593 641 3652 quem
665 3578 825 3649 saepissime
836 3576 988 3634 instantius
1002 3576 1104 3635 oravit.

306 3671 367 3740 Oua
382 3669 418 3728 de
439 3681 525 3730 causa
539 3669 665 3728 maximo
676 3667 705 3724 in
725 3665 834 3722 bonore
849 3663 979 3734 babetur,
998 3677 1104 3737 magna

306 3759 447 3834 religione
468 3758 587 3826 colitur;
609 3763 639 3814 et
657 3769 694 3812 ns
716 3755 747 3811 in
766 3752 887 3812 nihilum
914 3753 1062 3826 redigatur
1090 3766 1105 3810 a

306 3839 1104 3909 dormiasmcularibusetecclesiasticisadventantibus,

306 3935 462 4007 aliquasex
477 3949 513 3992 οο
528 3933 664 4005 reliquias
678 3931 899 4004 asportantibus,
916 3943 970 3988 nec
990 3929 1104 4003 religio-

305 4023 346 4080 tia
368 4021 519 4094 probibere
540 4018 718 4088 valentibus,
748 4015 882 4089 predicta
909 4015 999 4074 terrea
1028 4024 1105 4074 crate

306 4109 507 4170 communitur.
518 4110 601 4166 Hunc
608 4115 640 4164 ut
652 4105 743 4164 semel
757 4104 858 4162 beatus
869 4107 1103 4177 benpromcnsa,

306 4197 450 4270 mappula,
467 4197 593 4257 demere
608 4195 704 4264 solito,
721 4193 791 4251 bora
816 4191 929 4266 prandii
948 4201 1104 4266 mntegere

304 4287 402 4354 valet,
414 4282 559 4356 probibuit
577 4283 677 4340 beatus
699 4284 793 4351 Pater,
809 4281 984 4353 subjiciens:
1003 4301 1015 4333 ι
1028 4282 1104 4352 licii,

304 4373 453 4435 carissime
477 4370 573 4441 irater,
602 4371 638 4429 ita
664 4369 767 4439 iacere,
792 4368 844 4428 sed
860 4383 990 4428 mensam
1014 4370 1105 4442 primo

306 4475 392 4535 aqua,
414 4459 517 4518 deinde
540 4459 619 4529 vino,
644 4471 742 4517 rursus
761 4458 836 4527 oleo,
858 4471 892 4516 ac
906 4457 1022 4516 tandem
1042 4456 1102 4514 bal·

305 4566 387 4610 samo
407 4552 505 4610 latare
526 4548 662 4622 satagito,
679 4547 912 4620 qnandoquidem
926 4545 1054 4606 Christus
1074 4547 1103 4603 iu

305 4656 340 4703 es
354 4640 466 4710 sedere,
489 4638 627 4711 mihique,
649 4652 713 4710 quae
727 4635 837 4705 audies,
855 4637 983 4695 revelare
998 4635 1101 4709 digua·

340 4817 380 4948 (Ιέ
392 4820 462 4876 Βοο.
477 4831 540 4888 cap.
560 4816 589 4885 6,
604 4812 640 4872 ad
655 4813 754 4884 med.;
770 4813 878 4884 Pisan,
892 4812 911 4870 i.
927 4813 950 4883 i,
974 4811 1056 4884 Coos.
1074 4812 1102 4882 b,

304 4887 861 5034 et(12'Aoiatyas33i'reiag.,lib.11,69,irrite
875 4951 979 5024 bnem3
993 4953 1101 5024 Pisum,

305 5027 353 5087 lib.
383 5027 405 5097 l,
419 5027 476 5084 Coo
494 5027 544 5095 ,ὅς
560 5027 643 5094 Bou,
655 5041 680 5082 c.
697 5025 723 5093 6,
738 5031 805 5080 ante
817 5022 892 5080 med.

342 5101 384 5172 (³)
405 5100 498 5156 Gonza
523 5111 550 5165 a,
577 5098 603 5154 ll
647 5104 699 5154 art.
718 5095 836 5163 Circo,
861 5101 942 5150 tract.
958 5092 996 5150 de
1015 5091 1099 5151 Proo.

307 5172 423 5238 Tuccio,
439 5167 474 5224 de
511 5182 574 5224 ouo.
630 5168 704 5226 cotis
723 5165 853 5232 Alooroi,
878 5164 1103 5236 aliquantisper

305 5237 820 5372 ill·l‘lliailiilalltl’blll
838 5235 953 5378 {ababli
967 5237 1101 5377 abab

307 5327 512 5442 affabiliores
530 5323 656 5448 oottqoff,
679 5347 828 5435 aaeoaer'n
851 5377 946 5446 beato,
969 5377 998 5432 m
1016 5345 1101 5434 barre

305 5471 336 5514 sc
348 5455 393 5510 illa
411 5449 535 5508 audiisse
549 5447 656 5518 retert3
676 5448 781 5515 Fiam,
797 5449 809 5504 l
824 5464 865 5528 p3,
889 5445 937 5504 iol.
962 5447 1004 5514 lii,
1023 5463 1050 5518 p.
1067 5448 1098 5517 ²3

304 5535 333 5584 et
348 5523 460 5590 iiodul.‚
478 5521 496 5577 l.
508 5521 532 5590 1,
547 5521 575 5575 iu
590 5520 713 5590 quodem
725 5518 894 5588 Appondacc,
912 5517 959 5574 iol.
983 5517 1010 5585 8,
1027 5535 1054 5590 p.
1071 5519 1098 5576 2.

255 5651 256 5656 ,
305 5600 337 5655 ln
359 5597 448 5654 Firm.
475 5598 503 5649 ct
525 5589 691 5660 compendio
711 5587 824 5646 Ordinis
847 5588 892 5645 bis
917 5589 1101 5646 continentur

742 275 774 334 S.
798 271 1018 335 sanuciani
1039 273 1267 336 assistatis
1289 274 1519 338 OPUSGULA.

1896 281 1963 341 412

1158 437 1204 489 tus
1226 437 1279 490 est.
1309 431 1414 502 Quater
1438 445 1569 491 mensam
1592 432 1808 504 nunciasset
1824 433 1960 506 benedic,

1159 519 1224 592 quia
1240 519 1269 576 in
1282 533 1317 577 ea
1332 529 1454 592 quatuor
1467 521 1529 578 brec
1543 523 1683 580 Dominus
1702 522 1773 580 mibi
1789 539 1841 596 pro
1853 523 1964 582 Ordine

1159 608 1961 692 repromisit:primum,0rdinemhuncadtinemusqrre

1159 694 1265 752 mnndi’
1288 698 1742 768 perseveraturum:secnndum‚
1772 699 1901 757 ordinem
1927 708 1958 757 et

1159 782 1260 842 iratres
1274 785 1338 856 eius
1352 799 1387 842 ex
1407 785 1494 844 corde
1507 784 1670 860 diligentes,
1695 795 1961 860 quantumcumque

1159 879 1334 944 peccatores,
1351 873 1481 945 spiritum
1504 876 1732 948 compunctionis
1747 883 1777 932 et
1792 877 1958 934 misericor·

1159 959 1235 1018 diam
1250 961 1280 1017 in
1294 961 1350 1016 vita
1363 961 1408 1018 vel
1423 963 1453 1020 in
1469 969 1560 1020 morte
1579 970 1784 1022 consecuturos
1800 981 1807 1022 :
1825 967 1958 1034 tertium,

1160 1049 1262 1106 Hostes
1277 1055 1305 1106 et
1322 1055 1519 1120 persecutores
1527 1049 1612 1124 hujus
1623 1052 1781 1124 religionis,
1793 1053 1848 1110 nisi
1863 1056 1959 1126 poeni·

1160 1137 1278 1196 tentiam
1293 1139 1416 1212 egerint,
1432 1137 1487 1196 bac
1509 1140 1573 1198 luce
1592 1139 1641 1198 diu
1667 1141 1786 1202 minime
1803 1141 1959 1202 fruituros:

1160 1231 1302 1298 quartum,
1319 1227 1427 1284 nullum
1442 1225 1505 1299 ejus
1520 1229 1667 1286 alumnum
1682 1229 1758 1288 male
1768 1231 1797 1287 in
1808 1245 1842 1288 ea
1856 1233 1958 1289 viven-

1161 1320 1228 1383 tem,
1243 1321 1292 1372 aut
1304 1328 1364 1372 sum
1379 1311 1564 1387 professionis
1576 1315 1704 1386 oblitum,
1718 1316 1767 1375 diu
1779 1318 1960 1378 etobstiuate

1160 1403 1189 1459 in
1215 1403 1325 1461 mortali
1341 1409 1459 1476 peccato
1481 1403 1679 1476 languentem,
1701 1407 1729 1463 in
1751 1421 1786 1464 ea
1804 1422 1958 1468 remansu-

1160 1504 1232 1560 rum,
1244 1506 1312 1548 nem
1324 1490 1369 1549 vel
1382 1491 1406 1548 is
1419 1491 1564 1565 proprium
1574 1492 1683 1550 crimen
1696 1490 1847 1552 confessus
1855 1509 1961 1554 emen·

1161 1575 1282 1648 dabitur,
1302 1579 1349 1636 vel
1372 1593 1407 1636 eo
1427 1577 1541 1642 detecto
1558 1580 1613 1638 sibi
1636 1581 1820 1640 valedicetnr.
1842 1581 1960 1655 Adiecit

1160 1665 1299 1724 Dominus
1307 1673 1335 1724 et
1346 1665 1413 1736 alia,
1422 1682 1485 1740 quoe
1495 1669 1524 1724 in
1532 1667 1632 1726 boram
1639 1669 1739 1726 mortis
1745 1667 1795 1728 tibi
1806 1685 1931 1730 reservo.
1944 1691 1957 1722 ι

1160 1753 1241 1823 Quod
1263 1761 1294 1814 ut
1314 1753 1394 1821 dixit,
1413 1769 1565 1812 accersens
1579 1762 1607 1812 et
1621 1755 1773 1816 aliundene
1796 1757 1891 1816 oleum
1903 1758 1958 1816 de·

1160 1857 1255 1915 super,
1272 1840 1341 1898 dixit
1354 1859 1361 1898 :
1376 1843 1429 1899 ,llic
1447 1845 1488 1900 est
1502 1859 1557 1899 uro
1576 1843 1637 1902 net.
1660 1843 1756 1920 (Gen,
1779 1861 1875 1916 xxviia,
1896 1845 1958 1920 iti.)

1160 1928 1246 2003 Cujus
1260 1929 1312 1999 rei,
1335 1937 1437 2002 praeter
1457 1929 1655 2006 irrefragabile
1669 1941 1832 1992 sanctorum
1845 1936 1958 2007 prisco-

1160 2033 1223 2075 rum
1232 2025 1342 2092 patrum
1351 2019 1556 2090 testimonium,
1566 2027 1594 2078 et
1606 2021 1760 2080 multorum
1771 2031 1959 2082 monumenta

1160 2105 1307 2175 librorum,
1330 2105 1391 2180 ipsa
1406 2113 1479 2168 terra
1496 2107 1610 2166 llrmam
1625 2109 1655 2167 in
1670 2125 1701 2168 se
1723 2111 1892 2168 memoriam
1905 2111 1959 2170 ba·

1160 2192 1208 2252 bet
1222 2195 1389 2252 reverentiae
1408 2193 1462 2252 sibi
1474 2195 1579 2256 debite
1603 2205 1631 2256 et
1654 2199 1781 2270 pristinae
1798 2199 1959 2272 religionis,

1161 2296 1196 2339 ac
1206 2297 1238 2338 se
1248 2283 1298 2340 Dei
1315 2281 1403 2340 luisse
1416 2298 1495 2340 aram
1506 2283 1639 2342 ostendit.

1195 2371 1268 2429 Nam
1287 2371 1382 2428 statim
1405 2377 1468 2444 post
1488 2371 1564 2429 beati
1584 2373 1643 2433 Viri
1666 2383 1787 2432 mortem
1820 2390 1836 2432 e
1861 2376 1953 2433 latere

1161 2460 1275 2528 montis,
1287 2460 1318 2516 in
1333 2473 1390 2531 quo
1403 2462 1456 2516 sita
1474 2467 1545 2530 erat,
1562 2468 1590 2518 et
1609 2461 1657 2519 nbi
1674 2461 1812 2521 mirabilia
1828 2478 1880 2521 sna
1895 2467 1956 2521 Do·

1161 2549 1256 2604 minus
1270 2547 1402 2616 ostendit,
1416 2547 1492 2606 illius
1504 2549 1621 2606 literni
1632 2551 1795 2609 Conventus
1805 2550 1905 2609 incole
1918 2553 1958 2610 ad

1160 2637 1321 2697 sacrarium
1340 2636 1418 2710 iuxta
1444 2638 1544 2708 altare,
1567 2653 1633 2696 cum
1655 2653 1761 2712 magna
1783 2641 1956 2709 reverentia,

1161 2725 1212 2782 liei
1225 2725 1283 2782 vivi
1303 2731 1332 2782 et
1350 2725 1468 2798 gloriosi
1488 2727 1639 2800 mysticum
1663 2726 1719 2784 boc
1744 2728 1834 2784 altare
1859 2727 1958 2786 debito

1160 2801 1269 2870 honore
1284 2814 1463 2883 transtulere,
1484 2821 1512 2872 et
1529 2814 1604 2873 beati
1626 2815 1751 2888 praedicti
1768 2817 1873 2874 Leoms
1886 2829 1957 2874 cura

1161 2901 1190 2957 in
1202 2913 1237 2957 eo
1251 2899 1313 2958 hec
1328 2897 1413 2958 verba
1429 2899 1590 2960 indelebilia
1610 2903 1700 2962 incisa
1723 2911 1790 2962 sunt
1818 2920 1825 2960 :
1851 2904 1958 2962 Massa

1160 3001 1243 3045 anim
1269 2991 1543 3060 emarecescens
1570 3005 1649 3056 nuru
1676 3005 1782 3048 uanum
1800 3003 1956 3048 maternas

1160 3089 1371 3148 trtummours,
1410 3091 1665 3144 sauerrrreirasouu
1705 3093 1790 3137 rrsau
1833 3094 1957 3138 uranum·

1160 3179 1255 3224 cunum
1283 3180 1417 3238 orsurus,
1447 3181 1545 3224 uacuus
1566 3184 1573 3225 :
1595 3169 1646 3226 lite
1674 3181 1724 3225 asr
1750 3183 1808 3226 unu
1841 3169 1903 3226 Der.
1932 3167 1958 3226 0

1161 3267 1260 3312 verum
1270 3254 1368 3324 iacob,
1380 3261 1421 3312 tot
1435 3254 1723 3330 beneflciisdignum,
1734 3257 1839 3314 nullius
1853 3257 1956 3314 imme·

1160 3343 1286 3399 rnoreml
1309 3343 1406 3399 omnia
1423 3344 1578 3416 promeruit
1592 3343 1748 3415 humilitas,
1762 3343 1829 3402 dum
1850 3345 1957 3402 nullius

1160 3427 1248 3488 deluit
1263 3429 1407 3506 gratitudo
1417 3431 1470 3506 (3).

1379 3606 1611 3677 centoculum
1629 3607 1731 3668 XXIV.

1231 3721 1383 3792 liclipioror
1401 3727 1566 3794 maeonium
1583 3739 1639 3781 ooo
1657 3724 1752 3782 bbere
1772 3725 1877 3783 Curios

1459 3811 1650 3882 frequentare.

1195 3923 1323 3997 Rogatus
1351 3937 1366 3982 a
1393 3923 1515 3982 Domino
1538 3927 1650 3998 Leone,
1677 3927 1814 3984 cardinali
1846 3937 1955 3986 sancte

1159 4013 1262 4084 crucis,
1275 4021 1306 4069 nt
1318 4027 1415 4070 secum
1430 4013 1634 4086 aliquantulum
1650 4024 1812 4074 moraretur
1826 4019 1955 4088 iniirbe,

1160 4101 1302 4172 acquievit
1326 4099 1472 4158 humiliter
1499 4100 1536 4158 ob
1560 4104 1682 4175 petentis
1707 4105 1899 4163 reverentiam
1927 4112 1956 4164 ct

1158 4203 1297 4246 amorem.
1323 4189 1416 4246 Prima
1439 4201 1508 4248 vcro
1523 4198 1615 4260 οοοιο,
1631 4205 1697 4249 cum
1712 4200 1777 4265 post
1793 4195 1954 4252 orationem

1159 4277 1307 4350 quiescere
1332 4277 1433 4347 uellet,
1462 4288 1689 4351 supervenerunt
1720 4279 1884 4352 demones,
1922 4283 1953 4340 in

1158 4365 1261 4425 Christi
1276 4365 1396 4424 militem
1416 4367 1550 4425 atrociter
1561 4369 1744 4442 insurgentes
1760 4385 1767 4428 :
1781 4385 1867 4442 quem
1887 4385 1953 4429 cum

1158 4452 1207 4512 diu
1225 4462 1253 4512 at
1268 4455 1339 4516 dure
1355 4453 1565 4524 verberassent,
1587 4459 1670 4530 quasi
1688 4460 1864 4517 seminecem
1884 4461 1951 4517 reli·

1158 4551 1288 4618 querunt
1306 4544 1523 4604 Discedentibus
1534 4545 1600 4614 illis,
1616 4548 1713 4604 socius
1730 4547 1887 4607 advocatus
1903 4564 1950 4606 ac·

1158 4634 1253 4692 aeaut.
1272 4633 1323 4692 Cui
1343 4647 1410 4690 cum
1433 4633 1477 4691 vir
1500 4633 1552 4691 Dei
1575 4635 1616 4692 rel
1639 4644 1784 4694 narrasset
1804 4645 1951 4707 euentum,

1157 4809 1331 4880 carminibus
1351 4809 1532 4868 ilexametris
1553 4811 1623 4868 satis
1647 4809 1801 4870 humilibus
1817 4821 1848 4870 et
1864 4815 1954 4886 impu

1156 4881 1304 5009 &ilignaque
1318 4880 1446 4940 Christus
1454 4896 1541 4954 super
1552 4881 1718 4954 praedictam
1733 4897 1863 4942 mensam
1883 4901 1951 4957 pro·

1192 5074 1343 5132 Frurtcitoo
1356 5075 1471 5146 sudem
1482 5087 1589 5146 precor,
1602 5080 1634 5131 ut
1646 5080 1769 5146 temporo
1779 5077 1870 5135 multo

1190 5145 1251 5203 Mor
1262 5145 1374 5202 inolevit
1389 5146 1424 5212 ei,
1439 5146 1556 5204 cetastis
1568 5147 1661 5204 Filius
1673 5146 1768 5216 ipsura

1191 5216 1333 5273 Eauiiore
1342 5217 1430 5286 jubet.
1446 5217 1594 5272 dodamin
1606 5221 1737 5287 quotuor,
1753 5219 1855 5288 iuquit,

1193 5288 1274 5343 Dooo
1288 5301 1412 5368 superno
1423 5286 1484 5344 libi.
1500 5287 1588 5344 Stabit
1602 5291 1668 5344 tuot
1684 5288 1757 5344 Ordo
1769 5302 1822 5358 per
1835 5305 1934 5356 eoum,

1191 5358 1299 5413 Nullos
1315 5357 1354 5412 tbi
1368 5358 1472 5427 frater,
1487 5357 1534 5412 etti
1547 5357 1584 5413 sit
1597 5359 1883 5428 paetereunter,

1191 5429 1272 5484 Stare
1283 5427 1333 5484 diu
1343 5428 1457 5497 poterit.
1479 5427 1534 5486 Via
1549 5428 1665 5484 Ordinis
1676 5427 1801 5485 tosticus
1815 5445 1905 5487 anuos

1194 5499 1292 5558 Vivere
1302 5498 1434 5554 dimidios
1449 5499 1641 5568 praestabitur.
1656 5499 1728 5568 Ejus
1742 5500 1827 5556 eunici

1194 5569 1302 5638 tineus,
1316 5573 1340 5626 et
1356 5569 1444 5624 uitam
1458 5569 1621 5626 concludent
1635 5569 1690 5641 pirre
1704 5569 1791 5626 beato.
