4226 6406
152 289 217 353 369

277 445 405 522 Arguat
418 459 499 522 ergo
514 403 626 506 nullus
641 447 819 519 amantem,

238 545 275 607 Si
289 544 383 608 uidet
398 544 532 620 inopem
544 543 665 605 mentis
681 546 865 606 amantemt

237 645 312 704 Jam
328 641 421 702 nulla
435 640 550 702 valent
563 641 684 702 vulnus
698 641 836 714 amoris,

236 740 339 802 Nulla
354 740 490 802 catenas
506 738 630 816 pellere
650 737 763 800 corda.

238 837 324 910 Quin
338 851 401 912 age
413 836 564 913 quisquis
577 835 736 897 miserum
750 835 898 906 incusas,

237 936 367 1011 Reputa
380 934 501 1005 tecum,
518 933 596 1010 quid
612 947 670 996 cor
682 933 788 1009 possit

236 1031 357 1094 Divina
370 1030 440 1108 pati
451 1030 530 1102 tela,
544 1030 598 1093 uel
612 1030 719 1106 ignes.

237 1131 264 1192 Ο
279 1129 308 1190 si
320 1129 496 1206 quisquam
511 1129 665 1190 conscius
679 1126 767 1191 esset

235 1224 394 1288 Vulneris
407 1224 523 1302 huiusi
537 1224 632 1301 sique
647 1224 774 1287 doleret

237 1324 403 1386 Miserans
417 1323 555 1408 nostros
563 1321 707 1397 pectoris
722 1322 824 1384 aestus
838 1323 845 1380 i

249 1499 398 1566 (Supplici.)

237 1609 367 1670 Clamat
381 1610 542 1669 eternum
555 1606 650 1686 polus
664 1606 762 1685 atque
773 1605 872 1668 tellus
884 1627 892 1682 ς

195 1707 317 1769 Omnia
332 1707 365 1769 et
379 1705 525 1766 clamant
541 1727 548 1766 ε
562 1709 675 1767 Amor.
692 1706 717 1764 0
733 1718 892 1776 amorem,

195 1804 354 1882 Quisquis
368 1819 417 1874 es,
437 1802 535 1880 pleno
555 1801 631 1862 hibe
646 1801 756 1863 cordis
771 1800 904 1862 haustu.

195 1903 301 1964 Plura
316 1901 486 1972 donarem,
503 1899 599 1961 modo
618 1899 714 1976 plura
730 1915 863 1975 possem

195 1999 353 2062 Omnium
367 1997 487 2070 nudus,
504 1996 565 2058 tibi
580 1995 777 2069 blandienti,

195 2099 331 2160 Ovotus
341 2109 472 2172 semper
483 2109 571 2156 nova
581 2093 794 2170 pulchritudo

318 2192 464 2256 Pulcher
476 2194 567 2254 Jesu.

236 2311 286 2372 Tu
298 2308 389 2386 rapis
400 2307 544 2370 mentem
556 2306 639 2366 mihi
654 2321 731 2368 :cor
745 2305 912 2384 liquescit.

195 2407 308 2469 Instar
322 2407 355 2467 et
366 2420 453 2468 corae
473 2404 549 2466 iluit
562 2404 768 2466 innocenter.

195 2503 359 2566 Mercium
375 2501 473 2579 quale
487 2502 538 2564 est
548 2516 656 2577 genus
671 2500 753 2562 hoel
764 2503 845 2564 lesu

194 2601 342 2663 induant
360 2601 397 2661 ut
411 2615 447 2662 so
461 2613 536 2660 mea
551 2598 663 2667 corda,
678 2598 782 2660 semet

196 2699 351 2762 Exuuuti
361 2712 463 2759 nosco
475 2711 581 2772 genus
593 2717 602 2758 c
615 2697 667 2758 est
677 2695 818 2778 Amoris*

317 2798 429 2856 Aurea
443 2808 582 2856 merces.

251 2969 364 3034 (iambici
377 2968 494 3032 dimitri.)

298 3087 444 3148 Dulcedo
459 3087 603 3148 mentem
618 3085 755 3162 colligat

259 3186 299 3246 Et
312 3199 406 3244 mens
420 3183 456 3244 in
471 3182 645 3258 amplexus
660 3183 738 3244 ruit.

259 3284 452 3357 Quantoque
467 3279 748 3357 pulchritudinem

259 3379 366 3455 Magis
382 3378 539 3449 intuetur,
552 3377 673 3446 uritur,

259 3475 456 3553 christoque
468 3475 574 3536 semet
587 3475 697 3536 induit

260 3574 369 3637 Oblita
383 3574 504 3648 semet,·
519 3574 630 3635 omnia

258 3673 377 3744 Eruta,
394 3671 451 3733 sed
465 3686 532 3733 non
547 3670 673 3746 indiga.

297 3795 416 3858 lnduta
432 3795 611 3867 Christum,
626 3793 755 3856 numini

259 3895 454 3970 conjuncta,
469 3909 563 3970 paene
579 3907 701 3953 numen
717 3891 777 3963 est,

259 3993 463 4068 omnemque
478 4005 580 4068 supra
598 3989 756 4052 verticem

258 4088 368 4150 hiteta
388 4086 511 4148 Christi
526 4086 645 4162 gratiis

258 4186 388 4261 Regina
402 4186 532 4260 sceptra
549 4183 705 4260 possidet.

297 4309 394 4374 Nunc
409 4323 488 4384 ergo
502 4323 624 4368 moeror
639 4306 775 4382 diffuge,

258 4407 395 4469 sentina
412 4421 554 4483 namque
570 4407 621 4466 est
634 4404 812 4466 criminum

257 4505 427 4566 Exhausta
443 4525 450 4562 :
468 4505 596 4580 priscus
614 4502 736 4566 occidit

256 4605 385 4664 Homo:
402 4601 542 4663 recessit
557 4601 715 4678 pestilens

257 4701 391 4761 Foetor:
408 4697 537 4760 medela
551 4697 710 4760 constitit.

296 4823 429 4885 Christo
444 4823 624 4884 innovatus
643 4822 722 4883 exui

255 4921 400 4998 Antiqua
414 4920 490 4981 vitae
506 4920 642 4980 nomina

258 5018 322 5078 Sed
338 5033 456 5094 nempe
470 5017 555 5079 tanti
567 5017 741 5077 flammeus

256 5115 389 5176 Amoris
404 5115 492 5190 ignis
507 5114 558 5176 est
572 5113 671 5188 mihi;

257 5213 383 5289 Corpus
399 5227 440 5272 ne
456 5212 563 5273 cultro
579 5211 725 5284 finditur,

255 5313 340 5371 Dum
353 5326 447 5370 mens
458 5309 572 5372 calore
587 5307 784 5371 absumitur.

254 5409 308 5468 Me
321 5405 451 5468 Christe
464 5407 603 5484 pulcher
618 5406 771 5478 attrahis,

253 5503 441 5580 amplector
454 5504 560 5576 illum,
577 5505 611 5566 et
625 5503 771 5571 clamito,

255 5605 376 5664 Amore
391 5601 432 5662 da
447 5600 537 5663 daut
552 5600 712 5664 occidam.

670 285 800 350 runs
822 285 1002 364 ouium.
1018 317 1059 334 -
1080 287 1270 349 onumen.

1148 449 1270 508 Amore
1284 445 1391 510 victus
1404 445 1560 522 langueo,

1110 546 1150 607 ut
1166 544 1346 606 semivivus
1361 545 1475 606 ardeo.

1108 643 1158 702 Tu
1170 641 1199 702 si
1214 641 1355 713 recedis,
1369 643 1512 713 camur,

1109 739 1185 800 Non
1196 737 1367 816 lacrymis,
1382 753 1449 800 non
1464 738 1597 801 fletibus

1111 835 1284 911 suspiriis,
1302 834 1503 911 singultibus

1110 931 1175 993 Gor
1188 932 1373 1009 inquietum
1391 933 1565 1010 temperat,

1110 1031 1221 1091 Donec
1235 1027 1372 1099 redibis,
1385 1044 1405 1090 o
1420 1043 1524 1122 umor.

1151 1160 1235 1234 Quid
1252 1176 1344 1238 ergo,
1361 1161 1439 1240 quid
1462 1161 1646 1224 moraberis

1109 1257 1161 1319 Ah
1176 1257 1387 1320 vulneratum
1402 1259 1543 1336 respice.

1109 1356 1234 1416 Tantos
1249 1354 1382 1417 dolores
1397 1356 1526 1433 perpeti

1109 1453 1203 1514 Mens
1217 1453 1367 1514 sauciata
1383 1454 1555 1531 pernegat.

1110 1549 1172 1622 Qui
1186 1551 1259 1622 sim,
1271 1550 1325 1612 vel
1340 1549 1408 1623 uhi,
1423 1550 1477 1612 vel
1488 1550 1566 1628 quid
1582 1550 1712 1629 loquar,

1110 1647 1327 1725 Mediterque,
1345 1663 1519 1726 agamque,
1536 1648 1660 1710 nescio.

1111 1745 1153 1806 Ut
1170 1744 1289 1806 mentis
1304 1759 1425 1821 expers
1440 1745 1584 1822 compita

1109 1843 1263 1914 Pererro,
1281 1857 1369 1918 saepe
1385 1842 1539 1918 spiritum

1110 1940 1285 2016 Languere
1299 1938 1425 2002 tractus
1443 1940 1502 2002 vix
1515 1939 1624 2001 traho.

1150 2073 1326 2150 imparque
1337 2073 1408 2150 jam
1423 2071 1595 2134 doloribus

1110 2168 1193 2229 Mihi
1208 2184 1388 2230 cormeum
1404 2167 1605 2240 iurantibus,

1110 2267 1189 2337 Quae
1205 2265 1426 2341 sinagonus,
1443 2265 1568 2326 nescio.

1110 2363 1197 2434 Quin
1212 2365 1245 2424 et
1259 2364 1397 2438 rogatus
1413 2363 1525 2434 audio,

1109 2461 1197 2521 Num
1210 2460 1340 2522 Christe
1353 2474 1499 2523 amorem
1514 2459 1707 2536 comprobes

1110 2557 1185 2620 Non
1200 2558 1393 2620 actuosumi
1406 2558 1435 2618 si
1447 2557 1626 2634 improbas,

1109 2656 1190 2717 Esse
1205 2657 1361 2719 actuosus
1376 2669 1443 2716 nou
1459 2669 1555 2733 que0.

1102 2899 1284 2966 (Acceperat.)

1068 3037 1142 3098 Jam
1160 3035 1322 3098 facundus
1337 3051 1428 3098 eram
1446 3058 1454 3098 ε
1471 3051 1559 3098 nunc
1571 3036 1784 3100 taciturnitas
1883 3071 1887 3080 ·

1028 3135 1152 3196 Vocem
1169 3133 1343 3211 surripuit.
1360 3135 1446 3207 Quin
1458 3135 1579 3211 uigiles
1592 3134 1690 3199 modo

1029 3231 1215 3294 connivent
1229 3230 1327 3292 oculi.
1343 3233 1426 3292 Dum
1439 3231 1545 3304 taceo,
1560 3231 1690 3309 loquor,

1029 3328 1188 3390 Evinctus
1203 3328 1305 3405 iugio.
1321 3329 1447 3392 Desilio
1463 3329 1573 3402 simul,

1028 3427 1135 3504 Atque
1149 3442 1216 3487 una
1229 3427 1326 3488 salio.
1343 3427 1528 3504 Deprimor,
1545 3427 1707 3505 opprimo.

1029 3525 1095 3584 Pro
1110 3538 1222 3584 rerum
1237 3523 1351 3596 iacies,
1368 3526 1583 3602 monstraque
1598 3523 1756 3597 maxima,

1030 3619 1141 3681 Nullis
1155 3621 1229 3682 uisa
1243 3620 1343 3682 locist
1364 3619 1446 3692 Quid
1463 3621 1572 3697 patior
1586 3621 1710 3682 miseri

1029 3717 1158 3780 Divinis
1174 3719 1315 3795 pereunt
1327 3717 1428 3779 corda
1443 3715 1622 3778 caloribus.

1080 3963 1125 4010 AD
1140 3923 1222 4011 'nhc
1244 3965 1302 4011 l'l'A
1324 3963 1487 4012 CHRISTUS
1508 3963 1719 4012 Rusronhsn.

1102 4123 1279 4188 (Herceum.)

1008 4241 1088 4299 Pone
1108 4240 1225 4298 modum
1239 4248 1270 4299 tu
1284 4242 1414 4315 quisquis
1429 4255 1510 4300 amas
1523 4242 1686 4300 malesanus
1697 4241 1803 4300 amoris

1008 4329 1113 4389 Ordine
1128 4329 1236 4404 gaudet
1248 4345 1338 4400 amor,
1350 4345 1418 4388 nam
1428 4331 1536 4404 gaudet
1548 4337 1577 4388 et
1585 4331 1686 4388 ordine
1700 4331 1800 4390 virtus.

1008 4419 1153 4488 Questum
1168 4420 1299 4477 invenias
1311 4433 1366 4492 qua
1381 4420 1564 4488 moratione,
1581 4419 1701 4477 docebo.

1008 4507 1098 4580 Carpe
1109 4508 1186 4564 viam
1197 4509 1309 4564 virtutis
1324 4521 1435 4565 smnus.
1453 4509 1556 4567 Comes
1568 4506 1662 4564 addita
1675 4509 1766 4565 virtus

1008 4597 1071 4654 Dux
1083 4597 1136 4653 erit
1150 4611 1206 4654 uua
1223 4597 1277 4653 vie
1291 4610 1299 4652 :
1316 4604 1441 4654 veterem
1457 4594 1627 4652 obliviscere
1641 4595 1759 4665 cultum,

1007 4684 1183 4756 virtutisque
1195 4681 1306 4742 sacram
1320 4685 1488 4757 generosior
1501 4683 1587 4740 indue
1601 4692 1720 4742 vestem.

1008 4773 1053 4830 lle
1062 4773 1167 4830 mulcet
1179 4772 1343 4832 moderatus
1357 4786 1438 4830 amor
1449 4789 1456 4828 :
1469 4786 1621 4844 compesce
1636 4772 1789 4831 iuuentem.

1008 4861 1054 4919 Sic
1066 4860 1154 4919 decus
1166 4860 1315 4918 arboribus
1329 4859 1521 4934 prebentem
1535 4859 1658 4934 pendula
1675 4876 1759 4935 poma
1766 4878 1777 4934 ;

1007 4949 1306 5022 hermammonem,
1323 4948 1466 5006 frontose
1475 4957 1518 5007 est
1533 4949 1624 5023 gioria
1636 4952 1746 5010 matris.

1042 5073 1147 5146 Aspice
1160 5079 1264 5132 cuncta
1279 5087 1367 5130 mauu
1378 5079 1406 5130 et
1421 5071 1508 5130 verbo
1524 5071 1661 5132 fabricata
1677 5076 1785 5147 petenti

1007 5161 1184 5220 Ponderibus
1195 5160 1325 5219 dimensa
1337 5161 1406 5230 suis,
1419 5176 1596 5234 numeroque
1607 5163 1761 5238 modoque,

1007 5253 1042 5308 Et
1054 5250 1141 5308 tinem
1156 5251 1253 5309 sortitu
1270 5265 1363 5308 suum.
1382 5251 1427 5308 Sic
1441 5251 1559 5308 vertitur
1572 5251 1643 5309 ordo

1007 5339 1132 5413 Legibus
1147 5338 1202 5408 his,
1217 5347 1302 5412 atque
1318 5337 1394 5396 hunc
1407 5346 1504 5397 servat
1516 5341 1622 5398 Natura
1635 5347 1775 5398 tenorem.

1007 5429 1091 5486 llunc
1103 5411 1188 5501 rnag'c
1202 5435 1297 5487 servat
1311 5441 1401 5484 emor.
1411 5429 1514 5486 Nimiis
1528 5444 1580 5488 cur
1590 5429 1707 5502 ignibus
1722 5445 1793 5504 ergo

1007 5517 1129 5591 Desipis‚
1142 5524 1190 5574 aut
1204 5532 1268 5590 que
1279 5525 1307 5574 ie
1322 5516 1466 5575 dementia
1482 5519 1561 5592 cepit
1575 5523 1721 5575 amentem
1738 5535 1746 5574 :

1007 5608 1169 5679 Comprime
1181 5623 1305 5666 uesanos
1320 5609 1460 5666 malesani
1475 5607 1599 5681 pectoris
1612 5615 1707 5664 aestus.
