4184 6410
1914 389 1976 452 580

204 515 209 524 ’
331 525 492 602 animalia
505 537 1007 618 mammasbabeutaposteriori
1016 543 1122 620 parte.
1180 542 1276 606 docet
1301 545 1369 606 alia
1388 545 1566 608 translatio
1588 541 1649 626 (2),
1669 555 1744 623 que
1769 543 1850 609 dioii
1870 568 1880 610 e
1902 553 1977 612 Per
2088 553 2089 614 i

294 635 300 648 '
331 639 437 699 llomo
449 636 550 697 babet
562 635 709 698 uberain
721 639 911 714 pestorani
924 639 1122 712 insinuetur,
1179 655 1316 702 omnem
1330 645 1492 714 dolorem,
1505 643 1539 704 et
1548 643 1722 719 stapedum
1735 647 1910 707 erudieris
1922 650 1977 708 Je·
2086 623 2089 648 ⁴

332 376 393 442 579
758 379 791 440 S.
814 377 988 443 ANTONH
1016 381 1203 444 PADUANI
1232 383 1369 446 OPERA
1396 383 1555 448 osirim:
1654 393 1657 398 '

331 734 417 813 qnod
433 749 507 795 oum
532 735 619 796 lacte
647 735 807 797 doetrinae
831 735 1008 799 inlimdere
1029 736 1126 798 debet
1179 743 1342 800 masolam.
1367 738 1416 800 ad
1440 738 1527 802 hano
1549 739 1770 802 eruditionem
1790 740 1976 804 invitantur
2088 731 2089 734 ’

330 831 585 907 intelligentiam
613 833 813 906 naturalem,
836 835 874 896 ut
897 835 976 895 inde
991 833 1124 912 parvuli
1180 834 1235 895 bie
1250 836 1423 913 reges,qui
1436 837 1525 910 saei
1535 836 1620 898 alios
1635 835 1755 901 debant
1769 853 1898 914 regere.
1912 842 1975 902 Ve-

331 926 559 992 ooniorteutur
582 945 641 1007 per
669 932 858 1008 exemplum
891 931 970 994 boni
998 931 1123 1009 operis.
1179 934 1365 994 rumtamen
1387 937 1423 1002 ut
1437 933 1518 995 dicit
1538 934 1727 996 Bernartius
1742 933 1802 1013 (3),
1815 937 1975 1014 quidquid
2088 981 2089 988 ι

332 1028 396 1089 Sed
419 1027 485 1104 ipsi
511 1027 641 1104 praelati
657 1043 723 1089 non
734 1031 839 1106 Jama
860 1031 1003 1106 pectore,
1027 1027 1084 1090 sed
1105 1045 1125 1090 a
1180 1029 1215 1090 in
1226 1030 1315 1091 omni
1328 1045 1450 1105 genere
1459 1029 1507 1109 (4)
1521 1031 1693 1092 bominum
1704 1031 1899 1093 deliciosum
1910 1035 1973 1107 ast,

331 1125 571 1202 posterioribus
586 1139 678 1187 more
692 1125 816 1188 brutali
834 1126 897 1206 iao,
914 1127 1002 1188 idest
1015 1141 1127 1188 exem·
1181 1123 1278 1190 nobis
1301 1129 1519 1202 assumimus3
1544 1143 1564 1189 a
1588 1125 1785 1189 mulieribus
1799 1129 1974 1192 mollitiem

331 1224 423 1300 plum
450 1221 607 1285 foeditatis
629 1237 698 1285 suaa
727 1221 902 1286 effundunt
917 1224 1069 1296 subditis,
1091 1225 1126 1285 et
1180 1224 1341 1298 restium3
1364 1223 1560 1288 amilitibus
1578 1225 1749 1302 phaleras;
1773 1227 1975 1304 atrapezitis

332 1319 467 1383 mittunt
476 1321 511 1381 in
527 1335 687 1383 errorem.
1181 1322 1372 1398 pecuniam
1395 1321 1576 1399 aregibus,
1602 1325 1636 1384 et
1654 1322 1861 1400 prinoipibus
1876 1325 1975 1401 pote·-

373 1420 529 1496 Sequitur
543 1440 550 1478 :
564 1418 758 1493 intentante.
774 1418 837 1479 Sed
853 1418 931 1495 quid
945 1417 1065 1480 debent
1079 1418 1127 1479 in·
1181 1419 1311 1492 statem,
1328 1419 1527 1481 ethonores.
1543 1419 1583 1481 Et
1594 1415 1670 1481 ideo
1685 1420 1764 1496 quia
1778 1432 1854 1482 oum
1865 1421 1974 1483 bomi-

331 1516 503 1592 ieliigersi
517 1518 598 1586 lloo,
613 1515 741 1577 seilicet
757 1534 764 1576 ε
778 1517 891 1582 Quare
905 1514 1126 1590 fremuerunt
1181 1514 1279 1577 nibus
1293 1529 1359 1578 non
1377 1514 1438 1596 (5),
1456 1529 1535 1578 mem
1555 1520 1748 1580 bominibus
1766 1531 1835 1581 non
1856 1517 1976 1596 flagel-
2089 1549 2090 1564 ι

330 1614 460 1692 pentes,
486 1614 520 1676 et
542 1615 659 1688 populi
685 1613 843 1674 meditati
874 1613 957 1674 snm
981 1613 1126 1674 inaniat
1180 1613 1361 1685 labentum
1383 1613 1543 1691 quianon
1559 1627 1656 1690 poena
1671 1612 1838 1694 istius(6),
1853 1617 1907 1676 vel
1927 1616 1973 1676 il-

332 1713 398 1772 Per
409 1712 529 1788 pentes
538 1710 619 1772 vitia
633 1710 795 1782 earnalia,
810 1724 870 1786 per
882 1715 1024 1785 poprdos
1043 1709 1126 1771 uitia
1179 1709 1258 1782 lius,
1275 1708 1333 1771 sed
1351 1711 1607 1786 poenaomnium
1618 1709 1808 1787 punientur.
1833 1715 1975 1776 Proser·
2089 1753 2090 1758 ι

332 1807 520 1885 spiritualia
548 1808 790 1883 intelliguntur.
819 1807 975 1869 Fremere
1001 1809 1124 1878 autem,
1180 1805 1311 1868 biorum
1332 1808 1368 1868 in
1387 1807 1453 1870 tine
1470 1823 1508 1869 :a
1524 1807 1601 1870 Noli
1625 1807 1773 1885 regibus,
1786 1823 1806 1870 o
1821 1811 1972 1884 Lamuel,

332 1905 479 1967 serarum
507 1906 576 1981 est3
600 1904 685 1982 quod
708 1904 853 1982 pertinet
879 1904 921 1966 ad
943 1904 1003 1965 illa
1030 1903 1124 1974 vitia,
1181 1903 1250 1965 noli
1272 1904 1406 1980 regibus
1427 1905 1509 1966 dare
1533 1906 1658 1977 vinum,
1674 1907 1754 1983 quia
1769 1907 1898 1968 nullum
1913 1923 1974 1970 se-

332 2015 407 2080 ques
422 2002 514 2063 nulla
526 2002 657 2064 ratione
671 2002 749 2063 sunt
759 2001 906 2078 palliata.
924 2000 1060 2062 Proelati
1070 2015 1127 2060 au-
1181 2001 1308 2062 eretum
1324 2001 1452 2074 esttibi
1468 2003 1587 2078 regnat
1601 2003 1746 2065 ebrietas
1759 2001 1911 2083 »(Prov.,
1922 2006 1975 2078 31,

333 2101 399 2162 tem
413 2101 480 2162 tam
495 2101 571 2172 ista,
584 2115 682 2177 quam
694 2097 846 2176 illaque
861 2099 1008 2175 aliquam
1020 2098 1127 2159 ratio·
1181 2097 1226 2178 i).
1244 2097 1380 2160 Talibus
1404 2100 1550 2176 regibus,
1576 2099 1751 2177 dequibus
1766 2103 1976 2178 praemissum

333 2213 409 2260 nem
427 2198 584 2259 ridentur
611 2197 746 2269 babere,
776 2197 855 2258 lieet
879 2211 946 2257 non
966 2195 1124 2267 babeant,
1181 2196 1242 2267 est,
1255 2210 1322 2258 non
1334 2195 1665 2259 estdandumvinum
1677 2198 1871 2275 temporalis
1884 2213 1977 2275 pros·

331 2295 451 2358 debent
465 2294 664 2371 intelligere,
681 2295 715 2356 et
724 2293 942 2370 intelligendo
957 2293 1083 2369 iugera,
1094 2292 1128 2354 et
1182 2293 1345 2370 paritatis,
1356 2292 1443 2355 unde
1455 2291 1672 2363 inebrientur,
1682 2293 1738 2356 sed
1752 2296 1975 2372 austeritatis,
2090 2314 2091 2342 ι

332 2396 368 2456 ιι1
382 2391 506 2455 subditi
521 2391 660 2467 fugiant,
674 2391 971 2468 praedicarellnde
985 2390 1048 2453 Job
1060 2387 1125 2469 (39,
1183 2391 1269 2452 unde
1290 2391 1486 2453 erudiantur
1515 2413 1523 2452 ι
1551 2391 1635 2462 Quia
1657 2391 1784 2454 nullum
1811 2395 1976 2455 secretum

331 2490 385 2571 25)
399 2511 406 2551 ι
419 2488 743 2582 ‹Proculpdoratur
757 2488 892 2561 beilum,
913 2488 1126 2550 exhortatio·
1182 2487 1239 2548 ubi
1252 2489 1370 2564 regnat
1381 2485 1542 2564 ebrletas3
1568 2490 1601 2550 et
1619 2489 1648 2548 si
1663 2488 1792 2550 nullum
1808 2491 1974 2552 secretum

333 2603 409 2650 nem
425 2587 556 2658 ducum,
582 2587 615 2648 et
638 2585 799 2648 ululatum
816 2587 1027 2648 exereitus.»
1043 2585 1128 2646 Pro-
1183 2583 1275 2646 uuila
1297 2585 1472 2662 sapientia.
1499 2585 1657 2662 Sequitur
1672 2605 1680 2645 a
1696 2601 1716 2645 ιι
1734 2587 1785 2648 Ne
1809 2585 1894 2648 torte
1919 2587 1975 2648 bi·

336 2685 390 2747 oul
405 2683 539 2746 odorari
564 2683 688 2744 bellum
704 2684 755 2746 est
776 2682 987 2745 adversantia
1018 2682 1127 2743 adbuo
1182 2681 1272 2753 bant,
1298 2685 1332 2743 et
1353 2679 1594 2744 obliviscantur
1612 2679 1828 2760 judiciorum,
1854 2683 1975 2744 etmu-

336 2781 435 2858 longe
460 2781 636 2858 cogitando
662 2793 884 2858 praenosoere,
906 2795 948 2840 ne
963 2775 1048 2841 torte
1061 2791 1126 2839 ra·
1183 2779 1252 2841 tent
1265 2791 1402 2842 oausam
1416 2779 1560 2840 illiorum
1576 2779 1759 2856 pauperis»
1772 2777 1849 2858 (sb,
1861 2781 1912 2849 31,
1926 2779 1974 2859 5).

335 2881 427 2942 leant
440 2879 621 2956 improvisa
636 2892 807 2955 superare.
824 2875 1002 2938 Exhortari
1017 2875 1127 2936 autem
1183 2876 1275 2947 Quod
1299 2873 1398 2938 hodie
1426 2875 1464 2938 nt
1486 2895 1493 2938 ι
1519 2877 1665 2953 Majores
1693 2877 1783 2936 anim
1819 2876 1977 2938 inebriati

334 2979 447 3047 duoes,
463 2979 496 3039 et
524 2977 654 3037 ululare
669 2975 853 3037 exereitum
870 2973 961 3047 dicit,
984 2973 1075 3050 quia,
1093 2973 1129 3034 ut
1182 2970 1421 3049 temporalibus
1444 2973 1688 3034 obliviscuntur
1708 2973 1923 3050 judiciorum,
1944 2973 1978 3036 et
2090 2993 2091 2998 ¹

335 3075 418 3137 dicit
442 3075 624 3150 Gregorius
650 3069 710 3152 (1).
741 3069 897 3145 Quaedam
926 3071 1003 3133 sunt
1031 3069 1126 3142 vitia,
1184 3069 1380 3132 subvertunt
1428 3085 1563 3131 oausam
1610 3067 1755 3133 illiorum
1795 3083 1980 3147 pauperum
2090 3111 2091 3116 κ

335 3188 409 3252 quae
420 3171 480 3233 sub
496 3171 637 3249 quadam
650 3170 780 3232 ratione
806 3168 907 3230 menti
927 3167 1072 3245 deceptae
1094 3183 1129 3228 se
1184 3165 1317 3227 Christi.
1335 3165 1429 3228 Unde
1444 3167 1549 3226 isaias
1564 3163 1628 3244 (28,
1645 3163 1679 3244 7)
1697 3186 1705 3226 ι
1720 3180 1740 3225 ιι
1753 3165 1927 3238 Sacerdos
1946 3167 1980 3228 et

335 3269 499 3346 mergunt,
520 3270 553 3330 et
575 3267 623 3329 ita
651 3266 806 3328 dicuntur
837 3265 1035 3328 exhortari:
1053 3264 1131 3325 sunt
1185 3261 1351 3339 Propheta
1381 3260 1576 3324 nescierunt
1607 3275 1677 3340 pras
1709 3261 1882 3335 ebrietate,
1914 3261 1980 3324 ab·

334 3368 418 3439 alia,
431 3381 504 3443 quae
519 3364 560 3426 ad
575 3375 705 3426 omnam
722 3361 888 3424 insaniam
921 3361 1127 3440 pertrabunt,
1185 3360 1270 3435 sopti
1283 3359 1361 3422 sunt
1385 3374 1406 3420 a
1426 3360 1516 3431 vino,
1542 3359 1741 3422 erraverunt
1754 3360 1788 3420 in
1804 3359 1978 3433 ebrietate,

336 3467 369 3528 et
380 3463 513 3526 bestiali
535 3462 681 3523 clamore
701 3459 918 3524 contundunt.
942 3461 990 3520 De
1016 3459 1079 3520 boo
1095 3458 1130 3520 in
1186 3455 1377 3516 nescierunt
1397 3453 1576 3524 ridentem,
1601 3453 1735 3516 »illum
1755 3456 1895 3526 seilicet,
1919 3456 1979 3533 qui

334 3561 480 3625 Gentiois
495 3557 540 3639 (7,
551 3556 596 3637 4);
613 3560 751 3619 «Nasus
763 3559 840 3620 tuus
859 3557 947 3618 siout
959 3555 1064 3618 turris
1079 3555 1132 3615 Li·
1185 3551 1480 3616 dixitNatbanaeli
1495 3553 1706 3625 :Antequam
1716 3565 1810 3614 esses
1820 3555 1883 3613 sub
1896 3553 1978 3626 lieu,
2091 3614 2092 3644 ¹

334 3655 1033 3736 uaniquerespicitoontraoamasoum»
1049 3655 1132 3714 Pur-
1185 3653 1256 3712 oidt
1266 3651 1299 3712 te
1309 3647 1411 3729 (7),et
1421 3649 1485 3726 ipsi
1496 3647 1667 3726 putantab
1680 3663 1721 3710 eo
1733 3663 1800 3710 non
1812 3649 1983 3710 viderilat

335 3761 387 3820 ris
409 3771 468 3834 per
486 3753 727 3824 fortitudinem,
752 3753 784 3814 et
800 3751 935 3814 virtutis
958 3747 1132 3812 eelsitudi-
1184 3747 1347 3811 ieremias
1362 3741 1426 3825 (50,
1444 3743 1496 3824 11)
1513 3745 1673 3806 :titilusi
1688 3745 1770 3807 estis
1782 3745 1869 3806 siout
1881 3745 1983 3807 vituli

337 3867 412 3916 nem
431 3855 575 3916 :Liboni
590 3865 649 3928 per
662 3848 905 3912 odorembonae
921 3845 1017 3908 lamae
1030 3869 1038 3906 ι
1049 3848 1130 3913 Qum
1186 3860 1288 3922 super
1310 3843 1459 3906 herbam.
1485 3858 1505 3902 s
1529 3841 1753 3904 Effunduntur
1766 3841 1875 3914 vituli,
1892 3842 1984 3904 idest

341 3950 485 4025 respicit
504 3949 626 4011 contro
651 3951 871 4018 Damascum,
895 3945 952 4022 qui
966 3944 1132 4019 interpre·
1186 3942 1266 4003 mali
1279 3941 1408 4017 praelati
1432 3954 1492 4016 per
1508 3953 1647 4016 pravum
1670 3939 1858 4015 exemplum
1878 3937 1985 4001 lasci-
2089 3963 2091 4028 3

340 4047 537 4124 taturpotus
561 4044 753 4121 sanguinis;
779 4042 843 4104 boo
862 4041 1043 4104 esteontra
1058 4039 1133 4101 dia·
1186 4038 1314 4100 vientes
1338 4039 1375 4099 ut
1399 4036 1495 4098 vituli
1520 4049 1622 4112 super
1645 4034 1783 4096 herbam
1806 4035 1983 4112 tempora-

336 4145 449 4208 bolum
461 4141 676 4205 insidiantem
689 4139 846 4216 sanguini
864 4138 978 4200 nostro
993 4139 1132 4200 :Nasus
1187 4134 1336 4220 liumrEt
1346 4133 1508 4210 mugistis
1517 4131 1606 4194 siout
1617 4131 1734 4204 ianm
1748 4132 1825 4208 quia
1836 4131 1984 4194 subditis

338 4239 550 4310 autemdicit,
567 4237 645 4315 quia
662 4235 884 4313 elusinsidias
900 4234 1008 4296 bonus
1018 4233 1134 4310 praela-
1187 4231 1316 4294 ierooes
1328 4245 1364 4291 sa
1379 4229 1548 4300 exhibent,
1564 4229 1599 4290 et
1610 4227 1779 4289 terribiles
1793 4227 1862 4289 illis
1882 4229 1981 4290 fiunt.

337 4341 392 4404 tus
416 4335 611 4416 praesentire
642 4332 739 4397 debet
763 4333 850 4395 sisui
874 4345 976 4394 nasus
998 4331 1133 4394 odorem
1188 4328 1368 4406 Sequitur:
1385 4325 1563 4388 ‹Conima
1585 4325 1636 4387 est
1660 4326 1768 4387 mater
1787 4326 1900 4386 restra
1921 4325 1985 4386 ni·
2090 4369 2091 4394 ,

340 4434 524 4517 praesentit.

1188 4426 1262 4498 mis,
1276 4424 1310 4488 et
1319 4423 1491 4501 adaequata
1506 4421 1648 4500 pulveri,
1669 4437 1743 4500 quse
1754 4421 1871 4498 genuit
1882 4435 1989 4485 vos.»
2089 4409 2090 4420 ’

381 4532 538 4611 sequitur
565 4545 573 4586 =
597 4531 806 4592 [irretimini.
829 4527 984 4590 ieremias
1011 4523 1057 4605 (6,
1076 4522 1132 4604 8):

340 4633 494 4696 limodire
507 4630 716 4699 lemmatum,
731 4639 776 4688 ne
787 4626 878 4702 torte
892 4621 1031 4687 recedat
1051 4625 1133 4684 ont·

340 4746 401 4793 ma
420 4741 500 4790 mea
520 4741 543 4788 o
558 4727 602 4787 ie.
625 4723 818 4801 cuiusmodi
839 4721 962 4784 sitista
976 4719 1132 4792 eruditio,

377 4869 419 4942 (1)
435 4866 547 4934 bloral,
564 4864 612 4922 lib.
629 4863 723 4922 XXXI
744 4863 773 4919 iu
786 4877 818 4920 oa
843 4905 849 4918 .
864 4859 975 4930 39101),
995 4874 1074 4918 num.
1088 4859 1133 4917 90.

341 4940 478 5012 Quaedam
492 4935 647 5004 subtritis,
660 4943 715 4993 eto.
728 4935 759 4991 ln
775 4878 949 5016 edinieui.
963 4931 1065 4999 Paris,
1075 4935 1096 4987 t.
1110 4931 1133 4998 l,

342 5013 396 5070 eoi.
414 5009 492 5077 1036,
503 5009 541 5064 ita
557 5007 663 5080 legitur
676 5021 683 5062 :
696 5005 812 5062 «Prima
827 5009 895 5060 vitra
910 5001 1038 5073 decepte
1046 5000 1134 5084 menti

342 5083 425 5158 quasi
439 5077 492 5137 sub
507 5075 630 5152 quadam
647 5076 756 5133 ratione
777 5087 809 5132 se
823 5073 962 5140 inserunt,
976 5069 1026 5129 sed
1049 5085 1132 5154 innu-

343 5167 422 5212 mera
438 5163 501 5223 quas
516 5153 682 5219 sequuntur,
698 5145 765 5201 dum
782 5143 856 5200 bane
871 5139 906 5199 ad
925 5151 1041 5198 ornnem
1055 5153 1133 5198 msa·

342 5225 422 5282 niam
437 5217 614 5294 pertrabunt,
633 5216 715 5290 quasi
737 5214 849 5272 bestiali
867 5213 994 5270 elamore
1012 5210 1132 5268 eonion·

343 5295 413 5354 (iuni
431 5313 454 5347 ι.
887 5353 893 5365 Ι

379 5363 419 5436 (it
439 5359 540 5420 Versio
555 5359 652 5416 Graeca
669 5349 755 5423 LXX,
770 5349 843 5428 apud
860 5355 975 5412 lberon.

379 5435 420 5508 (3)
432 5431 555 5488 Decium.
570 5431 601 5485 in
613 5427 688 5484 iilud
702 5442 712 5482 :
725 5427 799 5483 aeae
811 5439 864 5482 nos
878 5423 929 5482 rei.
945 5438 1015 5492 om,
1033 5418 1076 5480 10.

379 5505 420 5576 (i)
441 5500 581 5629 ffiuidquid
594 5501 622 5556 in
637 5498 716 5555 omni
731 5511 848 5569 genere,
866 5503 919 5552 eto.
927 5495 1030 5576 Noster
1039 5499 1137 5550 auctor

343 5591 400 5634 non
415 5589 450 5631 ex
474 5571 530 5628 ibet
543 5570 590 5628 bie
604 5567 690 5626 verba
725 5567 830 5624 enuina
844 5564 990 5633 Romarm,
1012 5562 1063 5622 sed
1075 5578 1137 5620 sen·

341 5662 417 5706 aum.
440 5647 571 5702 Ceterum
595 5655 689 5712 neque
744 5637 864 5694 rnardus
876 5643 1029 5694 auctorest
1044 5637 1135 5707 Opus·

343 5719 399 5776 ouli
419 5715 498 5774 citati
522 5714 550 5768 in
573 5711 716 5784 margine,
739 5715 770 5766 ut
786 5713 862 5763 reete
877 5705 1024 5764 adnotavit
1034 5707 1063 5762 P.
1079 5703 1136 5761 lia·

1189 4520 1301 4602 (ibid,
1325 4519 1390 4601 12.)
1412 4519 1632 4582 contunditur
1659 4519 1756 4597 quasi
1779 4519 1815 4580 in
1838 4520 1888 4580 eis
1908 4535 1990 4581 ma-
2089 4527 2090 4530 ’

1188 4622 1239 4682 ter
1251 4619 1411 4687 Ecclesia,
1436 4617 1630 4694 adaquatur
1652 4615 1697 4678 ita
1709 4615 1746 4678 ut
1754 4618 1824 4692 tam
1836 4631 1903 4678 uon
1916 4615 1990 4678 ba-
2088 4597 2089 4606 ἶ

1188 4717 1265 4781 neat
1285 4715 1423 4794 lapides,
1442 4714 1499 4793 qu
1521 4713 1728 4776 suadeantur
1746 4712 1781 4774 ιιι
1797 4711 1990 4774 periuram
2088 4685 2091 4773 i

1189 4855 1332 4927 billonius,
1351 4855 1408 4912 vol.
1424 4853 1465 4913 iii
1486 4855 1610 4926 Operum
1630 4851 1722 4909 saneti
1747 4847 1894 4916 Bernardi,
1910 4851 1989 4909 edit.

1189 4927 1291 4995 Paris,
1308 4928 1336 4983 in
1351 4925 1552 5008 admonitione
1567 4921 1682 5006 previa,
1700 4919 1912 5006 postponit,
1931 4921 1988 5007 sed

1189 4997 1341 5058 tisuiridus
1361 4994 1496 5056 bernardi
1514 4993 1681 5077 diserpulus,
1698 5007 1747 5064 qut
1761 4991 1882 5074 'sinder
1896 5005 1996 5051 varus

1189 5064 1621 5208 {Jessisfffitigassffiiffgetmombus
1635 5069 1790 5132 oouienurt,
1804 5069 1844 5120 uti
1857 5077 1921 5136 ipse
1937 5078 1991 5121 as·

1226 5210 1267 5348 {3
1279 5201 1869 5362 &reiciendorlralptoerggtisgugfegg’lffemardus,
1877 5273 1941 5330 Ser.
1952 5274 1995 5332 23

1190 5351 1219 5407 in
1234 5349 1348 5432 Cannas
1373 5345 1478 5404 babet:
1499 5347 1553 5415 Qui
1574 5359 1603 5402 m
1629 5341 1993 5470 labofrgotgoglrffllumssrffi?

1190 5416 1762 5570 ffl'rlssalrffgffrffold'lefnoglllflsslgffnum.
1779 5483 1823 5540 13.
1982 5457 1996 5472 ’

1227 5559 1269 5633 (7)
1293 5560 1374 5630 Vutq.
1391 5559 1472 5615 Prius
1512 5571 1559 5614 am
1573 5563 1601 5613 te
1614 5554 1895 5626 Pbdrppusvooaret,
1917 5567 1996 5611 cum

1192 5630 1528 5696 ommmm.
