4184 6410
290 249 350 314 599
677 244 680 252 ’
709 247 744 310 Β.
772 247 948 311 ΑΝΤΟΝῙῙ
979 245 1167 312 rhenani
1195 246 1333 314 ornile
1363 247 1510 316 OMNIA.
1870 251 1942 318 600

290 401 467 488 ruptionis,
510 407 564 470 rel
607 407 946 486 incorruptibilitatis,
985 409 1084 486 iuxta
1138 423 1211 471 rum
1224 410 1296 486 Dei,
1312 411 1423 487 agitur
1436 411 1471 473 in
1486 407 1629 486 deserta,
1645 407 1732 474 idest
1749 424 1941 476 conversa-

290 505 373 568 iilud
388 521 396 566 :
412 507 580 569 Dominus
603 507 807 570 nominatio
825 520 914 578 mec,
940 506 975 570 et
990 511 1085 569 scine
1136 506 1263 569 tionem
1277 505 1378 585 hujus
1402 509 1528 582 mundi,
1550 507 1608 570 ubi
1626 509 1677 572 est
1700 509 1844 586 scorpio,
1861 509 1938 571 sci-

291 617 370 666 mea
384 601 444 682 (1).
460 603 549 664 Dans
564 603 692 676 citcm,·
707 607 871 678 qnoniam
884 606 976 679 apud
988 603 1021 665 tc
1033 604 1086 665 est
1139 601 1222 666 iicet
1237 603 1400 678 diabolus,
1426 605 1535 683 capite
1556 605 1743 681 blandiens,
1768 609 1802 668 et
1825 607 1940 668 cauda

289 701 368 774 sons
381 699 464 760 vitia
478 697 538 779 (2).
554 699 644 762 Dans
663 701 945 768 benedictionem,
961 700 1001 762 de
1019 715 1084 778 qua
1138 715 1300 777 pungens,
1323 704 1450 777 depos,
1476 703 1510 766 et
1532 704 1637 766 siinic
1652 700 1713 782 (7),
1736 702 1823 765 idest
1845 719 1938 764 ava-

291 793 538 858 Ecciesiastici':
561 795 759 860 Benedictio
779 799 871 862 illice
893 801 993 873 cnosi
1013 798 1083 870 pin-
1138 799 1228 870 ritia,
1246 799 1279 861 et
1293 799 1440 873 luxuria,
1456 815 1530 878 quas
1550 799 1605 862 siti
1623 799 1805 877 voluptatis
1820 799 1939 863 inter-

290 895 369 956 vinr
382 895 562 957 inundabit
576 890 635 974 (3).
1139 895 1266 970 ficiunt,
1282 896 1316 958 et
1330 895 1386 958 nbi
1402 896 1494 957 nulla
1510 911 1596 975 aqua
1611 898 1662 959 est
1674 895 1858 974 refrigerii,
1874 897 1939 959 sed

1139 992 1329 1054 incendium
1341 992 1532 1072 voluptatis.

1178 1092 1261 1152 Item
1280 1090 1368 1152 alius
1383 1091 1433 1152 est
1447 1089 1551 1164 furor,
1574 1089 1616 1154 de
1634 1105 1700 1168 quo
1718 1091 1828 1168 potest
1848 1090 1938 1152 illud

580 1154 721 1216 SERMO
741 1155 799 1216 XI·
1137 1186 1281 1263 intelligi
1308 1205 1316 1248 i
1344 1187 1514 1249 innectus
1539 1187 1591 1250 est
1614 1203 1636 1250 a
1659 1191 1781 1262 Dicere
1813 1191 1937 1284 ocutus

191 1368 195 1374 ,
324 1301 368 1359 Dc
379 1299 491 1359 insania
504 1302 672 1374 peccatoris,
686 1309 716 1359 el
730 1299 833 1359 furore.
854 1301 895 1360 De
909 1307 1050 1360 vetustate
1137 1297 1236 1345 mens
1246 1301 1258 1344 ·'
1270 1283 1330 1345 1¹1⁰
1340 1281 1479 1353 scillcet»
1496 1283 1536 1345 ‘10
1551 1299 1616 1362 ‘111⁰
1631 1284 1753 1346 difflui
1769 1305 1777 1345 ²
1790 1299 1810 1344 ⁴<
1823 1285 1939 1346 Furor

413 1389 534 1463 pcccati.
554 1391 712 1464 Detripliei
729 1389 960 1448 hostehominis.
1138 1378 1207 1440 iliis
1240 1379 1420 1441 secundum
1462 1379 1713 1442 similitudinem
1752 1381 1935 1458 serpentis,

1138 1475 1224 1539 sicui
1251 1475 1377 1553 aspidis
1405 1477 1526 1548 surdae,
1554 1479 1588 1538 et
1617 1477 1804 1538 obturantis
1831 1491 1938 1539 aures

1138 1587 1216 1634 suas
1228 1590 1248 1633 ιι
1262 1571 1368 1652 (Psai.
1387 1574 1438 1647 57,
1452 1571 1497 1653 5).
1514 1573 1576 1636 ilic
1588 1573 1639 1635 est
1653 1573 1747 1634 furor
1758 1572 1936 1642 obstinati.

300 1621 466 1798 Ξὲἒέῗῑὸ
484 1624 579 1798 {zer
618 1635 737 1686 mnes
782 1625 940 1684 mmm*
976 1637 1081 1686 mm
1137 1670 1194 1748 qui
1209 1669 1342 1732 obturat
1355 1685 1555 1743 auressuas,
1568 1670 1709 1732 alteram
1723 1670 1827 1742 terra,
1843 1669 1937 1732 idest

427 1761 435 1778 ‘
469 1762 478 1790 '
515 1762 523 1778 ‘
1138 1781 1250 1829 amore
1278 1768 1500 1842 terrenorum,
1536 1767 1675 1829 alteram
1703 1765 1822 1842 cauda,
1848 1766 1939 1829 idest

329 1867 438 1928 Furor
451 1868 504 1930 est
517 1867 650 1930 insania
666 1869 787 1931 mentis
801 1867 976 1932 inebriatae
993 1884 1084 1930 aca—
1136 1863 1380 1938 recordatione,
1416 1864 1450 1925 et
1476 1863 1693 1926 refricatione
1725 1864 1865 1942 peccati,
1889 1879 1937 1926 ne

290 1963 354 2024 lice
368 1963 560 2041 Babylonis,
576 1981 595 2026 a
610 1966 691 2042 potu
711 1965 839 2028 scilicet
858 1967 1000 2028 terrenee
1017 1981 1082 2028 vo·
1138 1961 1353 2022 convertatur
1367 1960 1407 2022 ad
1423 1975 1538 2022 vocem
1557 1961 1799 2038 praedicatoris.
1820 1963 1938 2024 Potest

291 2059 440 2136 luptatis,
466 2075 540 2138 quas
566 2061 679 2123 turbat
703 2063 835 2124 oculum
859 2063 1012 2126 rationis.
1037 2064 1084 2124 De
1137 2057 1238 2119 eiiam
1252 2056 1396 2133 intelligi
1410 2057 1716 2134 defurerejudicii,
1732 2057 1773 2119 de
1788 2072 1853 2135 quo
1872 2060 1934 2121 Je-

291 2153 356 2215 hac
381 2155 514 2217 insania
539 2157 620 2219 dicit
644 2157 751 2218 isaias
776 2157 840 2238 (24,
860 2157 919 2238 d):
945 2175 963 2220 c
984 2159 1085 2220 Maie-
1137 2154 1261 2215 remiss
1277 2151 1342 2235 (30,
1355 2151 1409 2233 23)
1424 2172 1431 2214 :
1445 2157 1559 2216 «Ecce
1570 2153 1668 2216 turbo
1678 2155 1820 2228 Domini,
1838 2155 1935 2216 furor

291 2245 404 2323 dictio,
420 2251 507 2313 idest
520 2251 693 2330 iniquitas,
708 2254 840 2316 rorabit
853 2256 989 2328 terram,
1006 2271 1085 2332 pcc-
1138 2250 1326 2328 egrediens,
1343 2250 1490 2328 procella
1504 2267 1618 2324 ruens,
1634 2251 1671 2312 in
1686 2251 1794 2330 capite
1808 2251 1934 2329 impio-

292 2349 454 2410 carcrunt
477 2348 682 2412 habitatores
708 2353 804 2428 ejus:
825 2351 900 2413 ideo
916 2350 965 2431 (4)
986 2353 1083 2413 insa·
1137 2364 1212 2409 rum
1225 2348 1481 2425 conquiescet.»

290 2443 385 2506 nient
404 2445 551 2508 cultores
571 2449 654 2524 ejus.
671 2449 789 2510 »Beue
804 2449 884 2510 dicit
896 2450 1082 2511 insanient.
1177 2447 1377 2507 inveteravi
1393 2445 1487 2508 inter
1504 2459 1622 2508 omnes
1645 2449 1805 2508 inimicos
1824 2459 1933 2508 nicos.

290 2541 353 2612 Qui
378 2541 467 2602 enim
499 2544 674 2605 comedunt
707 2543 968 2622 colocynthidas,
991 2545 1085 2606 insa·
1138 2543 1184 2606 De
1198 2543 1261 2604 hac
1273 2541 1548 2604 vetustatehabes
1557 2543 1740 2605 inThrenis
1757 2565 1764 2604 :
1780 2543 1936 2605 ‹Vetus-

290 2637 399 2709 niunt,
416 2638 449 2699 et
463 2638 632 2700 clamant:
655 2643 753 2703 Mors
768 2645 804 2703 in
817 2645 891 2710 otio,
909 2642 945 2703 ut
962 2642 1084 2718 legitur
1136 2641 1204 2700 tam
1219 2637 1298 2701 fecit
1316 2638 1438 2716 pellem
1458 2655 1576 2712 meam,
1601 2641 1634 2702 et
1655 2654 1790 2702 carnem
1811 2654 1932 2711 meam,

290 2735 409 2810 quarto
425 2735 552 2810 Regum
574 2734 619 2815 (4,
641 2735 707 2817 40).
731 2737 985 2816 colocynthidas
1009 2737 1085 2800 sunt
1138 2725 1384 2799 contriuitossa
1402 2751 1523 2798 mea.»
1545 2737 1704 2799 contritis
1723 2735 1934 2798 ossibusnon

290 2827 419 2892 fructus
432 2833 510 2894 ritis
523 2833 676 2908 agrestis,
694 2833 728 2895 ct
742 2833 876 2911 signant
890 2837 1027 2912 peccata
1041 2851 1084 2897 ex
1137 2834 1247 2911 potest
1269 2833 1368 2895 homo
1393 2849 1571 2910 assurgere
1581 2834 1623 2895 ad
1645 2834 1831 2911 superiora.
1847 2835 1932 2894 Ossa

290 2926 462 3004 voluptate
488 2929 664 3007 temporali
699 2931 923 3008 procedentia,
951 2947 1024 3010 quae
1055 2933 1084 2994 si
1138 2930 1227 2992 enim
1249 2929 1492 2993 firmamentum
1512 2932 1590 2993 sunt
1611 2931 1771 3008 corporis.
1795 2931 1851 2992 Sic
1869 2945 1934 2992 nec

291 3023 365 3101 quis
381 3025 541 3099 comedat,
554 3027 661 3104 potest
671 3028 817 3089 clamare
829 3049 837 3089 ι
848 3031 947 3090 Mors
958 3032 996 3090 in
1008 3033 1082 3092 otia.
1138 3028 1248 3100 homo,
1260 3027 1439 3090 confractis
1453 3027 1643 3100 virtuibus,
1660 3044 1734 3105 quae
1745 3027 1933 3088 firmamen-

290 1522 460 1602 dnrbctns
473 1525 525 1588 est
537 1540 561 1586 c
574 1526 698 1600 furore
714 1529 831 1588 occicus
845 1539 967 1588 niens:
982 1527 1083 1588 inne·

290 3121 338 3182 De
352 3120 415 3182 hac
430 3122 565 3184 insania
580 3124 616 3185 in
636 3125 817 3200 Evangelio
844 3128 942 3187 Lucae
962 3125 1085 3202 iegitur
1137 3125 1207 3186 inm
1222 3124 1300 3186 sunt
1313 3125 1446 3196 animas,
1463 3127 1570 3202 potest
1584 3139 1761 3202 assurgere
1781 3124 1823 3186 ad
1843 3123 1932 3186 bona

290 3217 331 3278 de
342 3216 558 3290 daemoniaco,
571 3221 702 3298 quinon
711 3221 1082 3297 utebaturrestimentO,
1138 3235 1252 3299 opera,
1275 3222 1308 3284 et
1331 3237 1371 3282 ea
1391 3237 1465 3299 quae
1492 3224 1721 3294 sursumsunt,
1738 3221 1929 3299 quaerenda.

290 3325 352 3373 nec
367 3313 522 3376 manebat
541 3313 575 3375 in
596 3315 704 3389 domo,
728 3317 840 3379 sedin
862 3317 1035 3394 sepulcris,
1051 3320 1084 3379 et
1144 3319 1664 3394 Vetustnmsecttpeliemmecm.
1674 3317 1776 3380 Pollis
1786 3320 1929 3390 vetusta,

289 3409 485 3472 concidebat
504 3427 540 3473 se
559 3412 736 3488 lapidibus,
758 3415 791 3476 et
814 3414 922 3491 ruptis
941 3413 1083 3476 vinculis
1138 3415 1165 3477 si
1181 3416 1303 3492 saepius
1317 3414 1443 3476 dissuta
1462 3414 1572 3487 fuerit,
1593 3415 1627 3478 ei
1651 3415 1771 3478 iterum
1784 3430 1931 3477 consua-

289 3505 450 3582 agebaiur
463 3507 498 3570 in
513 3507 656 3572 deserta.
671 3511 902 3573 Daemoniacus
917 3511 990 3573 sine
1003 3527 1082 3574 res·
1137 3513 1202 3583 tur,
1217 3511 1351 3573 tandem
1375 3525 1436 3587 per
1451 3511 1660 3584 vetustatem,
1670 3513 1703 3573 ei
1727 3511 1931 3588 frequentem

288 3603 427 3667 timonio
443 3604 555 3681 signat
571 3610 779 3685 peccatorem
801 3609 1035 3683 offendentem,
1052 3611 1086 3672 et
1138 3607 1509 3679 suitionem,acumnon
1524 3607 1646 3684 poterit
1657 3607 1832 3669 sustinere.
1844 3610 1932 3670 Acus

289 3701 363 3763 sine
377 3702 499 3766 rubore
513 3705 717 3782 peccantem,
733 3706 774 3767 de
789 3721 853 3784 quo
869 3706 991 3769 dicitur
1003 3710 1085 3768 lize-
1137 3705 1188 3767 est
1201 3703 1397 3781 poenitentia
1414 3725 1421 3765 ε
1441 3703 1543 3766 Psilis
1559 3705 1689 3766 vetusta
1708 3706 1760 3766 est
1773 3704 1886 3766 anima
1895 3705 1930 3765 in

289 3798 407 3860 chieiis
430 3796 498 3878 (23,
533 3800 585 3880 18)
609 3821 616 3861 ε
637 3818 656 3861 c
675 3802 863 3864 Denudavit
883 3801 1083 3864 fornicatio·
1136 3801 1282 3879 pcccatis
1315 3800 1512 3873 inveterata,
1543 3817 1616 3878 quae
1652 3801 1775 3878 saepius
1802 3801 1930 3863 dissuta

288 3910 365 3956 nem
376 3893 425 3976 (5)
445 3913 551 3968 suam,
572 3898 605 3961 et
622 3899 848 3976 discooperuit
866 3899 1083 3976 ignominiam
1137 3912 1196 3975 per
1211 3897 1339 3971 vitium,
1354 3899 1387 3960 et
1401 3897 1573 3970 dissoluta,
1588 3899 1622 3960 et
1635 3913 1696 3976 per
1716 3913 1812 3959 acum
1825 3897 1932 3974 poeni-

288 4008 395 4054 suam.
412 4009 431 4055 s
448 3997 518 4056 Nec
537 3998 650 4058 manet
663 3997 698 4058 in
720 3995 827 4070 domo,
843 3996 901 4058 ssd
920 3997 956 4058 in
971 3997 1085 4074 sepul·
1136 3995 1249 4058 tentiae
1277 3995 1414 4068 iterum,
1440 3996 1474 4058 et
1493 3996 1614 4057 iterum
1639 3995 1788 4067 consuta,
1816 3995 1849 4056 et
1876 4008 1931 4056 re-

252 4107 254 4117 *
288 4091 367 4162 cris,
393 4107 467 4168 quae
493 4092 567 4153 loca
590 4093 790 4155 cadaverum
815 4095 921 4155 sunt:
947 4093 983 4154 in
1005 4109 1082 4172 quo,
1138 4092 1273 4164 sarcita,
1300 4092 1435 4155 tandem
1461 4093 1595 4170 propter
1627 4091 1765 4153 nimiam
1784 4092 1931 4153 vetusta-

288 4187 375 4262 quod
395 4189 550 4265 peccator
570 4189 705 4250 nonnisi
727 4190 870 4252 cadaver
889 4189 943 4264 sit,
966 4192 1082 4253 osten·
1136 4189 1214 4263 tem,
1241 4190 1276 4252 et
1306 4189 1485 4252 suitionem
1507 4186 1568 4268 (8),
1592 4187 1798 4267 poenitentiae
1828 4188 1932 4249 nulia-

288 4283 389 4345 ditur.
405 4285 557 4356 Quotidie
570 4301 606 4346 se
620 4285 787 4363 lapidibus
804 4287 995 4359 concidens,
1010 4303 1084 4364 pec·
1137 4290 1234 4351 tenus
1249 4286 1371 4364 peterit
1385 4286 1550 4347 sustinere
1560 4307 1568 4360 ;
1580 4286 1614 4348 et
1627 4285 1673 4347 ita
1684 4285 1817 4347 vetusta
1827 4299 1931 4347 rema-

288 4381 354 4441 cati
374 4379 598 4444 obstinatione
617 4383 824 4446 insensibilis
848 4383 971 4461 factus;
995 4385 1083 4446 unde
1137 4385 1203 4457 net,
1219 4384 1253 4445 et
1262 4383 1400 4444 dissuta.
1422 4383 1616 4445 Vesinstcm
1630 4382 1731 4444 etiam
1752 4383 1833 4457 fecit
1846 4398 1928 4444 ccr-

287 4477 324 4540 in
347 4476 538 4541 Proverbiis
558 4501 566 4541 :
589 4479 858 4544 verberaverunt
876 4497 940 4554 me,
964 4482 997 4544 et
1016 4495 1083 4542 non
1135 4495 1218 4544 nem
1228 4481 1387 4542 nostram.
1403 4480 1488 4540 Caro
1500 4480 1597 4542 vetus
1620 4494 1686 4540 non
1702 4479 1811 4556 potest
1825 4477 1929 4540 deco-

288 4575 381 4638 dolui
406 4597 414 4637 :
440 4578 616 4640 traxerunt
645 4593 707 4651 me,
724 4581 758 4641 et
782 4595 849 4640 non
876 4578 967 4640 sensi
989 4575 1083 4658 (6).)
1136 4578 1205 4656 qui,
1222 4592 1283 4639 nec
1307 4575 1349 4638 ed
1371 4575 1482 4652 ignem
1504 4576 1689 4652 demolliri;
1706 4576 1756 4638 sic
1775 4576 1929 4638 cianima

288 4674 405 4751 Ruptis
429 4673 572 4737 vinculis
597 4675 840 4750 mandatorum,
866 4677 900 4738 et
922 4675 1084 4737 consilio·
1135 4674 1339 4753 inpeccatis
1363 4674 1550 4738 inveterata
1573 4689 1639 4736 nen
1661 4673 1782 4752 recipit
1803 4674 1928 4736 coctio·

337 4913 354 4970 i
386 4913 460 4971 Psal.
477 4916 522 4983 33,
539 4917 584 4974 10.
1136 4914 1247 4996 Dipsas,
1273 4921 1302 4970 et
1321 4911 1403 4970 situla
1423 4911 1498 4968 idern
1513 4919 1560 4969 esi
1578 4926 1708 4984 serpens,
1741 4913 1770 4969 ui
1784 4911 1831 4969 siti
1850 4911 1931 4969 inter-

337 4985 353 5041 3
386 4985 486 5053 Ecoli,
502 4987 546 5054 39,
562 4987 613 5056 11ς
628 4984 735 5059 vulg:
753 4983 910 5044 inundavit.
1136 4983 1202 5042 ficit.
1217 4985 1316 5055 ltaque
1328 4981 1375 5040 hic
1387 4997 1424 5038 ex
1437 4980 1542 5064 duplici
1557 4981 1604 5040 iiio
1617 4927 1767 5051 vocahuffo,
1783 4981 1860 5064 idern
1874 4995 1931 5064 orn·

338 5053 355 5110 i
387 5055 473 5128 Vuig.
485 5070 493 5113 :
507 5057 618 5114 vorabit
631 5065 749 5125 terrem,
761 5065 790 5115 et
804 5054 964 5130 peccabunt
975 5051 1083 5112 habita·
1131 5053 1204 5110 nino
1217 5058 1348 5122 sonante,
1364 5066 1432 5110 nem
1446 5052 1543 5122 dipsas
1554 5067 1661 5124 grece,
1681 5053 1769 5110 latine
1783 5053 1874 5109 ennio
1889 5050 1929 5108 dr·

288 5129 365 5182 tores
377 5124 459 5184 c'us:
476 5125 608 5200 ideoque.
1053 5125 1059 5138 “
1135 5126 1217 5190 citur,
1235 5122 1379 5196 duplicem
1394 5123 1489 5180 hausit
1507 5123 1624 5181 moralis
1640 5123 1852 5196 explanationis
1867 5136 1928 5179 me·

325 5195 354 5264 (ὅ
386 5140 491 5268 fulg:
507 5195 711 5255 fornicationes
725 5211 802 5256 sues.
1135 5195 1246 5253 tentem.
1263 5197 1296 5252 ln
1313 5195 1368 5253 vui
1391 5201 1437 5250 ata
1459 5199 1554 5250 entem
1576 5193 1702 5276 iegitur:
1721 5215 1732 5243 ι
1750 5195 1783 5276 in
1798 5207 1854 5265 uua
1870 5197 1931 5274 crat

339 5267 357 5323 d
386 5265 482 5336 Pron,
498 5269 543 5337 13,
559 5269 604 5326 35.
621 5269 707 5342 Vuig.
721 5285 728 5325 :
743 5268 803 5326 sed.
1135 5278 1254 5338 serpens
1269 5263 1336 5322 fietu
1358 5207 1492 5346 affiercns,
1508 5271 1537 5320 et
1552 5278 1676 5337 scorpio,
1696 5276 1731 5321 ac
1743 5262 1857 5336 dipsas3
1872 5285 1883 5314 ι
1900 5278 1928 5319 ιιι

338 5337 367 5406 7)
386 5337 501 5407 Dipsas,
520 5343 546 5395 ct
563 5340 662 5408 sinte,
678 5347 733 5396 etc.
754 5340 787 5397 in
801 5334 929 5408 dipsade,
950 5341 980 5394 et
998 5333 1081 5393 situle
1135 5336 1269 5394 versione
1282 5349 1352 5392 vero
1366 5333 1487 5392 Arabica
1503 5349 1510 5393 :
1528 5355 1540 5384 ‹
1557 5334 1589 5391 in
1609 5349 1663 5407 qua
1683 5341 1765 5392 erant
1784 5339 1930 5407 serpentes

287 5403 392 5479 duplex
405 5407 534 5480 aspidum
550 5423 644 5480 genus
658 5421 694 5466 nc
715 5423 750 5466 us
793 5423 838 5466 ern
856 5413 972 5466 sancius
986 5413 1082 5464 noster
1134 5414 1261 5473 urentes,
1278 5413 1306 5462 et
1321 5404 1496 5478 scorpiones,
1511 5410 1539 5461 ct
1551 5404 1622 5462 sitis.
1642 5427 1653 5456 ι

287 5477 418 5549 agnovit,
432 5477 480 5550 qui
498 5479 635 5538 Sermone
651 5481 700 5538 ill
727 5481 753 5538 V
769 5483 779 5537 1
795 5493 810 5536 a
832 5485 891 5535 erte
904 5479 943 5535 eit
957 5492 964 5534 :
980 5479 1082 5550 Dipsas
1172 5475 1214 5552 (8)
1227 5477 1313 5535 Deest
1329 5493 1336 5535 :
1353 5489 1447 5534 acurn⁴

286 5545 488 5618 interpretatur
505 5549 604 5622 siluia3
617 5556 646 5608 ct
656 5552 745 5608 scrin.
759 5495 831 5608 01ιὶ
844 5566 850 5605 ;
868 5549 981 5622 Dipsas,
995 5549 1042 5622 qui
1052 5555 1081 5608 et

322 4841 366 5122 αξ
386 4841 461 4901 Psai.
478 4843 522 4912 26,
537 4846 562 4902 i.
1135 4840 1220 4900 situla
1239 4839 1342 4900 dicitur
1366 4855 1382 4898 a
1405 4839 1546 4912 sitiendo;
1566 4847 1596 4898 ei
1617 4855 1715 4900 rursm
1735 4841 1825 4899 Serm.
1842 4840 1928 4900 ficii:

2066 106 2070 119 4
