<?xml version="1.0" encoding="UTF-8"?>
<!DOCTYPE html PUBLIC "-//W3C//DTD XHTML 1.0 Transitional//EN"
    "http://www.w3.org/TR/xhtml1/DTD/xhtml1-transitional.dtd">
<html xmlns="http://www.w3.org/1999/xhtml" xml:lang="en" lang="en">
 <head>
  <title>
</title>
<meta http-equiv="Content-Type" content="text/html;charset=utf-8" />
  <meta name='ocr-system' content='tesseract 3.04.00' />
  <meta name='ocr-capabilities' content='ocr_page ocr_carea ocr_par ocr_line ocrx_word'/>
</head>
<body>
  <div class='ocr_page' id='page_1' title='image "./mediiaevibiblio02bottgoog_0024.png"; bbox 0 0 4158 6380; ppageno 0'>
   <div class='ocr_carea' id='block_1_1' title="bbox 110 238 1753 308">
    <p class='ocr_par' dir='ltr' id='par_1_1' title="bbox 110 238 1753 308">
     <span class='ocr_line' id='line_1_1' title="bbox 110 238 1753 308; baseline -0.004 0"><span class='ocrx_word' id='word_1_1' title='bbox 110 245 149 308; x_wconf 81' lang='lat'><strong>21</strong></span> <span class='ocrx_word' id='word_1_2' title='bbox 648 239 972 307; x_wconf 74' lang='lat' dir='ltr'><strong>Pnotbeoitttrta.</strong></span> <span class='ocrx_word' id='word_1_3' title='bbox 994 269 1036 290; x_wconf 89' lang='grc'><strong>·-·</strong></span> <span class='ocrx_word' id='word_1_4' title='bbox 1054 238 1218 305; x_wconf 55' lang='lat' dir='ltr'><strong>missia</strong></span> <span class='ocrx_word' id='word_1_5' title='bbox 1710 240 1753 302; x_wconf 79' lang='lat'><strong>22</strong></span> 
     </span>
    </p>
   </div>
   <div class='ocr_carea' id='block_1_2' title="bbox 110 395 1786 1350">
    <p class='ocr_par' dir='ltr' id='par_1_2' title="bbox 110 395 1753 1158">
     <span class='ocr_line' id='line_1_2' title="bbox 111 395 1752 478; baseline -0.002 -10"><span class='ocrx_word' id='word_1_6' title='bbox 111 417 202 468; x_wconf 85' lang='lat' dir='ltr'><strong>anuo</strong></span> <span class='ocrx_word' id='word_1_7' title='bbox 224 398 357 466; x_wconf 81' lang='lat' dir='ltr'><strong>bomini</strong></span> <span class='ocrx_word' id='word_1_8' title='bbox 377 398 555 465; x_wconf 85' lang='lat' dir='ltr'><strong>millesimo</strong></span> <span class='ocrx_word' id='word_1_9' title='bbox 576 400 903 478; x_wconf 79' lang='lat' dir='ltr'><strong>qusonngentesimo</strong></span> <span class='ocrx_word' id='word_1_10' title='bbox 958 399 1097 473; x_wconf 86' lang='lat' dir='ltr'><strong>obstitit,</strong></span> <span class='ocrx_word' id='word_1_11' title='bbox 1114 399 1152 464; x_wconf 86' lang='lat' dir='ltr'><strong>ut</strong></span> <span class='ocrx_word' id='word_1_12' title='bbox 1165 398 1207 464; x_wconf 89' lang='lat' dir='ltr'><strong>ad</strong></span> <span class='ocrx_word' id='word_1_13' title='bbox 1221 397 1365 465; x_wconf 73' lang='lat' dir='ltr'><strong>affluam</strong></span> <span class='ocrx_word' id='word_1_14' title='bbox 1384 396 1604 474; x_wconf 83' lang='lat' dir='ltr'><strong>redigeretur.</strong></span> <span class='ocrx_word' id='word_1_15' title='bbox 1626 395 1752 476; x_wconf 74' lang='lat' dir='ltr'><strong>(Semta</strong></span> 
     </span>
     <span class='ocr_line' id='line_1_3' title="bbox 111 494 1709 576; baseline -0.004 -14"><span class='ocrx_word' id='word_1_16' title='bbox 111 500 321 576; x_wconf 81' lang='lat' dir='ltr'><strong>sexagesimo</strong></span> <span class='ocrx_word' id='word_1_17' title='bbox 335 499 454 576; x_wconf 90' lang='lat' dir='ltr'><strong>primo,</strong></span> <span class='ocrx_word' id='word_1_18' title='bbox 477 513 569 562; x_wconf 83' lang='lat' dir='ltr'><strong>anno</strong></span> <span class='ocrx_word' id='word_1_19' title='bbox 586 499 686 562; x_wconf 90' lang='lat' dir='ltr'><strong>tertio</strong></span> <span class='ocrx_word' id='word_1_20' title='bbox 706 499 759 562; x_wconf 89' lang='lat' dir='ltr'><strong>Pii</strong></span> <span class='ocrx_word' id='word_1_21' title='bbox 784 498 903 560; x_wconf 88' lang='lat' dir='ltr'><strong>Ponti·</strong></span> <span class='ocrx_word' id='word_1_22' title='bbox 960 498 1064 562; x_wconf 73' lang='lat' dir='ltr'><strong>mictu</strong></span> <span class='ocrx_word' id='word_1_23' title='bbox 1079 494 1230 575; x_wconf 68' lang='lat' dir='ltr'><strong>minat.)</strong></span> <span class='ocrx_word' id='word_1_24' title='bbox 1706 515 1709 526; x_wconf 91' lang='lat'><em>·</em></span> 
     </span>
     <span class='ocr_line' id='line_1_4' title="bbox 110 591 1753 675; baseline -0.002 -17"><span class='ocrx_word' id='word_1_25' title='bbox 110 597 184 658; x_wconf 88' lang='lat' dir='ltr'><strong>ticis</strong></span> <span class='ocrx_word' id='word_1_26' title='bbox 209 597 363 669; x_wconf 84' lang='lat' dir='ltr'><strong>Maximi;</strong></span> <span class='ocrx_word' id='word_1_27' title='bbox 392 596 524 675; x_wconf 87' lang='lat' dir='ltr'><strong>quando</strong></span> <span class='ocrx_word' id='word_1_28' title='bbox 551 595 705 662; x_wconf 79' lang='lat' dir='ltr'><strong>Pontifex</strong></span> <span class='ocrx_word' id='word_1_29' title='bbox 734 595 902 674; x_wconf 85' lang='lat' dir='ltr'><strong>praeiatus,</strong></span> <span class='ocrx_word' id='word_1_30' title='bbox 998 597 1049 656; x_wconf 83' lang='grc'><strong>31.</strong></span> <span class='ocrx_word' id='word_1_31' title='bbox 1075 592 1359 670; x_wconf 63' lang='lat' dir='ltr'><strong>nemesianus</strong></span> <span class='ocrx_word' id='word_1_32' title='bbox 1373 591 1525 655; x_wconf 91' lang='lat' dir='ltr'><strong>omnibus</strong></span> <span class='ocrx_word' id='word_1_33' title='bbox 1537 591 1684 655; x_wconf 78' lang='lat' dir='ltr'><strong>tunicam</strong></span> <span class='ocrx_word' id='word_1_34' title='bbox 1697 591 1753 654; x_wconf 89' lang='lat' dir='ltr'><strong>in-</strong></span> 
     </span>
     <span class='ocr_line' id='line_1_5' title="bbox 111 679 1753 772; baseline -0.002 -16"><span class='ocrx_word' id='word_1_35' title='bbox 111 695 255 772; x_wconf 86' lang='lat' dir='ltr'><strong>spiritus</strong></span> <span class='ocrx_word' id='word_1_36' title='bbox 271 679 393 756; x_wconf 82' lang='lat' dir='ltr'><strong>Sancto</strong></span> <span class='ocrx_word' id='word_1_37' title='bbox 407 693 550 764; x_wconf 81' lang='lat' dir='ltr'><strong>volente,</strong></span> <span class='ocrx_word' id='word_1_38' title='bbox 569 695 601 754; x_wconf 91' lang='lat' dir='ltr'><strong>S.</strong></span> <span class='ocrx_word' id='word_1_39' title='bbox 619 693 833 758; x_wconf 82' lang='lat' dir='ltr'>catharinam</span> <span class='ocrx_word' id='word_1_40' title='bbox 849 708 906 754; x_wconf 89' lang='lat' dir='ltr'><strong>so·</strong></span> <span class='ocrx_word' id='word_1_41' title='bbox 958 692 1082 754; x_wconf 90' lang='lat' dir='ltr'><strong>cultam</strong></span> <span class='ocrx_word' id='word_1_42' title='bbox 1096 691 1131 753; x_wconf 87' lang='lat' dir='ltr'><strong>et</strong></span> <span class='ocrx_word' id='word_1_43' title='bbox 1143 690 1427 768; x_wconf 74' lang='lat' dir='ltr'><strong>contemptibilem</strong></span> <span class='ocrx_word' id='word_1_44' title='bbox 1447 689 1526 754; x_wconf 88' lang='lat' dir='ltr'><strong>iuna</strong></span> <span class='ocrx_word' id='word_1_45' title='bbox 1538 689 1753 768; x_wconf 79' lang='lat' dir='ltr'><strong>praecinctam</strong></span> 
     </span>
     <span class='ocr_line' id='line_1_6' title="bbox 110 786 1752 861; baseline -0.001 -11"><span class='ocrx_word' id='word_1_46' title='bbox 110 790 213 850; x_wconf 88' lang='lat' dir='ltr'><strong>lemni</strong></span> <span class='ocrx_word' id='word_1_47' title='bbox 227 786 418 852; x_wconf 80' lang='lat' dir='ltr'><strong>celebritate</strong></span> <span class='ocrx_word' id='word_1_48' title='bbox 433 788 644 850; x_wconf 84' lang='lat' dir='ltr'>canonizavit</span> <span class='ocrx_word' id='word_1_49' title='bbox 660 803 668 849; x_wconf 78' lang='grc' dir='ltr'><strong><em>ε</em></strong></span> <span class='ocrx_word' id='word_1_50' title='bbox 685 788 904 850; x_wconf 87' lang='lat' dir='ltr'><strong>nullatunca</strong></span> <span class='ocrx_word' id='word_1_51' title='bbox 957 789 1112 860; x_wconf 86' lang='lat' dir='ltr'><strong>indueus,</strong></span> <span class='ocrx_word' id='word_1_52' title='bbox 1138 802 1260 851; x_wconf 86' lang='lat' dir='ltr'><strong>nouum</strong></span> <span class='ocrx_word' id='word_1_53' title='bbox 1289 801 1368 850; x_wconf 84' lang='lat' dir='ltr'><strong>mox</strong></span> <span class='ocrx_word' id='word_1_54' title='bbox 1401 788 1558 852; x_wconf 89' lang='lat' dir='ltr'><strong>Ordinem</strong></span> <span class='ocrx_word' id='word_1_55' title='bbox 1586 787 1752 861; x_wconf 86' lang='lat' dir='ltr'><strong>instituit;</strong></span> 
     </span>
     <span class='ocr_line' id='line_1_7' title="bbox 110 882 1753 963; baseline -0.001 -15"><span class='ocrx_word' id='word_1_56' title='bbox 110 885 331 948; x_wconf 77' lang='lat' dir='ltr'><strong>referentibus</strong></span> <span class='ocrx_word' id='word_1_57' title='bbox 355 886 388 947; x_wconf 90' lang='lat' dir='ltr'><strong>et</strong></span> <span class='ocrx_word' id='word_1_58' title='bbox 412 885 515 946; x_wconf 81' lang='lat' dir='ltr'><strong>vitam</strong></span> <span class='ocrx_word' id='word_1_59' title='bbox 537 887 569 946; x_wconf 89' lang='lat' dir='ltr'><strong>et</strong></span> <span class='ocrx_word' id='word_1_60' title='bbox 597 885 758 946; x_wconf 90' lang='lat' dir='ltr'><strong>miracula</strong></span> <span class='ocrx_word' id='word_1_61' title='bbox 783 885 906 947; x_wconf 82' lang='lat' dir='ltr'><strong>catha·</strong></span> <span class='ocrx_word' id='word_1_62' title='bbox 957 901 1032 948; x_wconf 85' lang='lat' dir='ltr'><strong>cum</strong></span> <span class='ocrx_word' id='word_1_63' title='bbox 1046 900 1111 963; x_wconf 76' lang='lat' dir='ltr'><strong>guo</strong></span> <span class='ocrx_word' id='word_1_64' title='bbox 1120 884 1211 949; x_wconf 79' lang='lat' dir='ltr'><strong>uelut</strong></span> <span class='ocrx_word' id='word_1_65' title='bbox 1223 885 1259 947; x_wconf 90' lang='lat' dir='ltr'><strong>iu</strong></span> <span class='ocrx_word' id='word_1_66' title='bbox 1273 882 1353 946; x_wconf 90' lang='lat' dir='ltr'><strong>orbo</strong></span> <span class='ocrx_word' id='word_1_67' title='bbox 1365 885 1513 958; x_wconf 89' lang='lat' dir='ltr'><strong>radians,</strong></span> <span class='ocrx_word' id='word_1_68' title='bbox 1528 885 1753 946; x_wconf 82' lang='lat' dir='ltr'><strong>Christianam</strong></span> 
     </span>
     <span class='ocr_line' id='line_1_8' title="bbox 110 980 1752 1062; baseline 0.002 -20"><span class='ocrx_word' id='word_1_69' title='bbox 110 983 260 1053; x_wconf 86' lang='lat' dir='ltr'><strong>rinae,da</strong></span> <span class='ocrx_word' id='word_1_70' title='bbox 275 981 483 1058; x_wconf 79' lang='lat' dir='ltr'><strong>stigmatibus</strong></span> <span class='ocrx_word' id='word_1_71' title='bbox 496 981 582 1044; x_wconf 85' lang='lat' dir='ltr'><strong>lacta</strong></span> <span class='ocrx_word' id='word_1_72' title='bbox 598 983 649 1044; x_wconf 91' lang='lat' dir='ltr'><strong>est</strong></span> <span class='ocrx_word' id='word_1_73' title='bbox 662 982 798 1054; x_wconf 89' lang='lat' dir='ltr'><strong>mentio,</strong></span> <span class='ocrx_word' id='word_1_74' title='bbox 813 981 904 1044; x_wconf 91' lang='lat' dir='ltr'><strong>nulla</strong></span> <span class='ocrx_word' id='word_1_75' title='bbox 958 982 1154 1059; x_wconf 77' lang='lat' dir='ltr'><strong>religionem</strong></span> <span class='ocrx_word' id='word_1_76' title='bbox 1185 980 1365 1059; x_wconf 82' lang='lat' dir='ltr'><strong>plurimun</strong></span> <span class='ocrx_word' id='word_1_77' title='bbox 1390 981 1605 1046; x_wconf 83' lang='lat' dir='ltr'><strong>illuminarit.</strong></span> <span class='ocrx_word' id='word_1_78' title='bbox 1629 981 1752 1062; x_wconf 80' lang='lat' dir='ltr'><strong>(sento</strong></span> 
     </span>
     <span class='ocr_line' id='line_1_9' title="bbox 110 1077 1228 1158; baseline 0.002 -18"><span class='ocrx_word' id='word_1_79' title='bbox 110 1081 242 1158; x_wconf 81' lang='lat' dir='ltr'><strong>pictura</strong></span> <span class='ocrx_word' id='word_1_80' title='bbox 262 1094 337 1140; x_wconf 90' lang='lat' dir='ltr'><strong>cum</strong></span> <span class='ocrx_word' id='word_1_81' title='bbox 356 1079 567 1155; x_wconf 84' lang='lat' dir='ltr'><strong>stigmatibus</strong></span> <span class='ocrx_word' id='word_1_82' title='bbox 587 1078 650 1141; x_wconf 83' lang='lat' dir='ltr'><strong>ituit</strong></span> <span class='ocrx_word' id='word_1_83' title='bbox 669 1079 790 1152; x_wconf 89' lang='lat' dir='ltr'><strong>delata,</strong></span> <span class='ocrx_word' id='word_1_84' title='bbox 812 1079 905 1140; x_wconf 93' lang='lat' dir='ltr'><strong>nulla</strong></span> <span class='ocrx_word' id='word_1_85' title='bbox 959 1080 1062 1146; x_wconf 73' lang='lat' dir='ltr'><strong>amco</strong></span> <span class='ocrx_word' id='word_1_86' title='bbox 1075 1077 1228 1157; x_wconf 73' lang='lat' dir='ltr'><strong>mundi.)</strong></span> 
     </span>
    </p>

    <p class='ocr_par' dir='ltr' id='par_1_3' title="bbox 110 1175 906 1256">
     <span class='ocr_line' id='line_1_10' title="bbox 110 1175 906 1256; baseline 0.003 -19"><span class='ocrx_word' id='word_1_87' title='bbox 110 1175 251 1254; x_wconf 88' lang='lat' dir='ltr'><strong>insuper</strong></span> <span class='ocrx_word' id='word_1_88' title='bbox 262 1177 298 1236; x_wconf 92' lang='lat' dir='ltr'><strong>in</strong></span> <span class='ocrx_word' id='word_1_89' title='bbox 313 1175 419 1248; x_wconf 88' lang='lat' dir='ltr'><strong>Bulla,</strong></span> <span class='ocrx_word' id='word_1_90' title='bbox 434 1190 533 1253; x_wconf 88' lang='lat' dir='ltr'><strong>quarn</strong></span> <span class='ocrx_word' id='word_1_91' title='bbox 548 1176 701 1254; x_wconf 90' lang='lat' dir='ltr'><strong>superius</strong></span> <span class='ocrx_word' id='word_1_92' title='bbox 714 1176 906 1256; x_wconf 80' lang='lat' dir='ltr'><strong>frequenter</strong></span> 
     </span>
    </p>

    <p class='ocr_par' dir='ltr' id='par_1_4' title="bbox 110 1273 1786 1350">
     <span class='ocr_line' id='line_1_11' title="bbox 110 1273 1786 1350; baseline 0.004 -17"><span class='ocrx_word' id='word_1_93' title='bbox 110 1273 346 1350; x_wconf 84' lang='lat' dir='ltr'><strong>allegavimus.</strong></span> <span class='ocrx_word' id='word_1_94' title='bbox 362 1273 403 1334; x_wconf 94' lang='lat' dir='ltr'><strong>de</strong></span> <span class='ocrx_word' id='word_1_95' title='bbox 423 1273 633 1350; x_wconf 85' lang='lat' dir='ltr'><strong>stigmatibus</strong></span> <span class='ocrx_word' id='word_1_96' title='bbox 649 1275 773 1337; x_wconf 91' lang='lat' dir='ltr'><strong>mentio</strong></span> <span class='ocrx_word' id='word_1_97' title='bbox 791 1273 905 1338; x_wconf 84' lang='lat' dir='ltr'><strong>habita</strong></span> <span class='ocrx_word' id='word_1_98' title='bbox 1026 1277 1209 1350; x_wconf 65' lang='lat' dir='ltr'><strong>Pasippus</strong></span> <span class='ocrx_word' id='word_1_99' title='bbox 1220 1276 1317 1348; x_wconf 77' lang='lat' dir='ltr'><strong>Diua,</strong></span> <span class='ocrx_word' id='word_1_100' title='bbox 1338 1275 1472 1338; x_wconf 81' lang='lat' dir='ltr'><strong>ordinis</strong></span> <span class='ocrx_word' id='word_1_101' title='bbox 1485 1275 1677 1339; x_wconf 67' lang='lat' dir='ltr'><strong>bitumum.</strong></span> <span class='ocrx_word' id='word_1_102' title='bbox 1783 1293 1786 1314; x_wconf 74' lang='lat'><strong>¹</strong></span> 
     </span>
    </p>
   </div>
   <div class='ocr_carea' id='block_1_3' title="bbox 109 1369 907 2318">
    <p class='ocr_par' dir='ltr' id='par_1_5' title="bbox 109 1369 907 2318">
     <span class='ocr_line' id='line_1_12' title="bbox 110 1369 907 1448; baseline 0.001 -17"><span class='ocrx_word' id='word_1_103' title='bbox 110 1369 172 1431; x_wconf 86' lang='lat' dir='ltr'><strong>est.</strong></span> <span class='ocrx_word' id='word_1_104' title='bbox 189 1371 259 1446; x_wconf 86' lang='lat' dir='ltr'><strong>Ego</strong></span> <span class='ocrx_word' id='word_1_105' title='bbox 272 1370 410 1448; x_wconf 91' lang='lat' dir='ltr'><strong>iusuper</strong></span> <span class='ocrx_word' id='word_1_106' title='bbox 424 1384 464 1431; x_wconf 92' lang='lat' dir='ltr'><strong>ea</strong></span> <span class='ocrx_word' id='word_1_107' title='bbox 477 1369 531 1431; x_wconf 91' lang='lat' dir='ltr'><strong>die</strong></span> <span class='ocrx_word' id='word_1_108' title='bbox 543 1371 816 1444; x_wconf 83' lang='lat' dir='ltr'><strong>canonizationis,</strong></span> <span class='ocrx_word' id='word_1_109' title='bbox 834 1386 907 1435; x_wconf 91' lang='lat' dir='ltr'><strong>ser-</strong></span> 
     </span>
     <span class='ocr_line' id='line_1_13' title="bbox 110 1466 903 1546; baseline 0.008 -19"><span class='ocrx_word' id='word_1_110' title='bbox 110 1481 244 1528; x_wconf 92' lang='lat' dir='ltr'><strong>monem</strong></span> <span class='ocrx_word' id='word_1_111' title='bbox 259 1466 300 1527; x_wconf 90' lang='lat' dir='ltr'><strong>ad</strong></span> <span class='ocrx_word' id='word_1_112' title='bbox 324 1467 482 1544; x_wconf 90' lang='lat' dir='ltr'><strong>populum</strong></span> <span class='ocrx_word' id='word_1_113' title='bbox 503 1466 605 1528; x_wconf 91' lang='lat' dir='ltr'><strong>habui</strong></span> <span class='ocrx_word' id='word_1_114' title='bbox 623 1470 697 1546; x_wconf 92' lang='lat' dir='ltr'><strong>post</strong></span> <span class='ocrx_word' id='word_1_115' title='bbox 715 1469 903 1546; x_wconf 87' lang='lat' dir='ltr'><strong>prandium,</strong></span> 
     </span>
     <span class='ocr_line' id='line_1_14' title="bbox 110 1563 904 1639; baseline 0.003 -15"><span class='ocrx_word' id='word_1_116' title='bbox 110 1563 146 1624; x_wconf 93' lang='lat' dir='ltr'><strong>in</strong></span> <span class='ocrx_word' id='word_1_117' title='bbox 159 1563 303 1632; x_wconf 87' lang='lat' dir='ltr'><strong>ecclesia</strong></span> <span class='ocrx_word' id='word_1_118' title='bbox 316 1563 476 1626; x_wconf 88' lang='lat' dir='ltr'><strong>Minervae</strong></span> <span class='ocrx_word' id='word_1_119' title='bbox 491 1564 617 1626; x_wconf 90' lang='lat' dir='ltr'><strong>ordinis</strong></span> <span class='ocrx_word' id='word_1_120' title='bbox 632 1565 904 1639; x_wconf 71' lang='lat' dir='ltr'><strong>Praedicatorum,</strong></span> 
     </span>
     <span class='ocr_line' id='line_1_15' title="bbox 110 1660 905 1741; baseline 0.005 -20"><span class='ocrx_word' id='word_1_121' title='bbox 110 1660 256 1738; x_wconf 87' lang='lat' dir='ltr'><strong>inspexi,</strong></span> <span class='ocrx_word' id='word_1_122' title='bbox 272 1660 351 1738; x_wconf 91' lang='lat' dir='ltr'><strong>legi,</strong></span> <span class='ocrx_word' id='word_1_123' title='bbox 368 1661 400 1722; x_wconf 89' lang='lat' dir='ltr'><strong>et</strong></span> <span class='ocrx_word' id='word_1_124' title='bbox 415 1661 547 1738; x_wconf 88' lang='lat' dir='ltr'><strong>quidem</strong></span> <span class='ocrx_word' id='word_1_125' title='bbox 561 1663 693 1739; x_wconf 72' lang='lat' dir='ltr'><strong>saepitn,</strong></span> <span class='ocrx_word' id='word_1_126' title='bbox 709 1664 819 1724; x_wconf 91' lang='lat' dir='ltr'><strong>omnia</strong></span> <span class='ocrx_word' id='word_1_127' title='bbox 832 1678 905 1741; x_wconf 83' lang='lat' dir='ltr'><strong>quae</strong></span> 
     </span>
     <span class='ocr_line' id='line_1_16' title="bbox 111 1756 903 1836; baseline 0.003 -18"><span class='ocrx_word' id='word_1_128' title='bbox 111 1757 235 1834; x_wconf 89' lang='lat' dir='ltr'><strong>scripta</strong></span> <span class='ocrx_word' id='word_1_129' title='bbox 264 1759 360 1820; x_wconf 90' lang='lat' dir='ltr'><strong>erant</strong></span> <span class='ocrx_word' id='word_1_130' title='bbox 387 1757 428 1818; x_wconf 91' lang='lat' dir='ltr'><strong>de</strong></span> <span class='ocrx_word' id='word_1_131' title='bbox 452 1756 608 1818; x_wconf 88' lang='lat' dir='ltr'><strong>laudibus</strong></span> <span class='ocrx_word' id='word_1_132' title='bbox 632 1759 731 1836; x_wconf 77' lang='lat' dir='ltr'><strong>buJus</strong></span> <span class='ocrx_word' id='word_1_133' title='bbox 752 1761 903 1820; x_wconf 87' lang='lat' dir='ltr'><strong>Sanctae:</strong></span> 
     </span>
     <span class='ocr_line' id='line_1_17' title="bbox 110 1854 906 1934; baseline 0.003 -18"><span class='ocrx_word' id='word_1_134' title='bbox 110 1855 195 1916; x_wconf 92' lang='lat' dir='ltr'><strong>nibil</strong></span> <span class='ocrx_word' id='word_1_135' title='bbox 212 1855 304 1916; x_wconf 90' lang='lat' dir='ltr'><strong>aliud</strong></span> <span class='ocrx_word' id='word_1_136' title='bbox 319 1855 471 1916; x_wconf 87' lang='lat' dir='ltr'><strong>invenire</strong></span> <span class='ocrx_word' id='word_1_137' title='bbox 490 1854 594 1931; x_wconf 90' lang='lat' dir='ltr'><strong>potui,</strong></span> <span class='ocrx_word' id='word_1_138' title='bbox 611 1857 678 1917; x_wconf 92' lang='lat' dir='ltr'><strong>nisi</strong></span> <span class='ocrx_word' id='word_1_139' title='bbox 698 1856 784 1933; x_wconf 82' lang='lat' dir='ltr'><strong>quod</strong></span> <span class='ocrx_word' id='word_1_140' title='bbox 806 1873 906 1934; x_wconf 88' lang='lat' dir='ltr'><strong>supe-</strong></span> 
     </span>
     <span class='ocr_line' id='line_1_18' title="bbox 110 1951 905 2031; baseline 0.001 -18"><span class='ocrx_word' id='word_1_141' title='bbox 110 1952 180 2013; x_wconf 90' lang='lat' dir='ltr'><strong>rius</strong></span> <span class='ocrx_word' id='word_1_142' title='bbox 207 1967 403 2029; x_wconf 87' lang='lat' dir='ltr'><strong>expressum</strong></span> <span class='ocrx_word' id='word_1_143' title='bbox 426 1953 478 2014; x_wconf 91' lang='lat' dir='ltr'><strong>est</strong></span> <span class='ocrx_word' id='word_1_144' title='bbox 502 1951 543 2013; x_wconf 93' lang='lat' dir='ltr'><strong>de</strong></span> <span class='ocrx_word' id='word_1_145' title='bbox 566 1952 625 2014; x_wconf 94' lang='lat' dir='ltr'><strong>illo</strong></span> <span class='ocrx_word' id='word_1_146' title='bbox 651 1952 777 2027; x_wconf 87' lang='lat' dir='ltr'><strong>dolore,</strong></span> <span class='ocrx_word' id='word_1_147' title='bbox 807 1969 905 2031; x_wconf 88' lang='lat' dir='ltr'><strong>quem</strong></span> 
     </span>
     <span class='ocr_line' id='line_1_19' title="bbox 110 2045 904 2127; baseline 0.001 -16"><span class='ocrx_word' id='word_1_148' title='bbox 110 2048 185 2111; x_wconf 89' lang='lat' dir='ltr'><strong>tulit</strong></span> <span class='ocrx_word' id='word_1_149' title='bbox 205 2045 331 2125; x_wconf 84' lang='lat' dir='ltr'><strong>absque</strong></span> <span class='ocrx_word' id='word_1_150' title='bbox 346 2049 463 2123; x_wconf 85' lang='lat' dir='ltr'><strong>signis,</strong></span> <span class='ocrx_word' id='word_1_151' title='bbox 480 2049 515 2111; x_wconf 92' lang='lat' dir='ltr'><strong>in</strong></span> <span class='ocrx_word' id='word_1_152' title='bbox 537 2065 598 2112; x_wconf 90' lang='lat' dir='ltr'><strong>suo</strong></span> <span class='ocrx_word' id='word_1_153' title='bbox 616 2049 778 2114; x_wconf 87' lang='lat' dir='ltr'><strong>exstatioo</strong></span> <span class='ocrx_word' id='word_1_154' title='bbox 794 2050 904 2127; x_wconf 86' lang='lat' dir='ltr'><strong>raptu.</strong></span> 
     </span>
     <span class='ocr_line' id='line_1_20' title="bbox 109 2145 905 2222; baseline 0.003 -16"><span class='ocrx_word' id='word_1_155' title='bbox 109 2145 149 2206; x_wconf 81' lang='lat' dir='ltr'><strong>ut</strong></span> <span class='ocrx_word' id='word_1_156' title='bbox 163 2146 192 2206; x_wconf 91' lang='lat' dir='ltr'><strong>si</strong></span> <span class='ocrx_word' id='word_1_157' title='bbox 208 2146 343 2208; x_wconf 91' lang='lat' dir='ltr'><strong>nomine</strong></span> <span class='ocrx_word' id='word_1_158' title='bbox 359 2145 549 2222; x_wconf 83' lang='lat' dir='ltr'><strong>stigmatum</strong></span> <span class='ocrx_word' id='word_1_159' title='bbox 570 2147 718 2210; x_wconf 89' lang='lat' dir='ltr'><strong>dolorem</strong></span> <span class='ocrx_word' id='word_1_160' title='bbox 737 2147 831 2218; x_wconf 85' lang='lat' dir='ltr'><strong>ilium</strong></span> <span class='ocrx_word' id='word_1_161' title='bbox 847 2149 905 2208; x_wconf 61' lang='lat' dir='ltr'><strong>in«-</strong></span> 
     </span>
     <span class='ocr_line' id='line_1_21' title="bbox 110 2241 905 2318; baseline 0.006 -15"><span class='ocrx_word' id='word_1_162' title='bbox 110 2241 218 2318; x_wconf 90' lang='lat' dir='ltr'><strong>telligi</strong></span> <span class='ocrx_word' id='word_1_163' title='bbox 236 2243 390 2305; x_wconf 80' lang='lat' dir='ltr'><strong>uolumus</strong></span> <span class='ocrx_word' id='word_1_164' title='bbox 410 2265 418 2304; x_wconf 77' lang='grc' dir='ltr'><strong><em>ε</em></strong></span> <span class='ocrx_word' id='word_1_165' title='bbox 439 2259 506 2306; x_wconf 88' lang='lat' dir='ltr'><strong>non</strong></span> <span class='ocrx_word' id='word_1_166' title='bbox 527 2246 639 2307; x_wconf 67' lang='lat' dir='ltr'><strong>minen</strong></span> <span class='ocrx_word' id='word_1_167' title='bbox 658 2244 695 2306; x_wconf 92' lang='lat' dir='ltr'><strong>in</strong></span> <span class='ocrx_word' id='word_1_168' title='bbox 712 2244 771 2306; x_wconf 92' lang='lat' dir='ltr'><strong>illo</strong></span> <span class='ocrx_word' id='word_1_169' title='bbox 793 2245 905 2308; x_wconf 88' lang='lat' dir='ltr'><strong>conti-</strong></span> 
     </span>
    </p>
   </div>
   <div class='ocr_carea' id='block_1_4' title="bbox 108 2339 1755 2487">
    <p class='ocr_par' dir='ltr' id='par_1_6' title="bbox 108 2339 1755 2487">
     <span class='ocr_line' id='line_1_22' title="bbox 108 2339 938 2404; baseline 0.001 -4"><span class='ocrx_word' id='word_1_170' title='bbox 108 2341 233 2402; x_wconf 88' lang='lat' dir='ltr'><strong>nentur</strong></span> <span class='ocrx_word' id='word_1_171' title='bbox 247 2339 282 2402; x_wconf 90' lang='lat' dir='ltr'><strong>et</strong></span> <span class='ocrx_word' id='word_1_172' title='bbox 297 2340 514 2404; x_wconf 87' lang='lat' dir='ltr'><strong>includuntur</strong></span> <span class='ocrx_word' id='word_1_173' title='bbox 528 2340 735 2404; x_wconf 88' lang='lat' dir='ltr'><strong>conditiones</strong></span> <span class='ocrx_word' id='word_1_174' title='bbox 755 2342 905 2404; x_wconf 83' lang='lat' dir='ltr'><strong>miracu·</strong></span> <span class='ocrx_word' id='word_1_175' title='bbox 937 2397 938 2401; x_wconf 73' lang='grc'>,</span> 
     </span>
     <span class='ocr_line' id='line_1_23' title="bbox 937 2407 1755 2487; baseline -0.001 -18"><span class='ocrx_word' id='word_1_176' title='bbox 937 2439 938 2446; x_wconf 22' lang='grc' dir='ltr'><strong>κ</strong></span> <span class='ocrx_word' id='word_1_177' title='bbox 960 2409 1029 2470; x_wconf 86' lang='lat' dir='ltr'><strong>tum</strong></span> <span class='ocrx_word' id='word_1_178' title='bbox 1044 2411 1117 2487; x_wconf 82' lang='lat' dir='ltr'><strong>ejus</strong></span> <span class='ocrx_word' id='word_1_179' title='bbox 1133 2409 1296 2485; x_wconf 86' lang='lat' dir='ltr'><strong>petituros</strong></span> <span class='ocrx_word' id='word_1_180' title='bbox 1317 2423 1393 2470; x_wconf 90' lang='lat' dir='ltr'><strong>sese</strong></span> <span class='ocrx_word' id='word_1_181' title='bbox 1412 2407 1610 2481; x_wconf 88' lang='lat' dir='ltr'><strong>contulisse;</strong></span> <span class='ocrx_word' id='word_1_182' title='bbox 1633 2407 1755 2484; x_wconf 79' lang='lat' dir='ltr'><strong>quibm</strong></span> 
     </span>
    </p>
   </div>
   <div class='ocr_carea' id='block_1_5' title="bbox 108 2435 909 2706">
    <p class='ocr_par' dir='ltr' id='par_1_7' title="bbox 108 2435 909 2706">
     <span class='ocr_line' id='line_1_24' title="bbox 108 2435 907 2513; baseline 0.009 -15"><span class='ocrx_word' id='word_1_183' title='bbox 108 2435 189 2498; x_wconf 83' lang='lat' dir='ltr'><strong>losee</strong></span> <span class='ocrx_word' id='word_1_184' title='bbox 205 2437 398 2511; x_wconf 87' lang='lat' dir='ltr'><strong>stigmatum</strong></span> <span class='ocrx_word' id='word_1_185' title='bbox 408 2435 497 2504; x_wconf 88' lang='lat' dir='ltr'><strong>beati</strong></span> <span class='ocrx_word' id='word_1_186' title='bbox 507 2437 690 2500; x_wconf 80' lang='lat' dir='ltr'><strong>Francisci.</strong></span> <span class='ocrx_word' id='word_1_187' title='bbox 703 2437 819 2513; x_wconf 84' lang='lat' dir='ltr'><strong>Igitur,</strong></span> <span class='ocrx_word' id='word_1_188' title='bbox 832 2453 907 2505; x_wconf 82' lang='lat' dir='ltr'><strong>cum</strong></span> 
     </span>
     <span class='ocr_line' id='line_1_25' title="bbox 109 2533 908 2611; baseline 0.004 -15"><span class='ocrx_word' id='word_1_189' title='bbox 109 2533 198 2596; x_wconf 83' lang='lat' dir='ltr'><strong>Deus</strong></span> <span class='ocrx_word' id='word_1_190' title='bbox 214 2548 280 2594; x_wconf 90' lang='lat' dir='ltr'><strong>non</strong></span> <span class='ocrx_word' id='word_1_191' title='bbox 292 2534 389 2609; x_wconf 86' lang='lat' dir='ltr'><strong>egeat</strong></span> <span class='ocrx_word' id='word_1_192' title='bbox 400 2534 514 2599; x_wconf 88' lang='lat' dir='ltr'><strong>nostro</strong></span> <span class='ocrx_word' id='word_1_193' title='bbox 529 2534 702 2597; x_wconf 87' lang='lat' dir='ltr'><strong>mendacio</strong></span> <span class='ocrx_word' id='word_1_194' title='bbox 718 2556 726 2594; x_wconf 76' lang='grc' dir='ltr'><strong>ε</strong></span> <span class='ocrx_word' id='word_1_195' title='bbox 743 2549 782 2599; x_wconf 88' lang='lat' dir='ltr'><strong>aa</strong></span> <span class='ocrx_word' id='word_1_196' title='bbox 795 2535 908 2611; x_wconf 85' lang='lat' dir='ltr'><strong>proie-</strong></span> 
     </span>
     <span class='ocr_line' id='line_1_26' title="bbox 109 2628 909 2706; baseline 0.005 -16"><span class='ocrx_word' id='word_1_197' title='bbox 109 2645 224 2690; x_wconf 89' lang='lat' dir='ltr'><strong>ramus</strong></span> <span class='ocrx_word' id='word_1_198' title='bbox 238 2628 280 2691; x_wconf 87' lang='lat' dir='ltr'><strong>de</strong></span> <span class='ocrx_word' id='word_1_199' title='bbox 295 2630 439 2698; x_wconf 80' lang='lat' dir='ltr'><strong>Sanctis,</strong></span> <span class='ocrx_word' id='word_1_200' title='bbox 455 2646 531 2706; x_wconf 79' lang='lat' dir='ltr'><strong>quae</strong></span> <span class='ocrx_word' id='word_1_201' title='bbox 550 2631 733 2695; x_wconf 91' lang='lat' dir='ltr'><strong>secundum</strong></span> <span class='ocrx_word' id='word_1_202' title='bbox 751 2633 802 2694; x_wconf 91' lang='lat' dir='ltr'><strong>rei</strong></span> <span class='ocrx_word' id='word_1_203' title='bbox 817 2633 909 2697; x_wconf 80' lang='lat' dir='ltr'><strong>rari-</strong></span> 
     </span>
    </p>
   </div>
   <div class='ocr_carea' id='block_1_6' title="bbox 958 1441 1753 2388">
    <p class='ocr_par' dir='ltr' id='par_1_8' title="bbox 958 1441 1753 2388">
     <span class='ocr_line' id='line_1_27' title="bbox 998 1441 1753 1520; baseline 0.001 -15"><span class='ocrx_word' id='word_1_204' title='bbox 998 1444 1049 1506; x_wconf 78' lang='lat'><strong>32.</strong></span> <span class='ocrx_word' id='word_1_205' title='bbox 1073 1444 1099 1504; x_wconf 89' lang='lat'>0</span> <span class='ocrx_word' id='word_1_206' title='bbox 1114 1443 1144 1503; x_wconf 92' lang='lat' dir='ltr'><strong>si</strong></span> <span class='ocrx_word' id='word_1_207' title='bbox 1158 1444 1246 1505; x_wconf 89' lang='lat' dir='ltr'><strong>Deus</strong></span> <span class='ocrx_word' id='word_1_208' title='bbox 1259 1441 1354 1505; x_wconf 83' lang='lat' dir='ltr'><strong>nohis</strong></span> <span class='ocrx_word' id='word_1_209' title='bbox 1369 1441 1531 1520; x_wconf 90' lang='lat' dir='ltr'><strong>plurimos</strong></span> <span class='ocrx_word' id='word_1_210' title='bbox 1546 1441 1636 1504; x_wconf 83' lang='lat' dir='ltr'><strong>viros</strong></span> <span class='ocrx_word' id='word_1_211' title='bbox 1649 1456 1753 1506; x_wconf 85' lang='lat' dir='ltr'><strong>sanc·</strong></span> 
     </span>
     <span class='ocr_line' id='line_1_28' title="bbox 958 1537 1753 1617; baseline -0.001 -15"><span class='ocrx_word' id='word_1_212' title='bbox 958 1540 1022 1612; x_wconf 89' lang='lat' dir='ltr'><strong>tos,</strong></span> <span class='ocrx_word' id='word_1_213' title='bbox 1052 1539 1302 1617; x_wconf 80' lang='lat' dir='ltr'><strong>spiritualisque</strong></span> <span class='ocrx_word' id='word_1_214' title='bbox 1332 1554 1372 1602; x_wconf 91' lang='lat' dir='ltr'><strong>ac</strong></span> <span class='ocrx_word' id='word_1_215' title='bbox 1409 1537 1553 1602; x_wconf 87' lang='lat' dir='ltr'><strong>coelestis</strong></span> <span class='ocrx_word' id='word_1_216' title='bbox 1579 1539 1753 1616; x_wconf 85' lang='lat' dir='ltr'><strong>sapientiae</strong></span> 
     </span>
     <span class='ocr_line' id='line_1_29' title="bbox 959 1635 1753 1714; baseline 0.001 -16"><span class='ocrx_word' id='word_1_217' title='bbox 959 1651 1082 1713; x_wconf 89' lang='lat' dir='ltr'><strong>gnaros</strong></span> <span class='ocrx_word' id='word_1_218' title='bbox 1095 1635 1293 1699; x_wconf 90' lang='lat' dir='ltr'><strong>concederet</strong></span> <span class='ocrx_word' id='word_1_219' title='bbox 1313 1657 1321 1698; x_wconf 90' lang='lat'><strong>:</strong></span> <span class='ocrx_word' id='word_1_220' title='bbox 1340 1637 1498 1714; x_wconf 87' lang='lat' dir='ltr'><strong>quantam</strong></span> <span class='ocrx_word' id='word_1_221' title='bbox 1519 1637 1556 1699; x_wconf 91' lang='lat' dir='ltr'><strong>in</strong></span> <span class='ocrx_word' id='word_1_222' title='bbox 1577 1635 1753 1699; x_wconf 86' lang='lat' dir='ltr'><strong>animabus</strong></span> 
     </span>
     <span class='ocr_line' id='line_1_30' title="bbox 959 1733 1753 1811; baseline -0.001 -15"><span class='ocrx_word' id='word_1_223' title='bbox 959 1733 1083 1796; x_wconf 90' lang='lat' dir='ltr'><strong>nostris</strong></span> <span class='ocrx_word' id='word_1_224' title='bbox 1109 1734 1336 1811; x_wconf 87' lang='lat' dir='ltr'><strong>operationem</strong></span> <span class='ocrx_word' id='word_1_225' title='bbox 1358 1733 1522 1794; x_wconf 87' lang='lat' dir='ltr'><strong>iacerentt</strong></span> <span class='ocrx_word' id='word_1_226' title='bbox 1550 1735 1644 1795; x_wconf 88' lang='lat' dir='ltr'><strong>Unus</strong></span> <span class='ocrx_word' id='word_1_227' title='bbox 1672 1733 1753 1795; x_wconf 91' lang='lat' dir='ltr'><strong>olim</strong></span> 
     </span>
     <span class='ocr_line' id='line_1_31' title="bbox 959 1829 1750 1892; baseline 0.003 -2"><span class='ocrx_word' id='word_1_228' title='bbox 959 1829 1175 1890; x_wconf 88' lang='lat' dir='ltr'><strong>concionator</strong></span> <span class='ocrx_word' id='word_1_229' title='bbox 1199 1829 1392 1890; x_wconf 86' lang='lat' dir='ltr'><strong>universum</strong></span> <span class='ocrx_word' id='word_1_230' title='bbox 1419 1829 1578 1891; x_wconf 90' lang='lat' dir='ltr'><strong>mundum</strong></span> <span class='ocrx_word' id='word_1_231' title='bbox 1605 1844 1750 1892; x_wconf 85' lang='lat' dir='ltr'><strong>conver·</strong></span> 
     </span>
     <span class='ocr_line' id='line_1_32' title="bbox 958 1925 1753 1988; baseline -0.003 0"><span class='ocrx_word' id='word_1_232' title='bbox 958 1925 1072 1988; x_wconf 89' lang='lat' dir='ltr'><strong>tebat:</strong></span> <span class='ocrx_word' id='word_1_233' title='bbox 1097 1942 1184 1987; x_wconf 94' lang='lat' dir='ltr'><strong>nunc</strong></span> <span class='ocrx_word' id='word_1_234' title='bbox 1206 1927 1316 1987; x_wconf 89' lang='lat' dir='ltr'><strong>autem</strong></span> <span class='ocrx_word' id='word_1_235' title='bbox 1335 1926 1395 1987; x_wconf 86' lang='lat' dir='ltr'><strong>rix</strong></span> <span class='ocrx_word' id='word_1_236' title='bbox 1412 1927 1460 1988; x_wconf 89' lang='lat' dir='ltr'><strong>tot</strong></span> <span class='ocrx_word' id='word_1_237' title='bbox 1479 1926 1753 1988; x_wconf 86' lang='lat' dir='ltr'><strong>concionatorum</strong></span> 
     </span>
     <span class='ocr_line' id='line_1_33' title="bbox 959 2023 1753 2100; baseline 0 -16"><span class='ocrx_word' id='word_1_238' title='bbox 959 2023 1154 2100; x_wconf 81' lang='lat' dir='ltr'><strong>prouentum</strong></span> <span class='ocrx_word' id='word_1_239' title='bbox 1189 2023 1391 2100; x_wconf 81' lang='lat' dir='ltr'><strong>experimur.</strong></span> <span class='ocrx_word' id='word_1_240' title='bbox 1423 2023 1624 2099; x_wconf 82' lang='lat' dir='ltr'><strong>seraphicus</strong></span> <span class='ocrx_word' id='word_1_241' title='bbox 1657 2023 1753 2099; x_wconf 88' lang='lat' dir='ltr'><strong>pater</strong></span> 
     </span>
     <span class='ocr_line' id='line_1_34' title="bbox 959 2118 1752 2196; baseline -0.003 -14"><span class='ocrx_word' id='word_1_242' title='bbox 959 2119 1073 2182; x_wconf 88' lang='lat' dir='ltr'><strong>noster</strong></span> <span class='ocrx_word' id='word_1_243' title='bbox 1096 2121 1295 2181; x_wconf 83' lang='lat' dir='ltr'><strong>Franciscus</strong></span> <span class='ocrx_word' id='word_1_244' title='bbox 1318 2119 1412 2182; x_wconf 86' lang='lat' dir='ltr'><strong>tanta</strong></span> <span class='ocrx_word' id='word_1_245' title='bbox 1437 2120 1575 2196; x_wconf 88' lang='lat' dir='ltr'><strong>spiritus</strong></span> <span class='ocrx_word' id='word_1_246' title='bbox 1601 2118 1752 2180; x_wconf 83' lang='lat' dir='ltr'><strong>efficacia</strong></span> 
     </span>
     <span class='ocr_line' id='line_1_35' title="bbox 960 2215 1750 2293; baseline 0.001 -17"><span class='ocrx_word' id='word_1_247' title='bbox 960 2217 1082 2278; x_wconf 89' lang='lat' dir='ltr'><strong>dicitur</strong></span> <span class='ocrx_word' id='word_1_248' title='bbox 1094 2217 1304 2293; x_wconf 87' lang='lat' dir='ltr'><strong>praedicasse,</strong></span> <span class='ocrx_word' id='word_1_249' title='bbox 1320 2216 1548 2293; x_wconf 89' lang='lat' dir='ltr'><strong>utaliquando</strong></span> <span class='ocrx_word' id='word_1_250' title='bbox 1563 2215 1750 2293; x_wconf 87' lang='lat' dir='ltr'><strong>contigerit,</strong></span> 
     </span>
     <span class='ocr_line' id='line_1_36' title="bbox 960 2310 1753 2388; baseline 0 -16"><span class='ocrx_word' id='word_1_251' title='bbox 960 2310 1054 2374; x_wconf 87' lang='lat' dir='ltr'><strong>linita</strong></span> <span class='ocrx_word' id='word_1_252' title='bbox 1068 2313 1240 2382; x_wconf 88' lang='lat' dir='ltr'><strong>concione,</strong></span> <span class='ocrx_word' id='word_1_253' title='bbox 1257 2313 1298 2374; x_wconf 89' lang='lat' dir='ltr'><strong>ad</strong></span> <span class='ocrx_word' id='word_1_254' title='bbox 1313 2327 1388 2374; x_wconf 91' lang='lat' dir='ltr'><strong>eum</strong></span> <span class='ocrx_word' id='word_1_255' title='bbox 1403 2314 1542 2388; x_wconf 89' lang='lat' dir='ltr'><strong>triginta</strong></span> <span class='ocrx_word' id='word_1_256' title='bbox 1555 2313 1646 2374; x_wconf 88' lang='lat' dir='ltr'><strong>viros</strong></span> <span class='ocrx_word' id='word_1_257' title='bbox 1659 2312 1753 2373; x_wconf 89' lang='lat' dir='ltr'><strong>habi·</strong></span> 
     </span>
    </p>
   </div>
   <div class='ocr_carea' id='block_1_7' title="bbox 960 2502 1757 2677">
    <p class='ocr_par' dir='ltr' id='par_1_9' title="bbox 960 2502 1757 2677">
     <span class='ocr_line' id='line_1_37' title="bbox 961 2502 1757 2581; baseline -0.004 -15"><span class='ocrx_word' id='word_1_258' title='bbox 961 2504 1113 2566; x_wconf 91' lang='lat' dir='ltr'><strong>omnibus</strong></span> <span class='ocrx_word' id='word_1_259' title='bbox 1128 2505 1201 2580; x_wconf 91' lang='lat' dir='ltr'><strong>ipse</strong></span> <span class='ocrx_word' id='word_1_260' title='bbox 1214 2504 1388 2566; x_wconf 87' lang='lat' dir='ltr'><strong>concessit.</strong></span> <span class='ocrx_word' id='word_1_261' title='bbox 1403 2504 1442 2566; x_wconf 80' lang='lat' dir='ltr'><strong>st</strong></span> <span class='ocrx_word' id='word_1_262' title='bbox 1451 2503 1487 2564; x_wconf 90' lang='lat' dir='ltr'><strong>iu</strong></span> <span class='ocrx_word' id='word_1_263' title='bbox 1502 2503 1643 2581; x_wconf 82' lang='lat' dir='ltr'><strong>quodam</strong></span> <span class='ocrx_word' id='word_1_264' title='bbox 1655 2502 1757 2580; x_wconf 78' lang='lat' dir='ltr'><strong>capi-</strong></span> 
     </span>
     <span class='ocr_line' id='line_1_38' title="bbox 960 2599 1757 2677; baseline -0.001 -15"><span class='ocrx_word' id='word_1_265' title='bbox 960 2601 1042 2672; x_wconf 92' lang='lat' dir='ltr'><strong>tulo,</strong></span> <span class='ocrx_word' id='word_1_266' title='bbox 1057 2600 1143 2677; x_wconf 88' lang='lat' dir='ltr'><strong>quod</strong></span> <span class='ocrx_word' id='word_1_267' title='bbox 1159 2601 1194 2660; x_wconf 90' lang='lat' dir='ltr'><strong>in</strong></span> <span class='ocrx_word' id='word_1_268' title='bbox 1208 2603 1241 2660; x_wconf 88' lang='lat' dir='ltr'><strong>S.</strong></span> <span class='ocrx_word' id='word_1_269' title='bbox 1257 2601 1365 2660; x_wconf 83' lang='lat' dir='ltr'><strong>Maria</strong></span> <span class='ocrx_word' id='word_1_270' title='bbox 1380 2599 1421 2661; x_wconf 93' lang='lat' dir='ltr'><strong>de</strong></span> <span class='ocrx_word' id='word_1_271' title='bbox 1436 2599 1650 2662; x_wconf 88' lang='lat' dir='ltr'><strong>Portiuncula</strong></span> <span class='ocrx_word' id='word_1_272' title='bbox 1665 2599 1757 2661; x_wconf 85' lang='lat' dir='ltr'><strong>cele-</strong></span> 
     </span>
    </p>
   </div>
   <div class='ocr_carea' id='block_1_8' title="bbox 938 2696 1758 3362">
    <p class='ocr_par' dir='ltr' id='par_1_10' title="bbox 960 2696 1755 2774">
     <span class='ocr_line' id='line_1_39' title="bbox 960 2696 1755 2774; baseline 0.001 -17"><span class='ocrx_word' id='word_1_273' title='bbox 960 2696 1081 2768; x_wconf 84' lang='lat' dir='ltr'><strong>bravit,</strong></span> <span class='ocrx_word' id='word_1_274' title='bbox 1107 2697 1211 2767; x_wconf 87' lang='lat' dir='ltr'><strong>tanto,</strong></span> <span class='ocrx_word' id='word_1_275' title='bbox 1238 2697 1372 2773; x_wconf 63' lang='lat' dir='ltr'><strong>amque</strong></span> <span class='ocrx_word' id='word_1_276' title='bbox 1397 2696 1540 2758; x_wconf 85' lang='lat' dir='ltr'><strong>ferventi</strong></span> <span class='ocrx_word' id='word_1_277' title='bbox 1560 2696 1690 2774; x_wconf 88' lang='lat' dir='ltr'><strong>spiritu,</strong></span> <span class='ocrx_word' id='word_1_278' title='bbox 1714 2696 1755 2758; x_wconf 89' lang='lat' dir='ltr'><strong>de</strong></span> 
     </span>
    </p>

    <p class='ocr_par' dir='ltr' id='par_1_11' title="bbox 938 2792 1758 3362">
     <span class='ocr_line' id='line_1_40' title="bbox 938 2792 1756 2868; baseline 0 -13"><span class='ocrx_word' id='word_1_279' title='bbox 938 2851 939 2855; x_wconf 73' lang='grc'>,</span> <span class='ocrx_word' id='word_1_280' title='bbox 962 2793 1079 2854; x_wconf 91' lang='lat' dir='ltr'><strong>mundi</strong></span> <span class='ocrx_word' id='word_1_281' title='bbox 1107 2792 1297 2868; x_wconf 83' lang='lat' dir='ltr'><strong>contemptu</strong></span> <span class='ocrx_word' id='word_1_282' title='bbox 1321 2793 1535 2858; x_wconf 88' lang='lat' dir='ltr'><strong>concionatus</strong></span> <span class='ocrx_word' id='word_1_283' title='bbox 1558 2793 1619 2865; x_wconf 77' lang='lat' dir='ltr'><strong>est,</strong></span> <span class='ocrx_word' id='word_1_284' title='bbox 1642 2792 1756 2856; x_wconf 86' lang='lat' dir='ltr'><strong>utillo</strong></span> 
     </span>
     <span class='ocr_line' id='line_1_41' title="bbox 962 2888 1758 2966; baseline 0 -16"><span class='ocrx_word' id='word_1_285' title='bbox 962 2904 1127 2958; x_wconf 89' lang='lat' dir='ltr'><strong>sermone,</strong></span> <span class='ocrx_word' id='word_1_286' title='bbox 1150 2889 1319 2950; x_wconf 90' lang='lat' dir='ltr'><strong>innumeri</strong></span> <span class='ocrx_word' id='word_1_287' title='bbox 1340 2888 1382 2949; x_wconf 90' lang='lat' dir='ltr'><strong>ad</strong></span> <span class='ocrx_word' id='word_1_288' title='bbox 1407 2888 1507 2966; x_wconf 79' lang='lat' dir='ltr'><strong>buJus</strong></span> <span class='ocrx_word' id='word_1_289' title='bbox 1531 2891 1655 2952; x_wconf 85' lang='lat' dir='ltr'><strong>sanctae</strong></span> <span class='ocrx_word' id='word_1_290' title='bbox 1673 2889 1758 2950; x_wconf 91' lang='lat' dir='ltr'><strong>reli·</strong></span> 
     </span>
     <span class='ocr_line' id='line_1_42' title="bbox 961 2984 1753 3063; baseline -0.003 -15"><span class='ocrx_word' id='word_1_291' title='bbox 961 2986 1070 3063; x_wconf 90' lang='lat' dir='ltr'><strong>gionis</strong></span> <span class='ocrx_word' id='word_1_292' title='bbox 1094 2984 1244 3049; x_wconf 89' lang='lat' dir='ltr'><strong>habitum</strong></span> <span class='ocrx_word' id='word_1_293' title='bbox 1260 2985 1508 3062; x_wconf 87' lang='lat' dir='ltr'><strong>suscipiendum</strong></span> <span class='ocrx_word' id='word_1_294' title='bbox 1528 2985 1652 3049; x_wconf 86' lang='lat' dir='ltr'><strong>tuerint</strong></span> <span class='ocrx_word' id='word_1_295' title='bbox 1668 3001 1753 3047; x_wconf 93' lang='lat' dir='ltr'><strong>con-</strong></span> 
     </span>
     <span class='ocr_line' id='line_1_43' title="bbox 961 3081 1754 3160; baseline -0.005 -14"><span class='ocrx_word' id='word_1_296' title='bbox 961 3083 1066 3156; x_wconf 82' lang='lat' dir='ltr'><strong>versi;</strong></span> <span class='ocrx_word' id='word_1_297' title='bbox 1082 3083 1284 3160; x_wconf 87' lang='lat' dir='ltr'><strong>peractaque</strong></span> <span class='ocrx_word' id='word_1_298' title='bbox 1299 3081 1470 3154; x_wconf 87' lang='lat' dir='ltr'><strong>concione,</strong></span> <span class='ocrx_word' id='word_1_299' title='bbox 1492 3098 1536 3142; x_wconf 86' lang='lat' dir='ltr'><strong>ex</strong></span> <span class='ocrx_word' id='word_1_300' title='bbox 1553 3081 1634 3154; x_wconf 91' lang='lat' dir='ltr'><strong>illis,</strong></span> <span class='ocrx_word' id='word_1_301' title='bbox 1651 3081 1754 3160; x_wconf 88' lang='lat' dir='ltr'><strong>quin·</strong></span> 
     </span>
     <span class='ocr_line' id='line_1_44' title="bbox 961 3177 1754 3262; baseline 0.004 -20"><span class='ocrx_word' id='word_1_302' title='bbox 961 3179 1227 3259; x_wconf 86' lang='lat' dir='ltr'><strong>gentosuovitios</strong></span> <span class='ocrx_word' id='word_1_303' title='bbox 1235 3179 1409 3260; x_wconf 91' lang='lat' dir='ltr'><strong>receperit.</strong></span> <span class='ocrx_word' id='word_1_304' title='bbox 1420 3177 1754 3262; x_wconf 60' lang='lat' dir='ltr'><strong>(Concastcscncto</strong></span> 
     </span>
     <span class='ocr_line' id='line_1_45' title="bbox 961 3273 1177 3362; baseline -0.014 -21"><span class='ocrx_word' id='word_1_305' title='bbox 961 3273 1177 3362; x_wconf 81' lang='lat' dir='ltr'><strong>Francisco.)</strong></span> 
     </span>
    </p>
   </div>
   <div class='ocr_carea' id='block_1_9' title="bbox 111 2725 908 2904">
    <p class='ocr_par' dir='ltr' id='par_1_12' title="bbox 111 2725 908 2904">
     <span class='ocr_line' id='line_1_46' title="bbox 111 2725 908 2806; baseline 0.001 -18"><span class='ocrx_word' id='word_1_306' title='bbox 111 2727 225 2798; x_wconf 85' lang='lat' dir='ltr'><strong>tatem,</strong></span> <span class='ocrx_word' id='word_1_307' title='bbox 236 2740 305 2788; x_wconf 93' lang='lat' dir='ltr'><strong>non</strong></span> <span class='ocrx_word' id='word_1_308' title='bbox 317 2725 544 2790; x_wconf 80' lang='lat' dir='ltr'><strong>inventionem</strong></span> <span class='ocrx_word' id='word_1_309' title='bbox 556 2727 740 2802; x_wconf 86' lang='lat' dir='ltr'><strong>bominum,</strong></span> <span class='ocrx_word' id='word_1_310' title='bbox 752 2728 821 2798; x_wconf 86' lang='lat' dir='ltr'><strong>illis</strong></span> <span class='ocrx_word' id='word_1_311' title='bbox 832 2745 908 2806; x_wconf 78' lang='lat' dir='ltr'><strong>pos-</strong></span> 
     </span>
     <span class='ocr_line' id='line_1_47' title="bbox 113 2821 595 2904; baseline 0 -18"><span class='ocrx_word' id='word_1_312' title='bbox 113 2827 190 2886; x_wconf 83' lang='lat' dir='ltr'><strong>sunt</strong></span> <span class='ocrx_word' id='word_1_313' title='bbox 204 2823 461 2894; x_wconf 79' lang='lat' dir='ltr'><strong>accommodari.</strong></span> <span class='ocrx_word' id='word_1_314' title='bbox 479 2821 595 2904; x_wconf 81' lang='lat' dir='ltr'><strong>(loto.)</strong></span> 
     </span>
    </p>
   </div>
   <div class='ocr_carea' id='block_1_10' title="bbox 322 3011 698 3088">
    <p class='ocr_par' dir='ltr' id='par_1_13' title="bbox 322 3011 698 3088">
     <span class='ocr_line' id='line_1_48' title="bbox 322 3011 698 3088; baseline 0.008 -17"><span class='ocrx_word' id='word_1_315' title='bbox 322 3011 513 3086; x_wconf 76' lang='lat' dir='ltr'><strong>crepereo</strong></span> <span class='ocrx_word' id='word_1_316' title='bbox 531 3024 625 3088; x_wconf 83' lang='lat' dir='ltr'><strong>popa</strong></span> <span class='ocrx_word' id='word_1_317' title='bbox 637 3013 698 3074; x_wconf 78' lang='lat' dir='ltr'><strong>IX.</strong></span> 
     </span>
    </p>
   </div>
   <div class='ocr_carea' id='block_1_11' title="bbox 216 3155 906 5172">
    <p class='ocr_par' dir='ltr' id='par_1_14' title="bbox 216 3155 676 3584">
     <span class='ocr_line' id='line_1_49' title="bbox 216 3155 659 3229; baseline 0.005 -15"><span class='ocrx_word' id='word_1_318' title='bbox 216 3155 261 3214; x_wconf 80' lang='lat'><strong>29.</strong></span> <span class='ocrx_word' id='word_1_319' title='bbox 273 3155 366 3229; x_wconf 81' lang='lat' dir='ltr'><strong>llaput</strong></span> <span class='ocrx_word' id='word_1_320' title='bbox 379 3156 513 3215; x_wconf 85' lang='lat' dir='ltr'><strong>draconis</strong></span> <span class='ocrx_word' id='word_1_321' title='bbox 528 3157 659 3216; x_wconf 89' lang='lat' dir='ltr'><strong>ultimum</strong></span> 
     </span>
     <span class='ocr_line' id='line_1_50' title="bbox 270 3243 648 3318; baseline 0 -15"><span class='ocrx_word' id='word_1_322' title='bbox 270 3245 398 3303; x_wconf 85' lang='lat' dir='ltr'><strong>Ultorem</strong></span> <span class='ocrx_word' id='word_1_323' title='bbox 412 3243 507 3303; x_wconf 86' lang='lat' dir='ltr'><strong>terens</strong></span> <span class='ocrx_word' id='word_1_324' title='bbox 520 3246 648 3318; x_wconf 86' lang='lat' dir='ltr'><strong>gladium</strong></span> 
     </span>
     <span class='ocr_line' id='line_1_51' title="bbox 270 3331 634 3406; baseline 0.003 -17"><span class='ocrx_word' id='word_1_325' title='bbox 270 3331 419 3391; x_wconf 79' lang='lat' dir='ltr'><strong>Adversus</strong></span> <span class='ocrx_word' id='word_1_326' title='bbox 431 3333 484 3391; x_wconf 84' lang='lat' dir='ltr'><strong>liei</strong></span> <span class='ocrx_word' id='word_1_327' title='bbox 498 3335 634 3406; x_wconf 86' lang='lat' dir='ltr'><strong>populum</strong></span> 
     </span>
     <span class='ocr_line' id='line_1_52' title="bbox 270 3420 676 3494; baseline 0 -14"><span class='ocrx_word' id='word_1_328' title='bbox 270 3421 381 3480; x_wconf 84' lang='lat' dir='ltr'><strong>Excitat</strong></span> <span class='ocrx_word' id='word_1_329' title='bbox 391 3420 496 3480; x_wconf 75' lang='lat' dir='ltr'><strong>bellu·</strong></span> <span class='ocrx_word' id='word_1_330' title='bbox 512 3424 676 3494; x_wconf 82' lang='lat' dir='ltr'><strong>septimum.</strong></span> 
     </span>
     <span class='ocr_line' id='line_1_53' title="bbox 270 3510 637 3584; baseline 0 -16"><span class='ocrx_word' id='word_1_331' title='bbox 270 3511 374 3568; x_wconf 73' lang='lat' dir='ltr'><strong>Conna</strong></span> <span class='ocrx_word' id='word_1_332' title='bbox 389 3510 493 3570; x_wconf 80' lang='lat' dir='ltr'><strong>coelum</strong></span> <span class='ocrx_word' id='word_1_333' title='bbox 508 3511 637 3584; x_wconf 84' lang='lat' dir='ltr'><strong>erigitur,</strong></span> 
     </span>
    </p>

    <p class='ocr_par' dir='ltr' id='par_1_15' title="bbox 273 3597 577 3658">
     <span class='ocr_line' id='line_1_54' title="bbox 273 3597 577 3658; baseline -0.003 -1"><span class='ocrx_word' id='word_1_334' title='bbox 273 3599 309 3657; x_wconf 83' lang='lat' dir='ltr'><strong>Et</strong></span> <span class='ocrx_word' id='word_1_335' title='bbox 322 3597 419 3656; x_wconf 74' lang='lat' dir='ltr'><strong>nibtur</strong></span> <span class='ocrx_word' id='word_1_336' title='bbox 433 3598 577 3658; x_wconf 82' lang='lat' dir='ltr'><strong>attrahere</strong></span> 
     </span>
    </p>

    <p class='ocr_par' dir='ltr' id='par_1_16' title="bbox 271 3686 713 3760">
     <span class='ocr_line' id='line_1_55' title="bbox 271 3686 713 3760; baseline 0.009 -16"><span class='ocrx_word' id='word_1_337' title='bbox 271 3687 426 3746; x_wconf 78' lang='lat' dir='ltr'><strong>Maximam</strong></span> <span class='ocrx_word' id='word_1_338' title='bbox 442 3694 551 3760; x_wconf 80' lang='lat' dir='ltr'><strong>partein</strong></span> <span class='ocrx_word' id='word_1_339' title='bbox 563 3686 713 3760; x_wconf 85' lang='lat' dir='ltr'><strong>syderum,</strong></span> 
     </span>
    </p>

    <p class='ocr_par' dir='ltr' id='par_1_17' title="bbox 270 3774 703 3840">
     <span class='ocr_line' id='line_1_56' title="bbox 270 3774 703 3840; baseline 0.012 -8"><span class='ocrx_word' id='word_1_340' title='bbox 270 3774 314 3834; x_wconf 79' lang='lat' dir='ltr'><strong>Ad</strong></span> <span class='ocrx_word' id='word_1_341' title='bbox 326 3774 528 3833; x_wconf 89' lang='lat' dir='ltr'><strong>damnatorum</strong></span> <span class='ocrx_word' id='word_1_342' title='bbox 541 3790 703 3840; x_wconf 85' lang='lat' dir='ltr'><strong>numerum.</strong></span> 
     </span>
    </p>

    <p class='ocr_par' dir='ltr' id='par_1_18' title="bbox 271 3861 644 3923">
     <span class='ocr_line' id='line_1_57' title="bbox 271 3861 644 3923; baseline -0.005 -1"><span class='ocrx_word' id='word_1_343' title='bbox 271 3864 377 3923; x_wconf 83' lang='lat' dir='ltr'><strong>Verum</strong></span> <span class='ocrx_word' id='word_1_344' title='bbox 390 3861 426 3920; x_wconf 88' lang='lat' dir='ltr'><strong>de</strong></span> <span class='ocrx_word' id='word_1_345' title='bbox 439 3862 542 3921; x_wconf 87' lang='lat' dir='ltr'><strong>Christi</strong></span> <span class='ocrx_word' id='word_1_346' title='bbox 555 3863 644 3920; x_wconf 89' lang='lat' dir='ltr'><strong>latere</strong></span> 
     </span>
    </p>

    <p class='ocr_par' dir='ltr' id='par_1_19' title="bbox 270 3951 646 4023">
     <span class='ocr_line' id='line_1_58' title="bbox 270 3951 646 4023; baseline 0.005 -15"><span class='ocrx_word' id='word_1_347' title='bbox 270 3953 368 4013; x_wconf 86' lang='lat' dir='ltr'><strong>Novus</strong></span> <span class='ocrx_word' id='word_1_348' title='bbox 380 3951 493 4023; x_wconf 88' lang='lat' dir='ltr'><strong>legatus</strong></span> <span class='ocrx_word' id='word_1_349' title='bbox 508 3953 646 4011; x_wconf 89' lang='lat' dir='ltr'><strong>mittitur:</strong></span> 
     </span>
    </p>

    <p class='ocr_par' dir='ltr' id='par_1_20' title="bbox 272 4038 628 4113">
     <span class='ocr_line' id='line_1_59' title="bbox 272 4038 628 4113; baseline 0 -16"><span class='ocrx_word' id='word_1_350' title='bbox 272 4041 306 4097; x_wconf 88' lang='lat' dir='ltr'><strong>ln</strong></span> <span class='ocrx_word' id='word_1_351' title='bbox 319 4038 399 4111; x_wconf 73' lang='lat' dir='ltr'><strong>cuius</strong></span> <span class='ocrx_word' id='word_1_352' title='bbox 413 4054 496 4096; x_wconf 92' lang='lat' dir='ltr'><strong>sacro</strong></span> <span class='ocrx_word' id='word_1_353' title='bbox 509 4054 628 4113; x_wconf 89' lang='lat' dir='ltr'><strong>corpore</strong></span> 
     </span>
    </p>

    <p class='ocr_par' dir='ltr' id='par_1_21' title="bbox 272 4127 667 4186">
     <span class='ocr_line' id='line_1_60' title="bbox 272 4127 667 4186; baseline 0.003 -1"><span class='ocrx_word' id='word_1_354' title='bbox 272 4127 417 4185; x_wconf 81' lang='lat' dir='ltr'><strong>Vexillum</strong></span> <span class='ocrx_word' id='word_1_355' title='bbox 429 4129 521 4186; x_wconf 88' lang='lat' dir='ltr'><strong>crucis</strong></span> <span class='ocrx_word' id='word_1_356' title='bbox 533 4129 667 4186; x_wconf 88' lang='lat' dir='ltr'><strong>cernitur.</strong></span> 
     </span>
    </p>

    <p class='ocr_par' dir='ltr' id='par_1_22' title="bbox 273 4217 724 4290">
     <span class='ocr_line' id='line_1_61' title="bbox 273 4217 724 4290; baseline 0.007 -17"><span class='ocrx_word' id='word_1_357' title='bbox 273 4217 443 4273; x_wconf 60' lang='lat' dir='ltr'><strong>narcissus</strong></span> <span class='ocrx_word' id='word_1_358' title='bbox 455 4217 589 4290; x_wconf 89' lang='lat' dir='ltr'><strong>princeps</strong></span> <span class='ocrx_word' id='word_1_359' title='bbox 601 4218 724 4290; x_wconf 77' lang='lat' dir='ltr'><strong>inclytus</strong></span> 
     </span>
    </p>

    <p class='ocr_par' dir='ltr' id='par_1_23' title="bbox 272 4302 637 4378">
     <span class='ocr_line' id='line_1_62' title="bbox 272 4302 637 4378; baseline 0 -15"><span class='ocrx_word' id='word_1_360' title='bbox 272 4304 394 4378; x_wconf 85' lang='lat' dir='ltr'><strong>Signum</strong></span> <span class='ocrx_word' id='word_1_361' title='bbox 408 4305 507 4378; x_wconf 88' lang='lat' dir='ltr'><strong>regale</strong></span> <span class='ocrx_word' id='word_1_362' title='bbox 520 4302 637 4378; x_wconf 88' lang='lat' dir='ltr'><strong>bajulat,</strong></span> 
     </span>
    </p>

    <p class='ocr_par' dir='ltr' id='par_1_24' title="bbox 272 4389 607 4452">
     <span class='ocr_line' id='line_1_63' title="bbox 272 4389 607 4452; baseline 0.006 -2"><span class='ocrx_word' id='word_1_363' title='bbox 272 4392 307 4450; x_wconf 76' lang='lat' dir='ltr'><strong>Et</strong></span> <span class='ocrx_word' id='word_1_364' title='bbox 318 4389 443 4450; x_wconf 83' lang='lat' dir='ltr'><strong>celebrat</strong></span> <span class='ocrx_word' id='word_1_365' title='bbox 454 4391 607 4452; x_wconf 80' lang='lat' dir='ltr'><strong>concitam</strong></span> 
     </span>
    </p>

    <p class='ocr_par' dir='ltr' id='par_1_25' title="bbox 272 4478 688 4548">
     <span class='ocr_line' id='line_1_64' title="bbox 272 4478 688 4548; baseline 0.005 -12"><span class='ocrx_word' id='word_1_366' title='bbox 272 4481 327 4541; x_wconf 84' lang='lat' dir='ltr'><strong>Per</strong></span> <span class='ocrx_word' id='word_1_367' title='bbox 338 4485 440 4536; x_wconf 86' lang='lat' dir='ltr'><strong>cuneta</strong></span> <span class='ocrx_word' id='word_1_368' title='bbox 452 4478 550 4538; x_wconf 82' lang='lat' dir='ltr'><strong>mundi</strong></span> <span class='ocrx_word' id='word_1_369' title='bbox 563 4479 688 4548; x_wconf 83' lang='lat' dir='ltr'><strong>cb&#39;mata,</strong></span> 
     </span>
    </p>

    <p class='ocr_par' dir='ltr' id='par_1_26' title="bbox 267 4565 702 4639">
     <span class='ocr_line' id='line_1_65' title="bbox 267 4565 702 4639; baseline -0.005 -11"><span class='ocrx_word' id='word_1_370' title='bbox 267 4568 373 4628; x_wconf 80' lang='lat' dir='ltr'><strong>Contra</strong></span> <span class='ocrx_word' id='word_1_371' title='bbox 388 4565 522 4625; x_wconf 89' lang='lat' dir='ltr'><strong>draconis</strong></span> <span class='ocrx_word' id='word_1_372' title='bbox 536 4567 702 4639; x_wconf 86' lang='lat' dir='ltr'><strong>schismata,</strong></span> 
     </span>
    </p>

    <p class='ocr_par' dir='ltr' id='par_1_27' title="bbox 270 4655 574 4716">
     <span class='ocr_line' id='line_1_66' title="bbox 270 4655 574 4716; baseline -0.013 0"><span class='ocrx_word' id='word_1_373' title='bbox 270 4655 453 4716; x_wconf 85' lang='lat' dir='ltr'><strong>Aciestrinas</strong></span> <span class='ocrx_word' id='word_1_374' title='bbox 462 4655 574 4714; x_wconf 89' lang='lat' dir='ltr'><strong>ordinat</strong></span> 
     </span>
    </p>

    <p class='ocr_par' dir='ltr' id='par_1_28' title="bbox 270 4743 623 4816">
     <span class='ocr_line' id='line_1_67' title="bbox 270 4743 623 4816; baseline 0 -15"><span class='ocrx_word' id='word_1_375' title='bbox 270 4743 474 4816; x_wconf 87' lang='lat' dir='ltr'><strong>Expeditorum</strong></span> <span class='ocrx_word' id='word_1_376' title='bbox 485 4743 623 4803; x_wconf 90' lang='lat' dir='ltr'><strong>militum:</strong></span> 
     </span>
    </p>

    <p class='ocr_par' dir='ltr' id='par_1_29' title="bbox 271 4830 669 4904">
     <span class='ocr_line' id='line_1_68' title="bbox 271 4830 669 4904; baseline 0.003 -17"><span class='ocrx_word' id='word_1_377' title='bbox 271 4830 315 4888; x_wconf 79' lang='lat' dir='ltr'><strong>Ad</strong></span> <span class='ocrx_word' id='word_1_378' title='bbox 327 4830 486 4904; x_wconf 83' lang='lat' dir='ltr'><strong>iugandum</strong></span> <span class='ocrx_word' id='word_1_379' title='bbox 502 4832 669 4902; x_wconf 88' lang='lat' dir='ltr'><strong>exereitum,</strong></span> 
     </span>
    </p>

    <p class='ocr_par' dir='ltr' id='par_1_30' title="bbox 270 4920 696 4978">
     <span class='ocr_line' id='line_1_69' title="bbox 270 4920 696 4978; baseline 0.002 -2"><span class='ocrx_word' id='word_1_380' title='bbox 270 4921 306 4976; x_wconf 85' lang='lat' dir='ltr'><strong>Et</strong></span> <span class='ocrx_word' id='word_1_381' title='bbox 319 4926 376 4977; x_wconf 90' lang='lat' dir='ltr'><strong>tres</strong></span> <span class='ocrx_word' id='word_1_382' title='bbox 388 4927 519 4977; x_wconf 86' lang='lat' dir='ltr'><strong>catervas</strong></span> <span class='ocrx_word' id='word_1_383' title='bbox 533 4920 696 4978; x_wconf 77' lang='lat' dir='ltr'><strong>damonum</strong></span> 
     </span>
    </p>

    <p class='ocr_par' dir='ltr' id='par_1_31' title="bbox 220 5006 906 5172">
     <span class='ocr_line' id='line_1_70' title="bbox 271 5006 711 5081; baseline 0 -15"><span class='ocrx_word' id='word_1_384' title='bbox 271 5009 349 5078; x_wconf 84' lang='lat' dir='ltr'><strong>Quas</strong></span> <span class='ocrx_word' id='word_1_385' title='bbox 363 5006 450 5067; x_wconf 87' lang='lat' dir='ltr'><strong>draco</strong></span> <span class='ocrx_word' id='word_1_386' title='bbox 464 5023 577 5081; x_wconf 88' lang='lat' dir='ltr'><strong>semper</strong></span> <span class='ocrx_word' id='word_1_387' title='bbox 588 5009 711 5066; x_wconf 90' lang='lat' dir='ltr'><strong>roborat.</strong></span> 
     </span>
     <span class='ocr_line' id='line_1_71' title="bbox 220 5094 906 5172; baseline 0.006 -20"><span class='ocrx_word' id='word_1_388' title='bbox 220 5094 316 5169; x_wconf 83' lang='lat' dir='ltr'><strong>(Apud</strong></span> <span class='ocrx_word' id='word_1_389' title='bbox 327 5097 433 5154; x_wconf 81' lang='lat' dir='ltr'><strong>Bartol.</strong></span> <span class='ocrx_word' id='word_1_390' title='bbox 446 5095 594 5167; x_wconf 78' lang='lat' dir='ltr'><strong>Pisonum,</strong></span> <span class='ocrx_word' id='word_1_391' title='bbox 607 5097 752 5169; x_wconf 78' lang='lat' dir='ltr'><strong>Consorm.</strong></span> <span class='ocrx_word' id='word_1_392' title='bbox 767 5099 856 5170; x_wconf 78' lang='lat' dir='ltr'><strong>[raet.</strong></span> <span class='ocrx_word' id='word_1_393' title='bbox 865 5095 906 5172; x_wconf 74' lang='lat'><strong>2.)</strong></span> 
     </span>
    </p>
   </div>
   <div class='ocr_carea' id='block_1_12' title="bbox 1002 3469 1713 3541">
    <p class='ocr_par' dir='ltr' id='par_1_32' title="bbox 1002 3469 1713 3541">
     <span class='ocr_line' id='line_1_72' title="bbox 1002 3469 1713 3541; baseline -0.001 -8"><span class='ocrx_word' id='word_1_394' title='bbox 1002 3473 1212 3541; x_wconf 73' lang='lat' dir='ltr'><strong>Frcnctscus</strong></span> <span class='ocrx_word' id='word_1_395' title='bbox 1228 3474 1377 3533; x_wconf 82' lang='lat' dir='ltr'><strong>Benctus</strong></span> <span class='ocrx_word' id='word_1_396' title='bbox 1394 3483 1413 3532; x_wconf 86' lang='lat' dir='ltr'><strong>e</strong></span> <span class='ocrx_word' id='word_1_397' title='bbox 1433 3469 1601 3540; x_wconf 76' lang='lat' dir='ltr'><strong>societate</strong></span> <span class='ocrx_word' id='word_1_398' title='bbox 1618 3473 1713 3538; x_wconf 71' lang='lat' dir='ltr'><strong>lesu.</strong></span> 
     </span>
    </p>
   </div>
   <div class='ocr_carea' id='block_1_13' title="bbox 940 3617 1757 4487">
    <p class='ocr_par' dir='ltr' id='par_1_33' title="bbox 940 3617 1757 4487">
     <span class='ocr_line' id='line_1_73' title="bbox 962 3617 1757 3692; baseline 0.001 -13"><span class='ocrx_word' id='word_1_399' title='bbox 962 3620 1008 3679; x_wconf 79' lang='grc'><strong>33.</strong></span> <span class='ocrx_word' id='word_1_400' title='bbox 1028 3620 1164 3681; x_wconf 66' lang='lat' dir='ltr'><strong>&amp;rictum</strong></span> <span class='ocrx_word' id='word_1_401' title='bbox 1188 3619 1313 3688; x_wconf 85' lang='lat' dir='ltr'><strong>Patrem,</strong></span> <span class='ocrx_word' id='word_1_402' title='bbox 1337 3617 1450 3691; x_wconf 58' lang='lat' dir='ltr'><strong>mans</strong></span> <span class='ocrx_word' id='word_1_403' title='bbox 1474 3618 1579 3680; x_wconf 66' lang='lat' dir='ltr'><strong>Chusa</strong></span> <span class='ocrx_word' id='word_1_404' title='bbox 1599 3620 1757 3692; x_wconf 84' lang='lat' dir='ltr'><strong>expirantis</strong></span> 
     </span>
     <span class='ocr_line' id='line_1_74' title="bbox 997 3707 1754 3781; baseline -0.001 -14"><span class='ocrx_word' id='word_1_405' title='bbox 997 3710 1139 3780; x_wconf 77' lang='lat' dir='ltr'><strong>tenpore</strong></span> <span class='ocrx_word' id='word_1_406' title='bbox 1149 3723 1234 3780; x_wconf 87' lang='lat' dir='ltr'><strong>quam</strong></span> <span class='ocrx_word' id='word_1_407' title='bbox 1248 3708 1326 3767; x_wconf 80' lang='lat' dir='ltr'><strong>nullo</strong></span> <span class='ocrx_word' id='word_1_408' title='bbox 1341 3707 1434 3766; x_wconf 87' lang='lat' dir='ltr'><strong>deleat</strong></span> <span class='ocrx_word' id='word_1_409' title='bbox 1448 3708 1504 3764; x_wconf 93' lang='lat' dir='ltr'><strong>ulla</strong></span> <span class='ocrx_word' id='word_1_410' title='bbox 1519 3707 1591 3766; x_wconf 90' lang='lat' dir='ltr'><strong>dies.</strong></span> <span class='ocrx_word' id='word_1_411' title='bbox 1632 3707 1754 3781; x_wconf 73' lang='lat' dir='ltr'><strong>limgo,</strong></span> 
     </span>
     <span class='ocr_line' id='line_1_75' title="bbox 962 3792 1756 3871; baseline -0.004 -14"><span class='ocrx_word' id='word_1_412' title='bbox 962 3799 1040 3871; x_wconf 79' lang='lat' dir='ltr'><strong>Quae</strong></span> <span class='ocrx_word' id='word_1_413' title='bbox 1050 3797 1158 3856; x_wconf 87' lang='lat' dir='ltr'><strong>etenim</strong></span> <span class='ocrx_word' id='word_1_414' title='bbox 1173 3795 1230 3854; x_wconf 86' lang='lat' dir='ltr'><strong>iera</strong></span> <span class='ocrx_word' id='word_1_415' title='bbox 1244 3796 1305 3868; x_wconf 86' lang='lat' dir='ltr'><strong>ipse</strong></span> <span class='ocrx_word' id='word_1_416' title='bbox 1317 3809 1431 3863; x_wconf 85' lang='lat' dir='ltr'><strong>manus,</strong></span> <span class='ocrx_word' id='word_1_417' title='bbox 1447 3792 1506 3854; x_wconf 83' lang='lat' dir='ltr'><strong>fers</strong></span> <span class='ocrx_word' id='word_1_418' title='bbox 1521 3795 1584 3868; x_wconf 88' lang='lat' dir='ltr'><strong>ipse</strong></span> <span class='ocrx_word' id='word_1_419' title='bbox 1599 3794 1756 3871; x_wconf 83' lang='lat' dir='ltr'><strong>pedesque,</strong></span> 
     </span>
     <span class='ocr_line' id='line_1_76' title="bbox 999 3880 1641 3955; baseline -0.002 -14"><span class='ocrx_word' id='word_1_420' title='bbox 999 3886 1058 3941; x_wconf 90' lang='lat' dir='ltr'><strong>llas</strong></span> <span class='ocrx_word' id='word_1_421' title='bbox 1073 3884 1135 3943; x_wconf 89' lang='lat' dir='ltr'><strong>tulit</strong></span> <span class='ocrx_word' id='word_1_422' title='bbox 1148 3884 1194 3941; x_wconf 91' lang='lat' dir='ltr'><strong>ille</strong></span> <span class='ocrx_word' id='word_1_423' title='bbox 1209 3897 1323 3952; x_wconf 87' lang='lat' dir='ltr'><strong>manus,</strong></span> <span class='ocrx_word' id='word_1_424' title='bbox 1339 3880 1394 3940; x_wconf 88' lang='lat' dir='ltr'><strong>boc</strong></span> <span class='ocrx_word' id='word_1_425' title='bbox 1408 3882 1471 3940; x_wconf 88' lang='lat' dir='ltr'><strong>tulit</strong></span> <span class='ocrx_word' id='word_1_426' title='bbox 1483 3882 1530 3940; x_wconf 93' lang='lat' dir='ltr'><strong>ille</strong></span> <span class='ocrx_word' id='word_1_427' title='bbox 1544 3881 1641 3955; x_wconf 90' lang='lat' dir='ltr'><strong>pedes.</strong></span> 
     </span>
     <span class='ocr_line' id='line_1_77' title="bbox 940 3969 1665 4043; baseline -0.001 -14"><span class='ocrx_word' id='word_1_428' title='bbox 940 3973 941 3990; x_wconf 74' lang='lat'>³</span> <span class='ocrx_word' id='word_1_429' title='bbox 963 3974 1023 4030; x_wconf 89' lang='lat' dir='ltr'><strong>Nec</strong></span> <span class='ocrx_word' id='word_1_430' title='bbox 1035 3973 1130 4030; x_wconf 87' lang='lat' dir='ltr'><strong>minus</strong></span> <span class='ocrx_word' id='word_1_431' title='bbox 1144 3978 1172 4029; x_wconf 91' lang='lat' dir='ltr'><strong>et</strong></span> <span class='ocrx_word' id='word_1_432' title='bbox 1184 3970 1232 4032; x_wconf 84' lang='lat' dir='ltr'><strong>teli</strong></span> <span class='ocrx_word' id='word_1_433' title='bbox 1243 3969 1413 4029; x_wconf 84' lang='lat' dir='ltr'><strong>transtixurn</strong></span> <span class='ocrx_word' id='word_1_434' title='bbox 1424 3969 1541 4043; x_wconf 88' lang='lat' dir='ltr'><strong>cuspide</strong></span> <span class='ocrx_word' id='word_1_435' title='bbox 1557 3978 1665 4043; x_wconf 89' lang='lat' dir='ltr'><strong>pectus,</strong></span> 
     </span>
     <span class='ocr_line' id='line_1_78' title="bbox 998 4058 1585 4133; baseline -0.002 -16"><span class='ocrx_word' id='word_1_436' title='bbox 998 4061 1088 4129; x_wconf 85' lang='lat' dir='ltr'><strong>Quale</strong></span> <span class='ocrx_word' id='word_1_437' title='bbox 1101 4058 1150 4117; x_wconf 89' lang='lat' dir='ltr'><strong>tibi</strong></span> <span class='ocrx_word' id='word_1_438' title='bbox 1165 4060 1263 4133; x_wconf 88' lang='lat' dir='ltr'><strong>patulo</strong></span> <span class='ocrx_word' id='word_1_439' title='bbox 1276 4065 1390 4132; x_wconf 90' lang='lat' dir='ltr'><strong>pectore</strong></span> <span class='ocrx_word' id='word_1_440' title='bbox 1402 4059 1505 4118; x_wconf 88' lang='lat' dir='ltr'><strong>vulnus</strong></span> <span class='ocrx_word' id='word_1_441' title='bbox 1516 4058 1585 4116; x_wconf 87' lang='lat' dir='ltr'><strong>hiat.</strong></span> 
     </span>
     <span class='ocr_line' id='line_1_79' title="bbox 963 4145 1678 4219; baseline -0.003 -12"><span class='ocrx_word' id='word_1_442' title='bbox 963 4150 1070 4207; x_wconf 85' lang='lat' dir='ltr'><strong>Cuncta</strong></span> <span class='ocrx_word' id='word_1_443' title='bbox 1084 4149 1153 4205; x_wconf 88' lang='lat' dir='ltr'><strong>estis</strong></span> <span class='ocrx_word' id='word_1_444' title='bbox 1167 4149 1286 4216; x_wconf 86' lang='lat' dir='ltr'><strong>similas,</strong></span> <span class='ocrx_word' id='word_1_445' title='bbox 1302 4146 1380 4204; x_wconf 92' lang='lat' dir='ltr'><strong>illum</strong></span> <span class='ocrx_word' id='word_1_446' title='bbox 1397 4147 1445 4219; x_wconf 88' lang='lat' dir='ltr'><strong>qui</strong></span> <span class='ocrx_word' id='word_1_447' title='bbox 1458 4145 1528 4204; x_wconf 85' lang='lat' dir='ltr'><strong>torte</strong></span> <span class='ocrx_word' id='word_1_448' title='bbox 1544 4153 1678 4205; x_wconf 89' lang='lat' dir='ltr'><strong>verentur</strong></span> 
     </span>
     <span class='ocr_line' id='line_1_80' title="bbox 999 4235 1654 4306; baseline -0.002 -11"><span class='ocrx_word' id='word_1_449' title='bbox 999 4236 1141 4306; x_wconf 88' lang='lat' dir='ltr'><strong>Reddere,</strong></span> <span class='ocrx_word' id='word_1_450' title='bbox 1156 4242 1185 4293; x_wconf 88' lang='lat' dir='ltr'><strong>te</strong></span> <span class='ocrx_word' id='word_1_451' title='bbox 1199 4237 1300 4292; x_wconf 87' lang='lat' dir='ltr'><strong>saltem</strong></span> <span class='ocrx_word' id='word_1_452' title='bbox 1315 4249 1366 4293; x_wconf 89' lang='lat' dir='ltr'><strong>cur</strong></span> <span class='ocrx_word' id='word_1_453' title='bbox 1379 4235 1525 4294; x_wconf 87' lang='lat' dir='ltr'><strong>imitantur</strong></span> <span class='ocrx_word' id='word_1_454' title='bbox 1539 4235 1654 4294; x_wconf 89' lang='lat' dir='ltr'><strong>babent.</strong></span> 
     </span>
     <span class='ocr_line' id='line_1_81' title="bbox 1047 4323 1754 4399; baseline 0 -16"><span class='ocrx_word' id='word_1_455' title='bbox 1047 4323 1142 4399; x_wconf 81' lang='lat' dir='ltr'><strong>(Apud</strong></span> <span class='ocrx_word' id='word_1_456' title='bbox 1157 4326 1238 4381; x_wconf 82' lang='lat' dir='ltr'><strong>&#39;lom</strong></span> <span class='ocrx_word' id='word_1_457' title='bbox 1247 4324 1374 4394; x_wconf 88' lang='lat' dir='ltr'><strong>Boziuur,</strong></span> <span class='ocrx_word' id='word_1_458' title='bbox 1382 4323 1430 4381; x_wconf 93' lang='lat' dir='ltr'><strong>lib.</strong></span> <span class='ocrx_word' id='word_1_459' title='bbox 1440 4325 1503 4394; x_wconf 84' lang='lat' dir='ltr'><strong>XV,</strong></span> <span class='ocrx_word' id='word_1_460' title='bbox 1513 4327 1554 4383; x_wconf 79' lang='lat' dir='ltr'><strong>De</strong></span> <span class='ocrx_word' id='word_1_461' title='bbox 1566 4323 1656 4396; x_wconf 65' lang='lat' dir='ltr'><strong>ripam</strong></span> <span class='ocrx_word' id='word_1_462' title='bbox 1665 4327 1754 4394; x_wconf 72' lang='lat' dir='ltr'><strong>licat,</strong></span> 
     </span>
     <span class='ocr_line' id='line_1_82' title="bbox 1086 4412 1709 4487; baseline 0 -17"><span class='ocrx_word' id='word_1_463' title='bbox 1086 4415 1173 4486; x_wconf 85' lang='lat' dir='ltr'><strong>signo</strong></span> <span class='ocrx_word' id='word_1_464' title='bbox 1186 4412 1245 4487; x_wconf 85' lang='grc'>90.)</span> <span class='ocrx_word' id='word_1_465' title='bbox 1704 4445 1709 4456; x_wconf 90' lang='lat'><strong>·</strong></span> 
     </span>
    </p>
   </div>
   <div class='ocr_carea' id='block_1_14' title="bbox 1174 4601 1543 4676">
    <p class='ocr_par' dir='ltr' id='par_1_34' title="bbox 1174 4601 1543 4676">
     <span class='ocr_line' id='line_1_83' title="bbox 1174 4601 1543 4676; baseline -0.003 -15"><span class='ocrx_word' id='word_1_466' title='bbox 1174 4601 1337 4675; x_wconf 74' lang='lat' dir='ltr'><strong>Baptista</strong></span> <span class='ocrx_word' id='word_1_467' title='bbox 1350 4604 1543 4676; x_wconf 67' lang='lat' dir='ltr'><strong>amposta.</strong></span> 
     </span>
    </p>
   </div>
   <div class='ocr_carea' id='block_1_15' title="bbox 117 4748 1759 5607">
    <p class='ocr_par' dir='ltr' id='par_1_35' title="bbox 962 4748 1758 5413">
     <span class='ocr_line' id='line_1_84' title="bbox 1000 4748 1758 4830; baseline 0.008 -19"><span class='ocrx_word' id='word_1_468' title='bbox 1000 4751 1052 4811; x_wconf 78' lang='lat'><strong>34.</strong></span> <span class='ocrx_word' id='word_1_469' title='bbox 1071 4752 1176 4822; x_wconf 86' lang='lat' dir='ltr'><strong>Quam</strong></span> <span class='ocrx_word' id='word_1_470' title='bbox 1187 4750 1356 4826; x_wconf 89' lang='lat' dir='ltr'><strong>ingentem</strong></span> <span class='ocrx_word' id='word_1_471' title='bbox 1369 4748 1523 4827; x_wconf 85' lang='lat' dir='ltr'><strong>perlectae</strong></span> <span class='ocrx_word' id='word_1_472' title='bbox 1534 4748 1666 4812; x_wconf 84' lang='lat' dir='ltr'><strong>uirtutis</strong></span> <span class='ocrx_word' id='word_1_473' title='bbox 1676 4768 1758 4830; x_wconf 62' lang='lat' dir='ltr'><strong>praee</strong></span> 
     </span>
     <span class='ocr_line' id='line_1_85' title="bbox 963 4845 1758 4925; baseline 0.006 -16"><span class='ocrx_word' id='word_1_474' title='bbox 963 4848 1161 4924; x_wconf 87' lang='lat' dir='ltr'><strong>rogativam,</strong></span> <span class='ocrx_word' id='word_1_475' title='bbox 1173 4849 1272 4925; x_wconf 85' lang='lat' dir='ltr'><strong>atque</strong></span> <span class='ocrx_word' id='word_1_476' title='bbox 1284 4847 1419 4909; x_wconf 89' lang='lat' dir='ltr'><strong>minime</strong></span> <span class='ocrx_word' id='word_1_477' title='bbox 1430 4845 1564 4908; x_wconf 88' lang='lat' dir='ltr'><strong>dubium</strong></span> <span class='ocrx_word' id='word_1_478' title='bbox 1578 4863 1758 4924; x_wconf 87' lang='lat' dir='ltr'><strong>argumen-</strong></span> 
     </span>
     <span class='ocr_line' id='line_1_86' title="bbox 962 4943 1758 5019; baseline 0.008 -13"><span class='ocrx_word' id='word_1_479' title='bbox 962 4945 1043 5018; x_wconf 88' lang='lat' dir='ltr'><strong>tum,</strong></span> <span class='ocrx_word' id='word_1_480' title='bbox 1065 4947 1265 5008; x_wconf 82' lang='lat' dir='ltr'><strong>Franciscus</strong></span> <span class='ocrx_word' id='word_1_481' title='bbox 1284 4944 1414 5008; x_wconf 81' lang='lat' dir='ltr'><strong>assisio</strong></span> <span class='ocrx_word' id='word_1_482' title='bbox 1434 4943 1516 5006; x_wconf 92' lang='lat' dir='ltr'><strong>urbe</strong></span> <span class='ocrx_word' id='word_1_483' title='bbox 1529 4947 1638 5019; x_wconf 90' lang='lat' dir='ltr'><strong>natus,</strong></span> <span class='ocrx_word' id='word_1_484' title='bbox 1655 4964 1674 5009; x_wconf 91' lang='lat' dir='ltr'><strong>a</strong></span> <span class='ocrx_word' id='word_1_485' title='bbox 1689 4951 1758 5012; x_wconf 90' lang='lat' dir='ltr'><strong>Deo</strong></span> 
     </span>
     <span class='ocr_line' id='line_1_87' title="bbox 962 5040 1757 5118; baseline 0.004 -14"><span class='ocrx_word' id='word_1_486' title='bbox 962 5042 1052 5106; x_wconf 89' lang='lat' dir='ltr'><strong>tulitt</strong></span> <span class='ocrx_word' id='word_1_487' title='bbox 1076 5045 1146 5106; x_wconf 94' lang='lat' dir='ltr'><strong>Nec</strong></span> <span class='ocrx_word' id='word_1_488' title='bbox 1161 5042 1287 5105; x_wconf 81' lang='lat' dir='ltr'><strong>veroid</strong></span> <span class='ocrx_word' id='word_1_489' title='bbox 1303 5040 1388 5114; x_wconf 92' lang='lat' dir='ltr'><strong>dico,</strong></span> <span class='ocrx_word' id='word_1_490' title='bbox 1406 5042 1484 5118; x_wconf 88' lang='lat' dir='ltr'><strong>quia</strong></span> <span class='ocrx_word' id='word_1_491' title='bbox 1503 5042 1539 5104; x_wconf 92' lang='lat' dir='ltr'><strong>in</strong></span> <span class='ocrx_word' id='word_1_492' title='bbox 1560 5045 1757 5108; x_wconf 88' lang='lat' dir='ltr'><strong>Sanctorum</strong></span> 
     </span>
     <span class='ocr_line' id='line_1_88' title="bbox 963 5138 1758 5212; baseline 0.008 -12"><span class='ocrx_word' id='word_1_493' title='bbox 963 5156 1137 5201; x_wconf 89' lang='lat' dir='ltr'><strong>numerum</strong></span> <span class='ocrx_word' id='word_1_494' title='bbox 1155 5140 1282 5202; x_wconf 89' lang='lat' dir='ltr'><strong>relatus</strong></span> <span class='ocrx_word' id='word_1_495' title='bbox 1299 5138 1416 5212; x_wconf 86' lang='lat' dir='ltr'><strong>luerit;</strong></span> <span class='ocrx_word' id='word_1_496' title='bbox 1440 5138 1473 5200; x_wconf 94' lang='lat' dir='ltr'><strong>id</strong></span> <span class='ocrx_word' id='word_1_497' title='bbox 1488 5141 1577 5202; x_wconf 91' lang='lat' dir='ltr'><strong>enim</strong></span> <span class='ocrx_word' id='word_1_498' title='bbox 1594 5143 1694 5204; x_wconf 91' lang='lat' dir='ltr'><strong>etiam</strong></span> <span class='ocrx_word' id='word_1_499' title='bbox 1714 5143 1758 5206; x_wconf 90' lang='lat' dir='ltr'><strong>ad</strong></span> 
     </span>
     <span class='ocr_line' id='line_1_89' title="bbox 962 5225 1757 5316; baseline 0.005 -18"><span class='ocrx_word' id='word_1_500' title='bbox 962 5237 1049 5298; x_wconf 91' lang='lat' dir='ltr'><strong>alios</strong></span> <span class='ocrx_word' id='word_1_501' title='bbox 1062 5238 1230 5314; x_wconf 89' lang='lat' dir='ltr'><strong>pertinere</strong></span> <span class='ocrx_word' id='word_1_502' title='bbox 1240 5236 1391 5299; x_wconf 81' lang='lat' dir='ltr'><strong>ridemus</strong></span> <span class='ocrx_word' id='word_1_503' title='bbox 1403 5259 1410 5298; x_wconf 77' lang='grc' dir='ltr'><strong>ε</strong></span> <span class='ocrx_word' id='word_1_504' title='bbox 1424 5225 1579 5315; x_wconf 82' lang='lat' dir='ltr'><strong>sed‘quod</strong></span> <span class='ocrx_word' id='word_1_505' title='bbox 1588 5240 1757 5316; x_wconf 89' lang='lat' dir='ltr'><strong>praecipuo</strong></span> 
     </span>
     <span class='ocr_line' id='line_1_90' title="bbox 962 5333 1756 5413; baseline 0.003 -16"><span class='ocrx_word' id='word_1_506' title='bbox 962 5336 1023 5397; x_wconf 90' lang='lat' dir='ltr'><strong>Dei</strong></span> <span class='ocrx_word' id='word_1_507' title='bbox 1041 5350 1180 5396; x_wconf 90' lang='lat' dir='ltr'><strong>munere</strong></span> <span class='ocrx_word' id='word_1_508' title='bbox 1194 5334 1326 5411; x_wconf 90' lang='lat' dir='ltr'><strong>diguus,</strong></span> <span class='ocrx_word' id='word_1_509' title='bbox 1344 5336 1377 5396; x_wconf 92' lang='lat' dir='ltr'><strong>et</strong></span> <span class='ocrx_word' id='word_1_510' title='bbox 1399 5333 1517 5406; x_wconf 85' lang='lat' dir='ltr'><strong>taetus,</strong></span> <span class='ocrx_word' id='word_1_511' title='bbox 1538 5337 1571 5396; x_wconf 90' lang='lat' dir='ltr'><strong>et</strong></span> <span class='ocrx_word' id='word_1_512' title='bbox 1587 5336 1756 5413; x_wconf 83' lang='lat' dir='ltr'><strong>judicatus</strong></span> 
     </span>
    </p>

    <p class='ocr_par' dir='ltr' id='par_1_36' title="bbox 117 5428 1759 5607">
     <span class='ocr_line' id='line_1_91' title="bbox 155 5428 1755 5509; baseline 0.003 -21"><span class='ocrx_word' id='word_1_513' title='bbox 155 5429 205 5488; x_wconf 89' lang='lat'><strong>30.</strong></span> <span class='ocrx_word' id='word_1_514' title='bbox 218 5429 366 5490; x_wconf 88' lang='lat' dir='ltr'><strong>Noverat</strong></span> <span class='ocrx_word' id='word_1_515' title='bbox 375 5428 532 5506; x_wconf 85' lang='lat' dir='ltr'><strong>antiquus</strong></span> <span class='ocrx_word' id='word_1_516' title='bbox 541 5428 647 5492; x_wconf 90' lang='lat' dir='ltr'><strong>bostis</strong></span> <span class='ocrx_word' id='word_1_517' title='bbox 658 5430 747 5492; x_wconf 90' lang='lat' dir='ltr'><strong>bunc</strong></span> <span class='ocrx_word' id='word_1_518' title='bbox 757 5431 907 5492; x_wconf 91' lang='lat' dir='ltr'><strong>ordinem</strong></span> <span class='ocrx_word' id='word_1_519' title='bbox 962 5433 1022 5504; x_wconf 91' lang='lat' dir='ltr'><strong>est,</strong></span> <span class='ocrx_word' id='word_1_520' title='bbox 1039 5432 1096 5509; x_wconf 89' lang='lat' dir='ltr'><strong>qui</strong></span> <span class='ocrx_word' id='word_1_521' title='bbox 1112 5433 1229 5494; x_wconf 84' lang='lat' dir='ltr'><strong>vivens</strong></span> <span class='ocrx_word' id='word_1_522' title='bbox 1248 5431 1284 5492; x_wconf 94' lang='lat' dir='ltr'><strong>in</strong></span> <span class='ocrx_word' id='word_1_523' title='bbox 1303 5447 1442 5509; x_wconf 90' lang='lat' dir='ltr'><strong>corpore</strong></span> <span class='ocrx_word' id='word_1_524' title='bbox 1465 5447 1526 5492; x_wconf 92' lang='lat' dir='ltr'><strong>suo</strong></span> <span class='ocrx_word' id='word_1_525' title='bbox 1550 5447 1668 5494; x_wconf 85' lang='lat' dir='ltr'><strong>veram</strong></span> <span class='ocrx_word' id='word_1_526' title='bbox 1680 5447 1755 5494; x_wconf 88' lang='lat' dir='ltr'><strong>cer-</strong></span> 
     </span>
     <span class='ocr_line' id='line_1_92' title="bbox 117 5521 1759 5607; baseline 0.006 -27"><span class='ocrx_word' id='word_1_527' title='bbox 117 5521 151 5583; x_wconf 93' lang='lat' dir='ltr'><strong>in</strong></span> <span class='ocrx_word' id='word_1_528' title='bbox 164 5525 312 5586; x_wconf 78' lang='lat' dir='ltr'><strong>Ecclesia</strong></span> <span class='ocrx_word' id='word_1_529' title='bbox 325 5526 385 5587; x_wconf 86' lang='lat' dir='ltr'><strong>Dei</strong></span> <span class='ocrx_word' id='word_1_530' title='bbox 400 5525 575 5587; x_wconf 88' lang='lat' dir='ltr'><strong>admodum</strong></span> <span class='ocrx_word' id='word_1_531' title='bbox 588 5527 797 5603; x_wconf 81' lang='lat' dir='ltr'><strong>profuturum</strong></span> <span class='ocrx_word' id='word_1_532' title='bbox 810 5551 818 5588; x_wconf 79' lang='lat' dir='ltr'><strong>t</strong></span> <span class='ocrx_word' id='word_1_533' title='bbox 833 5529 906 5592; x_wconf 90' lang='lat' dir='ltr'><strong>ideo</strong></span> <span class='ocrx_word' id='word_1_534' title='bbox 961 5531 1095 5607; x_wconf 88' lang='lat' dir='ltr'><strong>tamque</strong></span> <span class='ocrx_word' id='word_1_535' title='bbox 1110 5530 1285 5592; x_wconf 85' lang='lat' dir='ltr'><strong>vulnerum</strong></span> <span class='ocrx_word' id='word_1_536' title='bbox 1304 5528 1479 5606; x_wconf 90' lang='lat' dir='ltr'><strong>pertulerit</strong></span> <span class='ocrx_word' id='word_1_537' title='bbox 1501 5529 1652 5598; x_wconf 80' lang='lat' dir='ltr'><strong>formam,</strong></span> <span class='ocrx_word' id='word_1_538' title='bbox 1671 5529 1759 5592; x_wconf 89' lang='lat' dir='ltr'><strong>unde</strong></span> 
     </span>
    </p>
   </div>
   <div class='ocr_carea' id='block_1_16' title="bbox 293 5279 748 5372">
    <p class='ocr_par' dir='ltr' id='par_1_37' title="bbox 293 5279 748 5372">
     <span class='ocr_line' id='line_1_93' title="bbox 293 5279 748 5372; baseline 0.007 -33"><span class='ocrx_word' id='word_1_539' title='bbox 293 5279 539 5340; x_wconf 71' lang='lat' dir='ltr'><strong>marimanam</strong></span> <span class='ocrx_word' id='word_1_540' title='bbox 552 5281 722 5354; x_wconf 81' lang='lat' dir='ltr'><strong>Sobepdct.</strong></span> <span class='ocrx_word' id='word_1_541' title='bbox 744 5365 748 5372; x_wconf 91' lang='lat'><strong>.</strong></span> 
     </span>
    </p>
   </div>
   <div class='ocr_carea' id='block_1_17' title="bbox 0 0 2090 6372">
    <p class='ocr_par' dir='ltr' id='par_1_38' title="bbox 0 0 2090 6372">
     <span class='ocr_line' id='line_1_94' title="bbox 0 0 2090 6372; baseline 0 0"><span class='ocrx_word' id='word_1_542' title='bbox 0 0 2090 6372; x_wconf 95' lang='lat' dir='ltr'><strong> </strong></span> 
     </span>
    </p>
   </div>
  </div>
 </body>
</html>
