4152 6388
715 243 747 302 s.
771 199 1239 305 1661616611661616116
1261 241 1490 303 oruscum.

519 419 762 516 CAPITDLUM
787 421 827 480 11.

455 553 608 619 Qualiter
628 555 740 626 recipi
761 553 914 614 debcant.

325 696 358 755 Si
386 709 462 771 qua,
487 693 601 756 divina
627 695 859 770 inspiratione,
879 692 1010 755 venerit
1033 691 1074 752 ad

284 808 427 860 sorores,
451 791 567 853 volens
583 793 684 854 vitam
712 792 808 853 istam
831 791 994 867 accipere,
1012 789 1075 852 ab·

283 889 408 950 1611666
423 881 574 950 sororum
588 889 734 950 omnium
748 904 945 950 consensum
960 887 1076 963 requi-

283 1003 358 1048 rere
370 987 534 1050 teneatur.
552 989 590 1048 m
607 987 635 1047 si
647 991 753 1064 major
767 985 1074 1064 parsconsensarit,

284 1085 396 1146 habita
408 1085 543 1146 licentia
568 1085 694 1145 domini
716 1083 896 1145 cardinalis
912 1081 1078 1164 protecto-

284 1183 342 1256 116,
362 1184 466 1259 possit
481 1199 553 1244 eam
576 1183 736 1259 recipere.
753 1185 793 1244 Et
812 1183 840 1243 si
853 1181 1076 1258 recipiendam

282 1279 415 1351 viderit,
440 1281 617 1356 diligenter
635 1281 803 1342 examinet
817 1295 902 1352 eam,
922 1279 1077 1342 1616116-

235 1385 238 1392 *
284 1379 407 1440 minari
422 1378 522 1440 iaciat
536 1378 577 1438 de
593 1377 655 1438 tide
669 1377 835 1438 catholica
854 1377 887 1438 et
902 1376 1080 1438 ecclesias-

283 1477 359 1538 tlcis
375 1475 604 1539 sacramentis,
631 1476 670 1536 m
693 1475 722 1535 si
739 1475 811 1536 baec
827 1475 937 1536 omnia
952 1471 1086 1549 credat,

284 1575 317 1634 et
342 1573 423 1635 velit
450 1588 490 1633 ea
512 1571 655 1634 fideliter
678 1570 842 1647 confiteri,
870 1573 903 1634 et
924 1585 1028 1648 usque
1043 1571 1079 1631 in

282 1669 383 1732 linem
394 1669 533 1731 tirmiter
548 1669 737 1743 observare,
762 1670 796 1730 et
812 1669 920 1730 virum
936 1683 1002 1728 non
1018 1666 1081 1727 ba-

282 1767 369 1841 beat,
386 1767 438 1829 vel
455 1769 482 1828 61
499 1767 608 1834 babet,
623 1770 738 1844 etjam
753 1765 950 1844 religionem
967 1765 1078 1826 intra-

283 1865 332 1926 vit
346 1865 543 1927 auctoritate
558 1865 740 1926 dioecesani
754 1863 911 1940 episcopi,
923 1864 996 1924 voto
1006 1879 1081 1924 con-

282 1963 434 2025 tinentiae
443 1964 513 2040 jam
529 1961 663 2034 emisso,
681 1964 779 2023 aetate
795 1964 906 2022 autem
926 1961 1078 2036 longeva,

283 2060 337 2122 vel
353 2059 545 2121 infirmitate
555 2060 669 2136 aliqua
680 2076 739 2120 seu
750 2059 901 2121 fatuitate
912 2057 953 2119 ab
969 2059 1081 2136 hujus-

181 2227 189 2244 Ι
285 2156 892 2234 modiobservantianonimpediente,
905 2157 1082 2232 diligenter

286 2256 431 2332 exponat
456 2255 487 2316 ei
515 2257 664 2316 tenorem
686 2254 876 2331 hujusmodi
889 2255 977 2316 vitae.
994 2255 1034 2315 Et
1053 2253 1081 2314 si

286 2353 406 2414 idonea
440 2353 551 2425 luerit,
586 2350 717 2414 dicatur
750 2353 781 2412 ei
810 2352 948 2413 verbum
975 2352 1081 2414 sancti

287 2449 471 2524 Evangelii,
486 2449 571 2526 quod
586 2448 698 2520 vadat,
715 2449 876 2511 etvendat
887 2449 998 2510 omnia
1008 2465 1080 2520 sua,

288 2547 321 2608 et
344 2562 384 2608 66
404 2546 535 2608 studeat
558 2545 761 2623 pauperibus
777 2562 927 2623 erogare.
945 2546 1038 2618 Quod
1054 2545 1083 2606 si

288 2645 400 2706 iacere
413 2660 479 2705 non
492 2643 623 2720 poterit,
637 2643 759 2705 suldcit
773 2643 805 2704 ei
817 2643 904 2706 bona
916 2642 1081 2705 voluntas.

288 2741 328 2803 m
351 2744 491 2803 caveant
519 2740 686 2802 abbatissa
713 2743 746 2802 et
774 2744 845 2820 ejus
875 2757 1018 2813 sorores,
1042 2756 1084 2802 ne

288 2837 440 2900 sollicitae
467 2839 533 2898 sint
556 2837 716 2898 derebus
742 2839 812 2899 suis
832 2837 1083 2916 temporalibus,

289 2937 326 2998 ut
340 2935 444 2997 libere
459 2934 561 2997 iaciat
575 2933 729 2996 derebus
746 2936 827 3008 suis,
845 2935 1002 3012 quidquid
1019 2936 1086 2996 Do-

289 3034 400 3094 minus
413 3032 631 3108 inspiraverit
649 3031 691 3092 ei.
718 3031 753 3093 Si
774 3031 885 3093 tamen
908 3032 1085 3092 consilium

290 3130 490 3208 requiratur,
509 3129 639 3190 mittant
658 3145 731 3190 earn
751 3127 791 3190 ad
812 3130 942 3206 aliquos
960 3129 1087 3190 discre-

290 3227 341 3288 tos
371 3227 403 3286 et
431 3227 534 3286 Deum
571 3225 737 3298 timentes,
768 3239 908 3301 quorum
946 3224 1086 3286 consilio

289 3322 377 3383 bona
406 3338 466 3382 sua
501 3321 702 3398 pauperibus
740 3322 929 3397 erogentur.
967 3322 1087 3383 Postea

291 3419 423 3496 capillis
437 3419 544 3481 tonsis
558 3419 594 3479 in
609 3418 798 3493 rotundum,
815 3420 849 3482 et
867 3420 1014 3496 deposito
1030 3420 1087 3482 ba·

291 3517 363 3580 bitu
378 3516 543 3588 saeculari,
566 3516 750 3578 concedant
766 3517 797 3578 61
814 3519 881 3578 1166
897 3518 1038 3591 1111666,
1056 3520 1090 3581 61

292 3613 498 3676 mantellum.
528 3614 690 3690 Deinceps
716 3615 811 3676 extra
827 3616 1087 3687 monasterium,

292 3713 365 3774 sine
394 3711 478 3782 utili,
505 3709 693 3783 manifesta,
723 3715 756 3774 et
782 3711 947 3788 probabili
974 3728 1087 3784 causa,

292 3809 399 3872 eidem
425 3809 519 3870 exire
547 3825 614 3870 non
637 3808 748 3870 liceat.
772 3809 882 3870 Finito
902 3825 981 3871 vero
1002 3825 1090 3872 anno

293 3908 509 3986 probationis,
523 3907 706 3984 recipiatur
717 3906 759 3968 ad
773 3907 1007 3980 obedientiam,
1018 3924 1091 3985 pro·

293 4005 428 4068 mittens
442 4005 546 4067 vitam
560 4006 594 4067 et
609 4003 750 4065 formam
770 4004 869 4080 hujus
885 4005 1091 4081 paupertatis

294 4104 331 4164 in
346 4103 541 4179 perpetuum
551 4100 742 4162 observare.
757 4099 857 4160 Nulla
867 4101 1091 4180 intratempus

295 4198 502 4277 probationis
517 4196 655 4259 veletur.
671 4196 828 4257 Mantella
844 4197 944 4259 etiam
964 4199 1093 4276 possint

297 4311 430 4357 sorores
440 4294 564 4355 habere
577 4309 636 4370 pro
650 4292 862 4355 alleviatione
877 4295 910 4356 et
919 4295 1093 4358 honestata

298 4391 426 4456 servitii
442 4391 475 4453 et
489 4389 624 4451 laboris.
641 4389 815 4451 abbatissa
838 4407 918 4452 vero
933 4392 973 4454 de
986 4393 1094 4454 vesti-

200 4525 202 4530 ·
297 4489 419 4552 mentis
454 4487 597 4549 discrete
630 4488 679 4548 eis
712 4487 887 4563 provideat
913 4490 1094 4551 secundum

300 4587 476 4666 qualitates
489 4599 718 4663 personarum,
739 4589 771 4646 at
788 4584 871 4659 loca,
887 4587 920 4649 et
931 4588 1092 4664 tempora,

301 4688 333 4750 'et
347 4685 486 4763 frigidas
501 4685 667 4761 regiones,
685 4684 771 4744 sicut
790 4685 980 4748 necessitati
996 4686 1094 4748 vide-

301 4783 346 4845 rit
357 4783 526 4861 expedire.
542 4785 561 4846 J
565 4780 750 4854 uvenculae,
765 4780 801 4841 in
816 4783 1019 4845 monasterio
1036 4799 1094 4844 16-

302 4883 405 4957 captae
430 4879 518 4940 inira
540 4881 670 4956 tempus
695 4879 802 4940 aetatis
825 4878 996 4956 legitimae,
1015 4883 1095 4942 ton-

303 4977 444 5038 deantur
472 4975 507 5036 in
532 4976 723 5050 rotundum,
748 4977 781 5038 et
803 4975 952 5054 deposito
982 4977 1097 5038 babitu

304 5072 471 5146 saeculari,
492 5072 674 5134 induantur
693 5088 802 5149 panno
824 5073 995 5150 religioso,
1011 5073 1098 5136 sicut

301 5171 411 5234 visum
435 5169 535 5231 luerit
549 5167 738 5231 abbatissae.
764 5171 844 5231 Cum
864 5186 944 5232 vero
960 5171 1000 5232 ad
1016 5173 1099 5233 aeta-

302 5272 369 5332 tem
393 5266 575 5342 legitimam
601 5267 827 5344 pervenerint,
856 5266 981 5330 indutae
1000 5271 1098 5345 Juxta

304 5363 1095 5442 formamaliarum,laciantprolessionemsuam;

304 5465 338 5526 et
358 5466 425 5524 tarn
440 5461 535 5538 ipsis,
560 5477 656 5540 quam
673 5463 750 5524 aliis
772 5461 907 5524 novitiis
931 5462 1098 5526 abbatissa

306 5559 448 5624 sollicite
464 5559 655 5636 magistram
676 5558 849 5636 provideat
860 5559 903 5634 de
921 5559 1097 5621 discretio·

1864 240 1924 302 296

1128 400 1220 462 ribus
1235 401 1336 463 totius
1352 399 1557 474 monasterii,
1572 415 1645 478 quaa
1660 400 1696 460 in
1711 398 1828 462 sancta
1844 414 1927 460 con-

1128 499 1316 562 versatione
1339 501 1372 561 et
1393 498 1543 560 honestis
1563 497 1723 572 moribus,
1740 497 1929 574 1111116161-

1130 613 1216 656 mam
1241 597 1458 673 professionis
1480 611 1644 669 sororum,
1671 609 1727 656 eas
1748 594 1929 670 diligenter

1130 693 1296 754 intormet.
1325 696 1361 754 In
1391 693 1638 754 examinatione
1680 693 1713 754 et
1734 691 1929 769 receptione

1131 806 1282 852 sororum
1311 791 1526 852 servientium
1553 792 1648 851 extra
1674 789 1930 864 monasterium,

1132 891 1282 950 servetur
1294 888 1400 948 forma
1412 888 1588 964 praedicta3
1604 905 1678 963 quae
1694 890 1835 964 possunt
1850 903 1933 966 por-

1131 989 1203 1048 tare
1219 987 1454 1047 calceamenta.
1478 985 1578 1045 Nulla
1597 1001 1670 1045 cum
1687 985 1860 1046 sororibus
1875 1001 1935 1046 16-

1133 1084 1308 1144 sidentiam
1324 1083 1426 1143 iaciat
1439 1083 1473 1142 in
1485 1083 1704 1156 monasterio,
1715 1083 1781 1143 nisi
1794 1084 1934 1160 recepta

1133 1181 1233 1242 luerit
1242 1179 1424 1242 secundum
1437 1179 1576 1240 formam
1588 1179 1687 1256 hujus
1698 1181 1932 1256 professionis.

1133 1279 1173 1339 Et
1192 1293 1304 1338 amore
1328 1277 1530 1339 sanctissimi
1552 1277 1585 1339 et
1608 1277 1816 1338 dilectissimi
1834 1278 1935 1354 pueri

1132 1377 1213 1439 Jesu
1242 1375 1452 1452 pauperculis
1467 1375 1587 1452 pannis
1615 1375 1755 1436 involuti
1777 1375 1813 1435 in
1840 1391 1936 1452 prae-

1134 1473 1226 1549 sepio
1241 1471 1407 1546 reclinati,
1427 1473 1460 1534 61
1486 1472 1705 1533 sanctissimae
1725 1473 1843 1533 Matris
1860 1475 1936 1550 ejus

1134 1586 1263 1644 moneo,
1280 1570 1451 1646 deprecor,
1467 1571 1500 1631 ei
1512 1569 1672 1631 exhortor
1683 1584 1815 1631 sorores
1826 1585 1935 1644 meae,

1135 1669 1171 1730 ut
1195 1667 1402 1730 vestimentis
1429 1682 1560 1744 semper
1585 1665 1708 1729 vilibus
1733 1666 1933 1730 induantur.

1367 1829 1612 1889 CAPITULUM
1635 1828 1692 1888 ΙΙΙ.

1164 1956 1214 2014 Dc
1236 1955 1352 2014 dictito
1367 1953 1490 2026 officio,
1513 1952 1707 2024 etjejoneo,
1731 1953 1917 2025 6111161166

1400 2043 1662 2102 661116111116661.

1177 2157 1315 2218 Sorores
1341 2155 1496 2218 litteratae
1523 2155 1648 2217 iaciant
1674 2155 1824 2218 divinum
1848 2155 1939 2218 Osb-

1137 2254 1224 2314 611111
1260 2254 1440 2315 secundum
1476 2253 1750 2315 consuetudinem
1779 2253 1940 2315 Fratrum

1137 2352 1315 2425 Minorem,
1343 2367 1387 2412 ex
1414 2367 1479 2429 quo
1507 2352 1675 2428 potuerint
1701 2351 1826 2412 babere
1853 2354 1942 2413 Bre-

1137 2449 1256 2523 viaria,
1266 2449 1406 2524 legendo
1417 2449 1489 2510 sine
1500 2449 1610 2509 cantu.
1625 2449 1664 2510 Et
1672 2463 1745 2525 quae
1754 2449 1936 2510 occasione

1138 2546 1331 2608 rationabili
1350 2562 1418 2607 non
1443 2546 1571 2622 possint
1588 2545 1768 2624 aliquando
1792 2546 1938 2622 legendo

1139 2643 1250 2705 dicere
1263 2646 1370 2704 Horas
1385 2659 1475 2717 suas,
1491 2643 1592 2706 liceat
1610 2643 1671 2717 eis,
1686 2643 1772 2705 sicut
1784 2643 1861 2705 aliae
1877 2659 1939 2705 so-

1138 2757 1233 2802 rores
1259 2739 1550 2814 recitant,'dicere
1574 2742 1684 2802 Pater
1705 2744 1835 2802 666161.
1858 2744 1941 2812 Quae

1139 2855 1219 2900 vero
1238 2839 1368 2899 litteras
1388 2839 1555 2912 nesciunt,
1580 2837 1693 2899 dicant
1713 2838 1835 2913 viginti
1851 2854 1944 2916 qua-

1140 2937 1216 2997 tuor
1225 2937 1336 2996 Pater
1348 2935 1469 2997 666161
1483 2951 1542 3012 pro
1558 2935 1734 3008 Matutino,
1745 2951 1806 3010 pro
1818 2934 1943 2995 Laudi-

1140 3033 1201 3093 bus
1217 3033 1380 3110 quinque;
1397 3047 1457 3108 pro
1472 3031 1584 3092 Prima
1599 3047 1693 3106 vero,
1706 3032 1830 3105 remia,
1848 3033 1941 3093 Sex-

1140 3132 1186 3204 ta,
1197 3131 1306 3203 Nona,
1323 3144 1382 3206 pro
1402 3129 1549 3206 qualibet
1570 3129 1709 3191 istarum
1725 3130 1862 3206 septem,
1877 3143 1939 3206 pro

1141 3227 1298 3304 vesperis
1320 3228 1430 3288 autem
1457 3225 1643 3300 duodecim,
1663 3242 1723 3303 pro
1745 3227 1940 3304 completo-

1142 3325 1192 3386 rio
1208 3325 1343 3400 septem.
1360 3327 1425 3385 Pro
1450 3323 1619 3385 Defunctis
1639 3323 1751 3385 dicant
1774 3325 1877 3386 etiam
1902 3326 1945 3385 111

1142 3422 1298 3499 vesperis
1314 3421 1438 3498 septem
1453 3423 1564 3483 Pater
1577 3422 1696 3484 666161
1718 3422 1752 3483 61
1771 3423 1941 3496 requiem

1143 3520 1324 3594 aternam,
1340 3534 1400 3596 pro
1416 3519 1579 3580 Matutino
1597 3518 1783 3580 duodecim.
1801 3521 1943 3582 Sorores

1144 3616 1299 3678 litteratae
1314 3619 1491 3678 teneantur
1508 3616 1619 3678 dicere
1635 3615 1780 3678 odicium
1796 3616 1947 3679 Defunc-

1143 3715 1263 3776 torum.
1294 3713 1431 3786 Quando
1456 3729 1537 3776 vero
1561 3714 1674 3792 aliqua
1700 3730 1744 3776 ex
1767 3713 1943 3776 sororibus

1146 3811 1356 3888 migraverit,
1396 3809 1510 3873 dicant
1551 3812 1790 3889 quinquaginta
1828 3815 1942 3874 Pater

1146 3911 1273 3971 noster.
1291 3909 1387 3970 Omni
1406 3911 1555 3986 tempore
1574 3925 1708 3971 sorores
1727 3911 1892 3987 jeJunent,
1909 3911 1947 3972 in

1146 4007 1328 4069 Nativitate
1348 4007 1491 4080 Domini,
1508 4022 1715 4085 quacumque
1730 4007 1784 4068 die
1799 4008 1945 4080 venerit,

1146 4103 1302 4166 bisrellci
1318 4105 1455 4181 possint.
1472 4105 1551 4164 Cum
1566 4104 1846 4179 adolescentibus
1857 4105 1949 4168 debi-

1148 4201 1247 4276 libus,
1274 4203 1307 4264 et
1332 4201 1555 4263 servientibus
1571 4204 1666 4263 extra
1689 4203 1946 4278 monasterium,

1149 4299 1235 4360 sicut
1245 4299 1411 4360 videbitur
1425 4298 1614 4373 abbatissae,
1630 4301 1735 4376 possit
1751 4301 1950 4362 misericor-

1149 4394 1234 4458 diter
1256 4396 1453 4472 dispensari.
1470 4397 1631 4473 Tempore
1654 4411 1734 4458 vero
1759 4397 1950 4460 manifestae

1150 4492 1360 4553 necessitatis
1376 4507 1443 4552 non
1464 4492 1641 4554 teneantur
1665 4507 1799 4554 sorores
1816 4495 1950 4571 jejunio

1150 4587 1327 4665 corporali.
1350 4589 1529 4652 Duodecim
1548 4588 1690 4663 vicibus,
1707 4588 1748 4651 ad
1764 4590 1894 4666 minue,
1908 4591 1950 4653 de

1150 4684 1709 4748 6111611666116611166611116611111
1732 4687 1768 4747 in
1788 4703 1890 4749 anno.
1909 4690 1950 4750 m

1151 4797 1270 4846 cavere
1285 4782 1416 4856 debent,
1432 4799 1473 4844 ne
1491 4783 1557 4844 6116
1574 4783 1676 4844 verba
1690 4785 1770 4845 tunc
1782 4785 1948 4861 inserant,

1151 4881 1216 4942 nisi
1230 4895 1302 4957 quae
1318 4881 1359 4941 ad
1372 4880 1628 4954 consessionem,
1644 4881 1678 4942 et
1692 4880 1833 4943 salutem
1850 4884 1952 4960 perti·

1153 4979 1231 5039 nent
1243 4978 1441 5067 animarum.
1459 4980 1525 5038 Sex
1546 4976 1675 5040 vicibus
1691 4980 1950 5055 communicent,

1152 5075 1307 5137 videlicet
1329 5075 1365 5135 in
1389 5075 1572 5137 Nativitate
1598 5075 1742 5150 Domini,
1769 5075 1805 5137 in
1833 5079 1951 5154 quinta

1152 5173 1392 5249 FeriaMajoris
1404 5171 1630 5246 hebdomadae,
1644 5173 1679 5232 in
1691 5175 1952 5238 Resurrectione

1153 5269 1295 5344 Domini,
1331 5270 1366 5330 in
1402 5269 1608 5343 Pentecoste,
1644 5269 1679 5329 in
1715 5273 1953 5349 assumptione

1152 5368 1258 5429 beatae
1274 5367 1433 5442 Virginis,
1457 5367 1539 5428 etin
1560 5367 1656 5428 Festo
1676 5368 1824 5429 omnium
1844 5373 1953 5432 Sanc-

1153 5465 1272 5528 torum.
1290 5467 1354 5524 Pro
1370 5464 1653 5525 communicandis
1666 5463 1808 5524 infirmis
1824 5468 1953 5528 sorori-

1153 5562 1225 5634 bus,
1243 5559 1426 5640 capellanis
1443 5561 1534 5623 intus
1547 5561 1647 5624 liceat
1660 5561 1797 5623 intrare.
