4152 6388
98 245 160 304 277

99 399 354 478 opprobriosam
370 415 444 463 esse
454 417 600 476 carnem,
615 405 648 465 et
662 403 771 466 studet
781 405 822 465 ad
835 403 899 464 hu-

98 499 289 570 militatem,
306 503 340 560 et
354 499 559 574 patientiam,
582 501 616 562 et
632 515 749 577 puram
764 501 897 578 simpli-

98 597 247 664 citatem,
264 597 297 656 et
315 609 428 657 veram
449 613 564 674 pacem
579 598 726 674 spiritus.
741 601 780 660 nt
798 613 899 676 super

98 693 213 755 omnia
229 693 397 756 desiderat
408 694 556 755 divinum
570 695 733 767 timorem,
755 696 788 757 et
807 695 897 757 diri-

97 807 178 852 nam
189 791 397 867 sapientiam,
416 791 761 854 etdivinumamorem
773 793 895 864 Patris,

98 891 134 952 et
158 889 241 950 Filii
265 890 298 951 31
322 889 466 965 Spiritus
486 891 610 952 Sancti.
632 892 671 951 Et
685 891 796 950 omnia
810 888 897 951 bona

96 991 169 1050 Deo
184 987 349 1048 altissima
361 987 394 1048 et
409 987 732 1059 summoreddamus,
743 989 897 1048 etomuia

97 1084 188 1146 bona
202 1085 310 1160 ipsius
326 1098 399 1144 esse
413 1099 702 1159 recognoscamus,
719 1087 752 1146 et
769 1085 810 1146 de
825 1099 898 1146 om-

96 1181 199 1243 nibus
227 1181 259 1242 ei
287 1180 414 1256 gratias
441 1180 638 1253 reseramus,
666 1197 686 1242 a
713 1197 778 1260 quo
810 1182 897 1244 bona

96 1281 219 1341 cuncta
232 1277 424 1354 procedunt,
436 1279 469 1339 et
479 1279 552 1354 ipse
565 1279 749 1340 altissimus
764 1279 797 1340 et
807 1295 898 1340 sum-

97 1392 174 1436 mus
191 1376 283 1436 solus
305 1375 339 1436 et
357 1389 457 1436 verus
478 1377 566 1436 Deus
582 1375 713 1446 habeat,
731 1375 764 1438 et
777 1376 809 1436 ei
821 1376 899 1436 red-

96 1473 234 1544 dantur,
258 1473 291 1533 et
304 1472 377 1548 ipse
399 1471 543 1548 recipiat
565 1488 680 1534 omnes
700 1473 843 1534 honores
865 1475 898 1534 et

95 1569 319 1641 reverentias,
336 1570 370 1631 et
383 1583 498 1630 omnes
512 1569 629 1631 laudes
643 1571 676 1632 et
686 1569 896 1632 benedictio-

95 1683 172 1740 nes,
194 1668 229 1729 et
249 1681 364 1728 omnes
382 1667 520 1744 gratias,
538 1667 571 1728 et
591 1683 722 1728 omnem
740 1667 894 1744 gloriam,

96 1768 196 1842 cujus
214 1767 265 1826 est
280 1764 527 1837 omnebonum,
544 1765 600 1841 qui
616 1764 706 1826 solus
725 1765 843 1825 bonus.
857 1765 897 1826 st

96 1863 233 1940 quando
257 1862 409 1924 ridemus
430 1861 485 1923 uel
509 1861 662 1923 audimus
686 1863 810 1923 malum
830 1860 896 1922 dici

94 1961 152 2024 rel
168 1960 255 2031 lieri,
270 1960 324 2021 uel
337 1958 564 2036 blasphemari
579 1961 693 2031 Deum,
710 1975 770 2021 uos
789 1959 895 2021 bene-

96 2058 270 2130 dicamus,
299 2058 333 2119 et
357 2055 624 2127 benefaciamus,
658 2057 692 2118 et
723 2057 896 2118 laudemus

95 2157 216 2226 Deum,
236 2155 293 2231 qui
308 2153 566 2216 estbenedictus
586 2154 622 2214 in
643 2154 767 2216 saecula
789 2158 898 2216 saer'u-

95 2252 220 2314 lorum.
241 2255 357 2313 Amen.

353 2403 490 2464 CAPUT
517 2403 636 2462 XVIII.

95 2527 254 2595 01111131
264 2528 421 2588 ministri
444 2527 651 2588 convertant
669 2529 716 2588 aa
736 2528 894 2588 taatcam.

135 2657 292 2731 Quolibet
306 2673 394 2719 anno
410 2658 637 2736 uuusquisque
651 2657 803 2720 minister
821 2673 895 2720 cum

97 2754 262 2818 iratribus
279 2756 348 2815 suis
373 2755 476 2832 possit
493 2755 682 2828 convenire,
697 2755 895 2833 ubicumque

98 2852 267 2930 placuerit
288 2853 348 2926 eis,
373 2853 407 2912 11
421 2851 505 2914 13313
522 2853 629 2914 sancti
650 2852 825 2914 Michaelis
840 2869 897 2914 ar-

97 2949 269 3026 changeli,
296 2949 337 3010 de
359 2949 412 3009 his
440 2965 513 3026 quae
543 2949 584 3010 ad
607 2952 712 3010 Deum
730 2949 898 3027 pertinent

96 3049 317 3111 tractaturus.
339 3049 459 3108 Omnes
478 3061 558 3107 vero
576 3047 730 3120 ministri,
748 3048 897 3125 quisunt

94 3147 131 3207 in
149 3145 382 3207 ultramarinis
402 3149 435 3206 et
454 3145 710 3207 ultramontanis
732 3145 893 3222 partibus,

95 3243 202 3305 semel
216 3243 251 3302 in
265 3243 373 3304 tribus
389 3242 498 3314 annis,
513 3243 545 3304 et
560 3243 620 3304 alii
636 3243 781 3306 ministri
793 3244 895 3304 semel

94 3342 129 3402 in
143 3355 235 3408 auno
247 3339 386 3401 veniant
398 3340 439 3400 ad
462 3339 643 3416 capitulum
656 3341 691 3400 in
708 3339 791 3402 sesto
808 3343 896 3401 Pen-

92 3439 240 3500 tecostes
272 3436 359 3514 apud
386 3437 541 3498 Sanctam
568 3437 709 3498 Mariam
739 3438 778 3499 de
807 3441 894 3500 Por-

93 3533 260 3606 tiuncula,
278 3534 343 3595 nisi
359 3549 378 3595 a
392 3534 544 3595 ministro
560 3535 593 3596 et
603 3550 699 3596 servo
710 3535 811 3597 totius
826 3534 896 3596 tra-

93 3633 266 3694 tarditatis
281 3631 380 3693 aliter
393 3631 493 3692 luerit
505 3631 704 3693 ordinatum.

372 3811 509 3871 CAPUT
531 3811 618 3870 ΧΙΧ.

128 3936 227 4001 Quod
255 3947 375 3994 313333
395 3933 528 4008 fratres
551 3934 672 3994 313331
690 3934 864 4026 catholice.

136 4069 262 4128 Omnes
286 4065 406 4128 fratres
433 4065 500 4128 sint
523 4065 691 4139 catholici,
719 4065 834 4128 vivant
864 4067 898 4128 et

93 4164 278 4242 loquantur
299 4163 473 4224 catholice.
493 4164 529 4224 Si
550 4164 624 4241 quis
637 4179 719 4224 vero
734 4163 897 4226 erraverit

93 4275 113 4320 a
139 4259 207 4320 ilde
235 4259 269 4320 et
293 4259 363 4320 vita
387 4258 564 4331 catholica,
592 4259 628 4320 in
652 4259 752 4330 dicto,
781 4258 835 4322 131
859 4259 895 4320 11

75 4354 196 4432 ,lacta
214 4361 247 4417 et
259 4370 326 4416 non
341 4370 377 4416 se
390 4355 627 4428 emendaverit,
652 4372 672 4418 a
693 4357 807 4418 nostra
828 4356 897 4418 lra-

92 4453 256 4516 ternitate
275 4453 407 4529 penitus
431 4453 627 4529 expellatur.
644 4456 683 4515 nt
700 4469 815 4516 omnes
828 4454 898 4515 cle-

92 4550 197 4622 ricos,
228 4551 262 4612 et
289 4565 405 4611 omnes
429 4549 617 4625 religiosos,
634 4550 816 4612 habeamus
836 4567 896 4627 pro

93 4647 252 4725 dominis,
269 4648 304 4708 in
319 4647 373 4708 his
384 4663 458 4724 quae
468 4649 618 4724 spectant
630 4647 672 4710 ad
687 4648 817 4711 laudem
827 4649 897 4710 ani-

94 4761 172 4813 mae,
192 4746 260 4807 313
281 4746 395 4805 133113
420 4743 583 4819 religione
607 4744 838 4819 1311311311,
864 4747 897 4808 et

94 4842 263 4913 ordinem,
277 4844 310 4903 31
325 4841 471 4902 osticium
487 4857 613 4914 eorum,
631 4843 663 4904 et
676 4841 895 4905 administra·

92 4941 221 5001 tionem
259 4940 295 5000 in
326 4939 467 5000 Domino
487 4954 695 5000 veneremur.

382 5105 519 5166 CAPUT
545 5107 616 5166 XX.

91 5235 145 5294 Da
170 5231 387 5304 consessione
423 5230 588 5303 fratrum,
622 5231 655 5292 at
676 5231 898 5305 perceptione

132 5330 294 5401 corporis
304 5327 337 5388 et
347 5329 530 5402 sanatricis
539 5330 678 5388 hartrat
691 5327 804 5388 austri
814 5330 898 5390 Jasa

135 5425 280 5486 Christi.

132 5555 271 5617 Fratres
293 5553 471 5626 benedicti,
488 5555 554 5615 tam
571 5555 684 5616 clerici
695 5571 793 5632 quam
807 5555 896 5628 laici,

624 245 732 359 PARC
755 247 957 323 SECUNDA.
972 273 1015 292 -
1030 245 1225 310 REGULAE.

1686 247 1747 308 278

953 403 1175 468 confiteantur
1196 405 1331 483 peccata
1347 419 1407 466 sua
1423 403 1649 466 sacerdotibus
1663 417 1746 466 nos·
1803 391 1806 396 ’

953 503 1013 566 tras
1027 503 1213 578 religionis.
1230 499 1269 564 tat
1281 503 1309 562 si
1325 519 1389 563 non
1404 503 1552 579 possunt,
1565 502 1749 563 confitean-

952 601 1008 661 tur
1022 599 1097 660 aliis
1111 600 1264 661 discretis
1275 600 1308 661 et
1322 598 1495 662 catholicis
1507 597 1745 670 sacerdotibus,

953 697 1094 757 scientes
1121 697 1271 768 tirmiter,
1301 699 1334 758 et
1361 697 1583 768 attendentes,
1612 696 1698 774 quod
1727 709 1748 756 a
1808 740 1813 748 ,

953 793 1215 870 quibuscumque
1230 793 1456 855 sacerdotibus
1474 795 1665 871 acceperint
1676 809 1748 870 poe·

952 889 1128 952 nitentiam
1154 891 1188 952 et
1209 891 1462 963 absolutionem,
1485 891 1629 952 absoluti
1640 889 1748 952 'eruut

952 987 1168 1063 proculdubio
1193 987 1234 1048 ab
1258 987 1326 1048 illis
1353 988 1510 1066 peccatis,
1534 989 1563 1048 si
1583 988 1748 1064 13311131-

951 1084 1032 1145 tiam
1044 1083 1108 1145 sibi
1122 1084 1304 1162 injunctam
1315 1085 1569 1162 procuraverint
1577 1084 1748 1146 humiliter

952 1181 985 1243 et
1008 1181 1153 1244 lideliter
1175 1183 1363 1244 observare.
1386 1183 1420 1243 Si
1436 1197 1515 1243 vero
1534 1184 1613 1243 tuno
1634 1197 1749 1242 sacer-

952 1276 1061 1340 dotem
1083 1277 1207 1340 habere
1234 1295 1300 1340 non
1324 1279 1494 1356 poterunt,
1525 1277 1747 1339 confiteantur

952 1373 1048 1436 113111
1074 1391 1145 1448 suc,
1169 1373 1255 1438 sicut
1278 1375 1359 1438 dicit
1374 1375 1553 1453 Apostolus
1578 1374 1744 1437 Jacobus:

952 1473 1170 1545 Couhtemtat
1204 1475 1414 1535 atta-rutrum
1451 1473 1592 1548 paccata
1625 1473 1745 1533 cestra

952 1567 1092 1648 (Jacob,
1107 1587 1138 1643 v,
1156 1568 1219 1650 10).
1236 1571 1311 1632 Non
1325 1573 1437 1632 tamen
1450 1569 1491 1630 ob
1502 1569 1565 1631 hcc
1580 1567 1748 1632 dimittant

951 1682 1126 1728 recurrere
1150 1668 1191 1728 ad
1212 1668 1420 1744 sacerdotes;
1438 1667 1516 1744 quia
1536 1665 1681 1744 potestas
1696 1666 1743 1726 li-

951 1765 1052 1839 gandi
1074 1765 1173 1842 atque
1189 1765 1338 1826 solvendi
1353 1765 1434 1826 solis
1456 1763 1681 1826 sacerdotibus
1697 1767 1747 1826 est

951 1875 1119 1922 concessa.
1136 1862 1174 1923 ut
1189 1863 1237 1923 sic
1258 1862 1393 1923 contriti
1408 1863 1441 1923 et
1456 1859 1599 1923 confessi
1614 1859 1748 1923 sumant

951 1971 1071 2034 corpus
1096 1959 1129 2020 et
1155 1959 1350 2035 sauguinem
1375 1959 1506 2020 Domini
1535 1958 1641 2020 nostri
1667 1959 1747 2020 lesu
1838 1977 1844 1988 “

949 2055 1075 2118 Christi
1099 2072 1173 2117 cum
1189 2071 1310 2132 magna
1335 2055 1522 2118 humilitate
1547 2057 1579 2117 et
1604 2070 1748 2116 venera·

950 2153 1053 2226 tione,
1070 2153 1277 2216 attendentes
1287 2155 1372 2231 quod
1384 2155 1455 2230 ipse
1470 2153 1629 2215 Dominus
1644 2151 1746 2214 dicit:

951 2252 1014 2316 Oai
1023 2251 1488 2323 mandacatmaamcaraem,
1501 2252 1535 2312 et
1546 2251 1747 2311 bibitmeam

949 2346 1742 2426 saaaataemhaaetattamateraam(toan.,v1‚

950 2442 1016 2523 55),
1033 2445 1177 2506 31111133
1194 2446 1297 2520 facite
1316 2448 1354 2506 ta
1367 2459 1482 2508 meam
1496 2458 1747 2507 comrtamara-

952 2540 1216 2621 Carambucis,
1232 2557 1316 2614 xxn,
1330 2540 1394 2622 19).

1224 2755 1360 2816 CAPUT
1381 2755 1468 2815 XXI.

970 2889 1129 2948 Dalanda
1142 2888 1177 2948 et
1191 2887 1444 2956 adhortatione,
1460 2902 1564 2960 qaam
1577 2888 1723 2962 perstant

1143 2987 1260 3059 facere
1274 2999 1393 3046 omues
1406 2985 1549 3058 fratres.

992 3128 1031 3188 Et
1045 3125 1132 3187 hanc
1148 3125 1249 3187 talem
1271 3125 1538 3187 exhortationem
1558 3125 1591 3187 et
1610 3124 1742 3187 laudem

952 3239 1066 3285 omues
1081 3222 1203 3285 iratres
1224 3222 1302 3295 mei,
1317 3222 1590 3301 quandocumque
1602 3222 1743 3300 placue-

951 3320 1069 3394 ritate,
1086 3321 1287 3383 3111111313
1309 3321 1457 3400 possunt,
1482 3321 1514 3382 et
1536 3321 1626 3382 11131
1644 3336 1746 3398 quos·

952 3433 1092 3495 cumque
1117 3419 1280 3490 homines,
1303 3435 1377 3480 cum
1403 3417 1634 3480 benedictione
1663 3417 1745 3480 Dei:

950 3516 1076 3577 Timete
1091 3515 1308 3587 ethonorate,
1334 3515 1468 3578 laudate
1490 3517 1522 3578 et
1547 3515 1745 3578 benedicite.

951 3613 1083 3674 Gratias
1099 3612 1198 3688 agite,
1220 3614 1253 3675 et
1280 3613 1417 3674 adorate
1444 3615 1619 3674 Dominum
1641 3615 1745 3674 Deum

952 3708 1211 3785 omnipotentem
1236 3710 1271 3769 in
1300 3709 1449 3770 trinitate
1465 3710 1648 3778 etunitate,
1674 3712 1745 3770 Pa-

950 3807 1088 3877 trem,et
1100 3805 1232 3877 Filium,
1246 3808 1279 3867 et
1294 3805 1454 3882 Spiritum
1469 3807 1637 3878 Sanctum,
1649 3821 1748 3867 crea-

951 3903 1057 3965 torem
1073 3903 1232 3963 omnium.
1256 3903 1370 3963 Facite
1393 3903 1632 3979 poenitentiam,
1657 3903 1746 3979 agite

952 3999 1071 4076 dignos
1081 3998 1208 4060 fructus
1219 3999 1436 4074 poenitentiae,
1445 3999 1522 4076 quia
1533 3999 1650 4062 scitote
1660 3999 1746 4077 qnod

952 4097 1018 4157 cito
1032 4097 1224 4157 moriemur.
1236 4097 1329 4168 Date,
1339 4099 1372 4158 et
1382 4095 1514 4159 dabitur
1525 4097 1750 4170 vobis,dimit·

950 4193 1021 4266 tite,
1037 4195 1071 4254 et
1084 4193 1269 4255 dimittetur
1288 4191 1400 4267 vobis;
1418 4195 1451 4256 31
1465 4193 1494 4254 si
1514 4209 1580 4255 non
1604 4191 1747 4255 dimisc-

951 4291 1036 4362 ritis,
1056 4291 1215 4353 Dominus
1237 4305 1304 4352 non
1326 4289 1470 4353 dimittet
1492 4289 1586 4352 vobis
1608 4293 1746 4369 peccata

951 4391 1074 4450 vestra.
1091 4389 1185 4450 Beati
1200 4389 1257 4466 qui
1272 4388 1460 4452 moriuntur
1483 4389 1518 4450 in
1534 4390 1744 4466 paenitentia,

951 4487 1029 4564 qula
1052 4487 1150 4548 erunt
1163 4485 1198 4546 11
1214 4502 1318 4562 regno
1334 4487 1504 4548 coelorum.
1519 4489 1576 4547 Vae
1592 4487 1671 4559 illis,
1689 4487 1746 4563 qui

952 4598 1019 4644 non
1042 4583 1233 4645 moriuntur
1256 4584 1292 4644 in
1319 4584 1526 4660 paenitentia,
1549 4584 1627 4660 quia
1651 4585 1750 4646 eruut

953 4681 1014 4741 lilii
1029 4681 1164 4753 diaboli,
1178 4685 1275 4758 cujus
1290 4695 1392 4758 opera
1406 4679 1543 4751 iaciunt,
1558 4683 1590 4740 et
1605 4679 1699 4741 ibunt
1712 4681 1748 4740 in

952 4777 1065 4852 ignem
1093 4779 1266 4838 aeternum.
1295 4777 1416 4837 Cavete
1448 4777 1481 4837 et
1511 4775 1675 4838 abstinete
1704 4775 1747 4837 ab

954 4875 1045 4935 omni
1068 4876 1168 4948 malo,
1191 4877 1225 4936 et
1243 4875 1454 4950 perseverate
1477 4875 1631 4952 usquein
1646 4874 1746 4937 tlnem

953 4971 1096 5033 inbono.

1216 5095 1353 5156 CAPUT
1374 5095 1477 5156 ΧΧΙΙ.

1111 5231 1161 5290 Da
1172 5230 1406 5290 admoratttoaa
1422 5229 1588 5302 fratrum.

993 5360 1208 5422 Attendamus
1236 5377 1371 5433 omnes,
1402 5359 1534 5434 tratres,
1560 5363 1638 5439 quia
1668 5361 1750 5425 dicit

953 5459 1113 5518 Dominus
1128 5478 1135 5518 ι
1151 5460 1290 5534 Dtttatte
1305 5459 1628 5531 inimicas-castros,
1643 5463 1747 5522 haue-

953 5556 1057 5630 factte
1079 5559 1133 5618 hts
1153 5559 1211 5629 qut
1226 5557 1373 5618 aderaut
1392 5553 1608 5635 3331113111,
1624 5573 1658 5627 v,
1681 5555 1746 5636 14).
