4152 6388
115 223 177 286 mo
470 301 472 317 ἱ
681 221 1006 337 rnocnoouunt.
1028 251 1068 266 -
1088 221 1197 283 vnn.
1594 269 1595 274 a
1703 207 1761 292 leo
1883 281 1885 288 ,

153 383 192 442 ln
215 382 325 444 castro
350 381 456 444 Chore
478 379 641 444 Ostiensis
661 380 827 453 dioecesis,
856 381 910 444 vir
964 382 1035 444 tent
1060 383 1150 446 absit
1175 385 1333 460 ptotturt,
1349 385 1420 448 alst
1437 387 1476 446 tn
1497 399 1599 448 catice
1620 389 1761 452 Domini

110 479 248 558 quidam
261 479 310 540 sic
325 495 402 541 crus
417 494 460 541 ex
471 479 539 542 toto
550 479 750 556 perdiderat,
768 479 805 541 ut
816 477 908 541 nullo
963 481 1078 544 nostri
1101 483 1186 544 lesu
1209 483 1338 543 Christi
1358 479 1494 560 (Galat,
1519 499 1566 556 vr,
1593 483 1657 565 14).
1683 487 1759 548 Non

111 577 211 638 modo
227 577 394 654 progredi,
407 577 461 638 vel
475 592 609 639 movere
624 592 660 638 se
673 578 795 654 posset.
812 575 909 638 Posi·
963 578 1074 639 minus
1095 578 1197 639 etiam
1220 594 1299 640 vere
1320 578 1356 640 in
1381 581 1646 644 conversationis
1674 599 1757 662 pro-

110 675 165 735 tus
178 675 291 752 itaque
305 673 340 735 iu
354 675 508 750 angustia
521 674 721 746 vehementi,
737 674 771 736 et
782 674 908 735 auxilio
963 690 1083 752 gressu
1098 674 1221 736 addere
1233 676 1340 736 valuit
1356 698 1363 736 ε
1379 679 1587 753 Quicumque
1603 684 1692 742 hanc
1705 697 1760 742 rc·

111 772 308 850 desperatus
330 771 476 832 humano
498 772 621 850 :eoepit
640 774 739 834 nocte
753 771 906 850 quadam,
961 776 1078 847 putem
1099 771 1208 832 secuti
1230 767 1376 850 fuerim,
1400 788 1475 846 pam
1497 789 1604 848 super
1621 779 1706 848 titos,
1725 779 1760 840 et

110 871 197 932 acsi
220 870 418 948 praesentem
439 870 592 932 cerneret
616 872 652 930 B.
678 869 906 940 Franciscum,
961 870 1205 930 misericordie
1229 867 1345 947 (ibid,
1363 868 1428 948 lo).
1443 871 1626 934 verissime
1645 873 1758 939 autem

109 966 214 1030 talem
228 982 341 1029 coram
356 983 395 1028 eo
411 981 583 1028 assumere
598 966 772 1030 materiam
788 982 910 1044 quere·
962 965 998 1024 in
1013 965 1297 1028 consummatione
1319 968 1427 1043 potuit
1446 967 1655 1033 subinferre:
1670 973 1760 1048 stip-

110 1065 205 1126 landi
229 1085 237 1125 :
258 1064 387 1142 adjuva
408 1081 472 1136 me,
491 1066 523 1125 S.
549 1065 739 1134 Francisce‚
756 1063 908 1128 recolens
961 1065 1058 1123 mota
1073 1065 1308 1125 Dominilesa
1322 1066 1358 1124 itt
1379 1079 1525 1140 corpore
1545 1081 1622 1128 meo
1643 1070 1756 1142 porto.

110 1178 224 1224 meum
237 1162 421 1235 servitium,
439 1162 472 1224 et
485 1162 693 1224 devotionem
707 1161 909 1239 tibiimpen-
963 1157 1159 1240 (lbid.,17)»
1184 1161 1295 1223 Sedet
1315 1161 1399 1222 illud
1419 1179 1480 1224 nos
1495 1165 1642 1242 quotidie
1663 1165 1756 1228 desi-

110 1277 197 1323 sam.
220 1261 305 1320 Nam
316 1260 351 1319 iu
367 1259 462 1320 asino
484 1275 558 1320 meo
574 1262 604 1320 te
618 1259 759 1336 portavi,
775 1259 908 1321 sanctos
962 1258 1116 1322 decamus
1141 1259 1277 1336 abipso
1300 1260 1443 1322 audire:
1468 1261 1592 1323 Gratia
1618 1266 1759 1326 Domini

110 1359 214 1436 pedes
228 1361 314 1429 tuos,
331 1357 907 1430 etsanctasmanustuasosculatus
961 1358 1075 1418 nostri
1099 1360 1184 1420 lesu
1214 1359 1353 1426 Christi,
1378 1373 1458 1420 cum
1482 1360 1612 1434 spiritu
1638 1362 1756 1422 oestro
1872 1361 1879 1376 “

110 1456 174 1527 lui,
193 1454 394 1532 sempertihi
409 1454 560 1527 devotus,
576 1469 706 1532 semper
725 1451 907 1516 benevolus
960 1455 1103 1528 fraires.
1119 1457 1241 1516 Amen.
1255 1452 1365 1533 (ibid,
1384 1453 1450 1533 18.)

112 1553 223 1626 extiti,
240 1555 272 1616 et
289 1569 368 1614 ecce
380 1553 505 1614 morior
520 1552 645 1615 doloris
656 1552 756 1630 hujus
771 1552 908 1614 durissi-
1001 1549 1152 1612 oleriare
1168 1551 1348 1629 igiturjam
1363 1567 1481 1614 secure
1496 1554 1530 1614 iu
1550 1553 1659 1616 crucis
1678 1554 1756 1630 glo-

106 1669 164 1714 mo
177 1653 338 1713 cruciatu.
362 1651 422 1712 His
443 1651 595 1730 pulsatus
612 1651 769 1729 querelis,
795 1650 907 1713 statim
960 1648 1013 1709 ria
1040 1649 1176 1720 Christi,
1204 1648 1345 1726 signiter
1367 1649 1525 1726 gloriose,
1552 1652 1709 1728 quoniam
1737 1669 1756 1714 a

105 1750 217 1814 adfuit
237 1748 475 1811 beneficiorum
501 1765 637 1821 memor,
662 1749 695 1810 et
720 1747 907 1812 devotionis
961 1760 1060 1806 cruce
1084 1745 1263 1824 incipiens,
1279 1747 1461 1808 secundum
1481 1749 1755 1825 crucieregulam

105 1849 237 1926 gratus,
271 1848 305 1909 et
329 1847 481 1924 vigilanti
505 1847 579 1908 viro
611 1862 685 1907 cum
716 1862 781 1907 uno
804 1845 907 1908 tratre
960 1843 1163 1919 processisti,
1178 1844 1212 1905 et
1229 1845 1365 1906 taudem
1380 1845 1415 1906 in
1443 1860 1542 1906 eruce
1564 1847 1753 1922 perficiens,

109 1945 288 2024 apparuit;
314 1944 356 2006 ad
382 1946 591 2008 vocatiouem
620 1947 693 2020 ejus
714 1959 751 2004 se
774 1943 906 2004 venisse
961 1956 1019 2018 per
1042 1941 1151 2019 crucis
1175 1941 1402 2004 testimouium
1427 1945 1559 2020 quantae
1574 1943 1692 2020 gloriae
1709 1946 1756 2008 sis

106 2045 206 2115 dixit,
230 2046 263 2106 et
286 2042 403 2105 tulisse
429 2042 576 2104 remedia
603 2041 769 2103 sanitatis.
785 2041 907 2116 Tetigit
959 2039 1240 2111 incoelo,cunctis
1255 2039 1407 2102 fidelibus
1421 2041 1615 2102 innotescis.
1632 2043 1756 2103 Securo

106 2142 220 2204 locum
235 2140 361 2202 doloris
373 2155 447 2200 cum
465 2139 585 2201 baculo
601 2139 752 2215 parvulo,
780 2137 837 2215 qui
861 2137 905 2198 n-
956 2139 1026 2214 jam
1038 2139 1071 2199 te
1085 2147 1280 2216 sequantur,
1306 2140 1364 2216 qui
1383 2138 1509 2200 exeunt
1529 2153 1572 2201 ex
1583 2141 1754 2216 AEgypt0:

104 2255 227 2316 guram
249 2238 344 2300 Thau
362 2239 398 2299 in
413 2253 449 2300 se
472 2236 625 2308 habebat,
643 2238 676 2298 et
700 2235 804 2298 tracto
829 2251 907 2297 mox
959 2235 1038 2311 quia
1053 2251 1113 2312 per
1136 2235 1291 2297 baculum
1318 2236 1429 2298 crucis
1452 2235 1577 2296 Christi
1599 2237 1684 2298 mari
1699 2237 1755 2298 di-

106 2336 325 2415 apostemate,
361 2335 541 2413 perlectam
569 2333 687 2396 tribuit
716 2333 904 2394 sanitatem.
959 2332 1031 2393 viso
1060 2333 1193 2395 deserta
1219 2332 1419 2405 transibunt,
1448 2333 1485 2393 in
1519 2335 1756 2410 repromissam

107 2437 160 2508 nt,
190 2434 276 2513 quod
305 2433 494 2495 mirabilius
519 2433 580 2504 est,
610 2447 742 2493 sacrum
774 2430 905 2506 signum
959 2429 1142 2492 viventium
1175 2432 1312 2502 terram,
1353 2429 1499 2492 iordane
1541 2431 1756 2492 mortalitatis

106 2534 207 2594 Thau
228 2534 427 2610 impressum
448 2545 550 2608 super
577 2529 687 2592 locum
713 2529 822 2590 sanati
848 2527 905 2588 ul·
958 2529 1167 2601 transmisso,
1200 2545 1261 2606 per
1289 2527 1395 2608 ipsius
1423 2529 1533 2590 crucis
1566 2528 1755 2590 mirandam

105 2632 215 2704 ceris,
240 2631 281 2692 ad
305 2629 459 2691 miraculi
488 2628 684 2690 memoriam
715 2624 903 2702 dereliquit.
958 2625 1142 2702 potentiam
1164 2622 1361 2702 ingressuri.
1383 2628 1453 2698 Quo
1475 2641 1537 2688 nos
1563 2627 1755 2690 introducat
1826 2647 1829 2653 ·
1935 2609 1942 2619 ’

104 2732 180 2791 Ηοο
201 2729 297 2806 signo
321 2731 353 2790 S.
372 2727 572 2788 Franciscus
589 2741 667 2788 suas
687 2722 906 2800 consignabat
958 2739 1058 2785 verus
1098 2724 1212 2802 populi
1246 2723 1375 2792 ductor,
1403 2726 1436 2786 et
1469 2723 1625 2801 salvator
1655 2727 1754 2786 lesus

105 2828 260 2898 litteras,
284 2826 413 2904 quoties
440 2824 590 2886 caritatis
614 2838 716 2885 causa
745 2821 905 2898 scriptum
959 2821 1109 2884 Christus
1125 2820 1318 2894 crucifixus,
1331 2837 1391 2898 per
1404 2822 1525 2884 merita
1541 2821 1631 2883 servi
1645 2821 1755 2884 Fran-

104 2923 246 3002 aliquod
266 2922 440 2999 dirigebat.
936 2919 1051 2981 ¹cisci.
1074 2919 1122 2981 Ad
1147 2918 1281 2981 laudem
1305 2921 1339 2982 et
1356 2919 1499 2995 gloriam
1523 2918 1623 2981 unius
1637 2920 1697 2981 Dei
1720 2919 1754 2982 et

151 3021 215 3084 Sed
228 3037 316 3093 ecce,
333 3021 410 3080 dum
430 3035 489 3097 per
506 3019 639 3102 diversa
653 3016 817 3079 miracula
831 3014 905 3093 glo·
957 3017 1050 3090 trini,
1066 3017 1123 3094 qui
1137 3017 1220 3080 vivit
1231 3019 1264 3080 et
1277 3017 1395 3094 regnat
1407 3018 1442 3078 in
1457 3016 1582 3080 saecula
1606 3016 1751 3080 secum-

50 3189 53 3195 ,
103 3120 192 3182 riosi
220 3119 323 3196 patris
350 3117 532 3189 Francisci,
567 3132 661 3178 mens
698 3114 904 3176 narrationis
957 3131 1043 3177 rum.
1058 3117 1207 3176 Amem·
1327 3114 1339 3135 “

103 3218 273 3281 varietate
303 3217 461 3278 distracta
499 3215 667 3286 decurrit,
693 3213 905 3290 promerente

103 3317 185 3394 ipso
213 3315 322 3378 crucis
346 3313 491 3390 glorioso
513 3311 692 3390 signifero,
715 3311 903 3386 insignum

103 3414 228 3476 salutis
249 3412 354 3484 Thau,
380 3427 446 3473 non
477 3410 550 3474 sine
578 3410 691 3471 divina
720 3407 905 3470 directione
1217 3423 1489 3472 nnnrrnuulvruu

131 3511 275 3582 ervenit,
301 3510 339 3572 ut
370 3526 413 3571 ex
439 3509 502 3570 hoc
545 3507 687 3569 ossimus
716 3505 901 3574 advertere,
1105 3549 1110 3557 ,

103 3529 197 3688 guod
217 3610 304 3670 sicut
331 3623 415 3669 crux
442 3525 600 3667 militlanti
624 3605 698 3683 post
723 3603 901 3674 Christum,
1029 3567 1084 3626 AD
1110 3565 1243 3625 VITAM
1278 3563 1428 3624 SANCTI
1456 3561 1679 3624 FRANCISOE

102 3708 172 3770 fuit
192 3705 379 3768 sublimitas
402 3704 513 3766 meriti
540 3703 583 3764 ad
612 3703 771 3772 salutem,
794 3700 843 3761 sic
871 3700 907 3761 et
1087 3709 1621 3776 auxtaedtionamrdeuamysticat).

101 3803 327 3881 triumphanti
351 3818 425 3864 cum
448 3800 591 3872 Christo,
616 3799 704 3861 sacta
728 3800 779 3859 est
793 3796 902 3858 tirmi-

99 3904 158 3966 tas
185 3901 366 3964 testimonii
400 3899 441 3961 ad
470 3899 644 3960 honorem.
674 3899 745 3957 Hoc
782 3895 903 3972 quippe
996 3888 1021 3948 l.
1050 3887 1079 3947 A
1106 3883 1240 3946 civitate
1260 3881 1401 3944 Reatina
1423 3879 1517 3943 venit
1539 3878 1746 3963 [Gregorius]

102 3999 217 4063 crucis
241 3997 438 4075 mysterium·
459 4011 616 4072 magnum
646 3995 679 4056 et
705 3992 837 4064 mirum,
867 3992 903 4052 in
958 3983 1139 4061 Spoletum,
1156 3996 1235 4040 mcx
1258 3977 1423 4042 assisium
1448 3978 1591 4040 visitatis
1606 3979 1699 4055 prius
1715 3983 1748 4042 S.

102 4113 174 4178 quo
200 4083 402 4158 charismata
424 4094 619 4172 gratiarum,
637 4093 670 4155 et
685 4091 807 4152 merita
828 4089 902 4151 vir·
956 4081 1052 4143 Clara
1066 4080 1099 4142 et
1119 4075 1365 4148 consodalibus,
1383 4091 1455 4153 quae
1466 4077 1562 4138 extra
1576 4076 1692 4138 urbem
1704 4077 1747 4138 ad

101 4199 227 4267 tutum,
240 4195 273 4256 et
284 4193 433 4256 thesauri
447 4191 620 4268 sapientiae
633 4188 822 4252 etscieutiae
834 4187 903 4248 tam
957 4181 990 4242 S.
1004 4177 1203 4240 Damianum
1218 4173 1413 4252 quotidiano
1434 4173 1513 4234 boni
1533 4174 1679 4235 nominis
1693 4176 1748 4235 in·

102 4294 176 4356 alta
189 4290 414 4370 profunditate
439 4289 604 4361 velantur,
628 4287 665 4350 ut
688 4283 837 4347 emundi
852 4299 904 4345 sa·
956 4277 1124 4340 cremento
1150 4274 1264 4334 sancte
1291 4271 1458 4333 vivebant.
1482 4271 1603 4332 Nullus
1630 4271 1750 4334 harum

101 4389 274 4470 pientihus
298 4389 331 4451 et
350 4385 567 4466 prudentibus
581 4385 626 4453 stt
644 4384 820 4455 occultum,
833 4383 902 4444 tam
955 4374 1122 4451 virginum
1142 4368 1397 4432 sanctimoniam
1417 4369 1523 4444 magis
1539 4369 1748 4445 perspectam

103 4489 205 4567 plene
227 4487 290 4550 suit
313 4486 392 4548 huic
414 4482 538 4545 Christi
550 4483 691 4560 parvulo
705 4479 901 4562 revelatum,
956 4471 1227 4550 exploratamque
1242 4466 1359 4528 habuit
1370 4466 1406 4526 in
1421 4466 1494 4542 ipso
1504 4466 1675 4542 pontifice,
1692 4467 1749 4544 qui

102 4585 143 4646 ut
156 4583 264 4646 omnis
284 4584 353 4644 vita
374 4582 491 4658 ipsius,
508 4579 653 4642 nonnisi
668 4577 778 4640 crucis
792 4575 900 4638 vesti·
954 4570 991 4630 in
1004 4566 1214 4630 cardinalatu
1222 4567 1337 4626 earum
1347 4563 1566 4639 pretectorem
1576 4562 1655 4638 egit,
1669 4578 1750 4624 con-

101 4683 162 4759 gia
185 4680 395 4758 sequeretur,
411 4694 478 4739 non
491 4677 557 4746 nisi
571 4675 680 4738 crucis
693 4675 902 4735 dulcedinem
956 4667 1043 4738 silic,
1070 4680 1108 4726 re
1133 4661 1360 4732 familiari‚·et
1384 4659 1548 4736 singulari
1574 4658 1626 4719 eis
1643 4658 1749 4721 adluit

101 4780 250 4856 saperet,
273 4793 340 4840 non
362 4776 427 4836 nisi
442 4775 552 4836 crucis
574 4773 716 4850 gloriam
730 4770 900 4848 praedica-
954 4761 1151 4848 patroc‘inio.
1186 4758 1361 4820 Protraeto
1394 4753 1555 4818 familiari
1580 4755 1748 4832 colloquio

101 4879 168 4940 ret.
184 4879 270 4938 Vere
284 4889 426 4951 namque
439 4873 557 4934 iusuae
569 4869 798 4932 conversionis
812 4867 901 4945 prin·
954 4877 1030 4922 cum
1059 4855 1262 4937 primicaeria
1286 4853 1383 4914 Clara
1404 4851 1538 4914 andem
1563 4851 1747 4930 subjunxit,

102 4973 195 5051 cipio
209 4971 320 5034 dicere
333 4985 408 5032 curn
421 4967 579 5046 Apostolc
592 4966 700 5046 potuit
716 4985 724 5026 t
740 4967 826 5026 Mihi
836 4980 901 5026 att-
954 4974 1027 5020 eam
1038 4956 1172 5036 propter
1182 4951 1331 5031 pericula
1344 4952 1538 5027 temporum,
1556 4951 1589 5012 et
1608 4951 1747 5012 eventus

103 5133 167 5214 tati.
188 5127 355 5214 Chordaque
370 5127 448 5184 illum
459 5126 643 5198 succingens,
656 5123 722 5196 quia
735 5123 798 5204 siue
812 5116 897 5204 chor·
953 5109 1210 5198 tionisuindustrla,
1241 5109 1394 5166 vivacitate
1419 5119 1558 5164 senscurn
1567 5114 1596 5164 et
1620 5107 1744 5180 loquela,

103 5203 140 5260 da
164 5199 273 5264 scebat,
288 5197 401 5257 dixitad
413 5212 479 5254 eum
493 5213 500 5254 :
516 5197 642 5269 surgens
650 5195 802 5252 ecelesiam
812 5199 898 5257 intra,
952 5186 1104 5245 eeclesiam
1123 5195 1273 5264 ingressus
1291 5193 1356 5262 curn
1376 5178 1464 5234 multa
1477 5175 1595 5234 tracum
1611 5184 1639 5259 et
1652 5193 1744 5236 saeu-

102 5281 135 5330 ut
150 5217 249 5329 faudes
259 5272 319 5328 Deo
333 5268 445 5328 debitas
456 5282 523 5324 cunr
537 5265 670 5324 iratribus
680 5263 900 5322 devotusexsol-
952 5259 1053 5316 larium
1069 5253 1266 5326 admiratione,
1282 5265 1330 5322 qur
1344 5256 1412 5306 tunc
1427 5248 1557 5316 aderaut,
1570 5256 1599 5304 et
1610 5263 1746 5320 puvenern

103 5357 167 5401 vas.
184 5340 392 5410 Qubusdictis
405 5353 470 5396 curn
481 5351 551 5410 puer
561 5337 655 5410 ipsum
670 5336 803 5393 manibus
814 5334 900 5391 vellet
953 5327 1139 5453 perehticum
1152 5323 1281 5381 videraut
1296 5327 1324 5377 et
1337 5328 1490 5384 amentem,
1501 5315 1632 5378 laudibus
1642 5317 1746 5376 divinis

103 5412 286 5487 contingere,
302 5418 331 5469 et
351 5409 455 5482 pedum
475 5409 537 5481 ejus
551 5402 709 5466 deosculari
722 5405 855 5478 vestigia,
867 5411 899 5460 ut
952 5405 1025 5456 tuter
1038 5399 1078 5454 uit
1092 5411 1101 5455 τ
1113 5403 1141 5478 et
1155 5407 1205 5478 per
1220 5391 1349 5474 ordinem
1368 5398 1484 5472 narructo
1502 5389 1651 5474 miraculo,
1668 5387 1741 5446 mul·

142 5480 395 5565 adasageretzub
408 5481 471 5552 ejus
481 5485 598 5552 aspectu
612 5480 642 5536 Β.
655 5484 735 5550 pater
750 5475 896 5533 abscessit
952 5477 996 5527 tes
1018 5467 1057 5526 ad
1075 5467 1179 5526 Christi
1197 5471 1227 5525 et
1246 5463 1321 5522 nean
1338 5463 1482 5520 Francrscr
1501 5459 1683 5518 devotionem
1700 5471 1745 5516 ue

104 5499 142 5612 {t
159 5553 273 5626 iuvenis
291 5559 456 5624 recuperata
476 5549 598 5608 sanitate
616 5547 753 5620 corporis,
769 5560 834 5604 cum
849 5560 895 5603 ra·
951 5537 1056 5621 cendit.
