4226 6406
751 329 783 390 s.
807 327 1028 390 nannetem
1054 328 1282 388 assrsmnrs
1308 301 1538 392 oruscuuu.

291 327 302 360 ¹
321 333 381 396 tta
1906 337 1967 397 444

317 491 397 548 nobis
414 489 574 548 colluctatio
597 489 733 546 aduersus
751 501 870 546 earnem
892 490 917 542 et
937 485 1112 557 sanquinem,
1169 487 1198 544 in
1210 487 1262 544 Dei
1279 486 1387 560 judicio
1399 487 1519 545 reddere
1532 488 1711 548 strictissime
1725 500 1877 566 cogentur.
1891 493 1964 552 Sub·

317 581 367 637 aed
377 580 513 636 aucerre
519 578 661 647 principer
670 581 696 634 et
708 581 865 646 potestates.
876 573 994 648 (Ephes.
1006 589 1044 642 ιι,
1056 573 1112 646 li.)
1169 573 1242 634 dites
1263 591 1298 632 eo
1320 576 1405 633 modo
1427 583 1557 646 tractent,
1579 593 1636 649 quo
1661 583 1834 653 semetipsos
1852 591 1967 654 curant,

322 671 354 727 ln
373 667 447 724 bello
463 674 512 724 aut
534 666 630 738 praelio
643 664 814 738 quandoque
836 663 973 722 militibus
993 677 1112 735 corpora
1169 673 1196 721 et
1211 664 1328 722 eosdem
1346 681 1377 723 se
1397 665 1542 740 praebeant
1561 667 1676 726 sibimet
1694 675 1722 726 et
1743 669 1875 730 subditis.
1893 675 1965 730 Pec-

319 754 503 824 refocillandi,
517 769 595 812 arma
607 753 780 827 deponendi,
795 768 810 810 e
827 753 972 810 laboribus
983 751 1112 818 feriandi,
1169 753 1313 811 caloribus
1341 753 1376 811 de
1405 757 1529 828 peccatis
1554 757 1692 827 poenitere
1721 761 1850 833 praecipit
1880 763 1968 832 Deus,

318 852 347 902 et
359 844 461 901 virium
485 842 703 916 repetendarum
727 849 840 914 tempus
863 840 1038 910 conceditur,
1061 854 1115 898 uec
1170 849 1197 900 et
1215 857 1250 900 ea
1270 843 1394 900 veridica
1413 843 1594 902 confessione
1613 845 1739 918 paudere
1756 847 1966 918 sacerdotibus,

318 931 429 990 subdio
445 939 492 990 aut
507 933 572 989 coeli
585 931 769 989 inclementia
792 938 958 1002 pernectare
975 929 1004 987 in
1019 928 1115 986 hieme
1170 945 1242 1002 quos
1256 937 1374 1002 peccato
1390 931 1564 1004 redarguere
1579 932 1670 1002 decet,
1692 942 1720 991 et
1734 943 1904 1007 peccatores
1918 951 1969 1009 per

318 1021 540 1094 compelluntur3
563 1021 622 1078 imo
640 1019 781 1078 subtecto
800 1017 981 1085 hibernandi,
998 1019 1027 1074 in
1042 1018 1111 1074 civi·
1170 1019 1368 1091 poenitentiam
1382 1019 1418 1077 ad
1434 1022 1567 1079 virtutem
1583 1021 1728 1080 reducere.
1752 1026 1869 1082 Hortari
1881 1027 1968 1084 etiam

317 1109 424 1168 tatibus
438 1107 634 1166 commorandi
648 1108 737 1166 libera
757 1107 900 1180 prabetur
912 1105 1042 1165 facultas.
1059 1105 1114 1164 Sed

317 1199 391 1257 inter
403 1199 589 1256 colluctantes
604 1204 670 1254 tunc
692 1197 830 1254 salumin
849 1196 1005 1254 luctamine
1023 1195 1114 1266 respi-

316 1303 382 1346 rare
396 1286 502 1352 licebit,
521 1285 636 1358 quando
656 1300 714 1342 uno
729 1287 815 1354 victo,
836 1292 865 1342 et
886 1285 914 1341 in
934 1292 1040 1342 terram
1057 1283 1114 1341 col-

317 1375 382 1446 liso,
403 1375 474 1434 alter
491 1373 680 1448 triumphator
701 1373 838 1432 abscedit.
865 1375 1034 1432 Nostrorum
1059 1372 1114 1428 ini·

317 1465 456 1522 micorum
471 1464 546 1522 lucta
565 1477 722 1535 numquam
739 1469 833 1520 cessat
853 1479 860 1520 :
884 1462 968 1520 luctae
988 1468 1114 1534 tempus,

317 1561 431 1627 tempus
451 1560 494 1610 est
517 1553 601 1622 vite3
620 1551 687 1608 finis
707 1549 834 1620 vivendi,
858 1549 1040 1622 requisierit
1059 1549 1113 1606 ini·

317 1642 400 1712 tium,
420 1648 449 1698 et
464 1641 556 1699 solum
576 1647 641 1712 post
665 1648 785 1698 mortem
802 1640 914 1697 daemon
932 1640 1052 1697 luctator
1068 1652 1112 1694 re-

316 1729 409 1800 cedet,
433 1730 480 1803 qui
500 1731 529 1786 in
549 1730 611 1802 ipsa
634 1738 725 1786 morte
749 1727 849 1786 fortius
873 1743 926 1785 nos
949 1736 1116 1800 posternere

318 1819 442 1877 molitur.
464 1819 616 1876 Dominum
632 1832 702 1892 ergo
719 1817 886 1890 suppliciter
900 1829 1062 1884 exoremus,
1084 1822 1117 1872 ut

318 1923 369 1966 sua
383 1909 475 1982 gratia
492 1922 545 1964 nos
562 1913 705 1980 protegat,
721 1913 749 1964 et
764 1905 793 1962 iu
814 1906 901 1964 tantis
916 1905 1049 1977 periculis
1064 1903 1117 1962 rni-

317 1995 498 2056 scricorditer
514 1996 549 2054 ab
560 1995 643 2054 boste
653 1993 796 2052 defendat.
813 1993 892 2052 Nihil
908 1993 992 2066 (proh
1006 1992 1115 2066 dolori)

316 2085 409 2145 viliori
424 2085 525 2158 pretio,
542 2098 627 2156 quarn
643 2083 798 2155 pretiosam
811 2089 1027 2140 commutamur
1049 2081 1112 2138 ani-

320 2189 408 2234 marn.
424 2175 505 2232 Illam
521 2185 700 2244 quacumque
714 2172 759 2229 vel
777 2171 834 2228 levi
851 2171 1005 2229 occasions
1025 2171 1055 2227 in
1068 2185 1118 2242 ge·

318 2261 446 2320 hennam
467 2261 660 2331 detrudimus3
679 2268 707 2318 et
726 2274 825 2332 parva,
841 2260 887 2316 vel
909 2259 1027 2317 minima
1040 2273 1114 2316 mer·

317 2350 399 2422 cede,
410 2349 604 2410 inaestimabili
620 2350 672 2408 Dei
687 2350 779 2423 gratia
793 2349 960 2422 spoliamus.

532 2553 654 2613 sunnio
677 2553 864 2612 SEPTIMUS.

495 2669 537 2726 De
559 2669 735 2727 sacedotum
758 2667 933 2740 oblipalr'one.

353 2805 452 2862 Patres
475 2799 636 2868 reverendi,
657 2801 709 2859 Del
735 2799 889 2859 familiares
914 2806 942 2858 et
966 2798 1117 2857 domestici

319 2894 398 2962 estis,
420 2899 450 2949 et
468 2891 543 2948 illins
561 2904 635 2963 pane
649 2888 810 2958 vescimini,
826 2896 951 2946 vestram
969 2890 1117 2962 agnoscite

318 2980 496 3055 dignitatem.
540 2979 729 3037 Deuotionem
758 2977 906 3052 prefecto,
944 2976 1119 3049 contempla·

317 3071 387 3129 tioni
398 3070 529 3128 insistite.
546 3069 665 3141 Spiritus
680 3073 797 3126 sanctus
810 3067 847 3124 sit
861 3067 948 3125 vestri
963 3067 1059 3126 lumen
1072 3066 1114 3122 in-

318 3161 456 3228 tellectus,
470 3165 573 3216 vestrae
587 3157 703 3214 flamma
715 3157 876 3215 voluntatis.
894 3158 1080 3213 Perseverate
1088 3155 1117 3212 in

319 3247 504 3306 observantia
526 3247 639 3302 illorum
660 3261 725 3318 ques
739 3246 859 3302 Domino
874 3244 1052 3316 promisistis,
1064 3257 1118 3299 nec

318 3336 354 3396 ad
375 3351 409 3393 sa
437 3351 501 3408 quae
529 3335 695 3406 reliquistis,
712 3342 786 3391 retro
805 3333 978 3405 gradiemini
999 3331 1118 3404 pedibus

212 3442 216 3459 ι
318 3425 364 3482 vel
390 3423 504 3482 ellectu.
543 3423 737 3480 Ambitioaem
762 3421 862 3494 fugite,
889 3421 1118 3495 superioritatem

318 3514 392 3571 inter
418 3512 520 3570 fratres
545 3519 655 3568 carate.
683 3509 896 3580 Recordamini,
915 3509 991 3581 qnod
1019 3509 1118 3580 quiin

311 3601 459 3660 inlinitum
482 3601 617 3658 homines
635 3599 769 3672 praecedit
793 3605 822 3655 et
847 3598 976 3672 angelos,
992 3598 1021 3654 in
1042 3596 1119 3654 bunc

316 3690 455 3748 mundum
474 3688 664 3757 descendens,
687 3702 744 3745 nou
767 3688 859 3745 solum
875 3686 1004 3760 angelis,
1020 3684 1072 3742 sed
1090 3693 1119 3743 et

316 3777 481 3836 bominibus
504 3776 621 3835 inferior
645 3779 724 3834 visus
743 3785 797 3846 est,
810 3775 1001 3848 omnibusque
1015 3789 1048 3832 se
1062 3775 1116 3832 mi·

316 3883 416 3926 norem
435 3867 545 3936 dicens,
566 3867 605 3924 ait
619 3883 626 3924 ε
640 3867 704 3924 Nou
726 3866 792 3922 veni
807 3865 978 3928 ministrari.
994 3863 1045 3920 sed
1062 3864 1118 3920 rni-

317 3957 439 4016 nistrare
456 3956 547 4030 (llatt.
564 3971 611 4024 xx,
627 3955 685 4028 28).
707 3956 783 4024 Quos
805 3954 833 4010 in
857 3953 990 4025 praelatos
1012 3952 1119 4010 assumi

318 4045 489 4118 contigerit,
515 4057 572 4100 non
594 4041 715 4115 superbe
739 4043 880 4114 imperent
899 4039 1019 4098 subditis
1046 4048 1118 4098 tenr-

213 4118 216 4124 ’
318 4147 404 4205 quam
424 4131 532 4189 domini
554 4131 605 4204 (ll,
627 4129 679 4187 sed
700 4129 845 4187 humiliter
866 4129 1023 4202 corrigant,
1045 4129 1120 4185 sient

319 4234 404 4286 veros
423 4218 506 4276 decet
524 4219 680 4276 ministros.
693 4217 918 4276 Necessitatibus
931 4217 1042 4275 illorum
1057 4217 1118 4289 qui·

317 4307 495 4382 buscumque
507 4307 675 4380 provideant
689 4323 695 4364 :
713 4320 823 4380 magna
834 4307 871 4364 sit
885 4321 952 4364 cura
967 4307 1043 4364 eirca
1056 4320 1118 4363 cor-

319 4397 444 4470 porales,
461 4395 553 4468 maior
571 4402 667 4454 autem
680 4395 755 4452 circa
776 4395 949 4468 spirituales.
963 4394 1119 4452 Advertaut

318 4476 395 4560 quo'd
418 4493 484 4544 sunt
511 4490 641 4560 pastores
665 4483 825 4542 animarum
851 4484 903 4540 sibl
928 4482 1117 4552 subditorum,

317 4589 448 4649 quarum,
474 4572 632 4631 seeundum
657 4573 825 4646 Apostolum
846 4571 943 4646 (fieb,
971 4585 1031 4641 xrn,
1062 4573 1117 4644 17),

319 4665 417 4722 stricto
432 4661 524 4722 ludici
537 4663 677 4720 rationem
693 4668 761 4719 sunt
774 4659 921 4717 reddituri.
938 4659 1039 4718 Ovlurn
1052 4675 1116 4731 pas·

318 4760 406 4823 tores,
418 4753 442 4809 si
454 4767 508 4823 qua
522 4749 696 4824 deperditur,
712 4755 760 4806 aut
772 4747 880 4821 frigore
893 4748 978 4820 perit,
995 4747 1120 4805 dominis

320 4841 380 4898 suis
408 4839 510 4897 callide
542 4837 731 4906 satisfaciunt,
766 4835 834 4894 dum
862 4845 980 4894 mortue
1015 4837 1119 4908 pellem

321 4926 484 4986 ostendunt.
501 4928 670 4985 Animarum
687 4941 755 4982 vero
773 4932 903 4997 pastores
922 4939 979 4982 nou
1000 4939 1051 4998 pro
1066 4939 1119 4982 ova

322 5015 436 5088 pellem,
459 5014 509 5072 sed
522 5015 624 5087 pellem
640 5029 691 5090 pro
713 5014 803 5087 pelle,
817 5013 943 5071 animam
957 5027 1008 5086 pro
1023 5013 1119 5071 aalma

356 5163 397 5234 (ll
411 5161 483 5222 Vide
497 5164 606 5228 collat..
624 5165 668 5222 26.

286 5268 296 5285 .
359 5235 401 5306 (ι)
422 5235 617 5306 lleg.‚rnx‚8.

358 5306 400 5376 (3)
419 5304 591 5376 Opusculum
614 5303 672 5360 hoc
690 5302 719 5360 iu
736 5304 829 5362 lacera
850 5312 880 5361 et
893 5309 1005 5362 vetusta
1020 5301 1118 5360 charta

324 5382 510 5451 pergamenis
534 5373 603 5430 milri
626 5375 751 5431 occurrit
774 5389 809 5432 eo
830 5373 925 5442 modo,
947 5389 1003 5446 quo
1025 5381 1117 5430 trans·

322 5448 419 5578 stati
436 5444 996 5576 ll..llbltttnltuunfttttt
1017 5445 1116 5575 int·

391 5535 399 5575 ι
934 5560 939 5572 .
991 5556 1000 5581 ,
1112 5547 1118 5558 ·

322 5587 575 5654 simillimorum,
597 5593 626 5641 et
645 5585 709 5641 aliis
731 5587 851 5644 vetustis
874 5584 1020 5642 codicibus
1039 5587 1120 5642 aliter

323 5660 456 5732 lrabctur;
481 5657 641 5729 saepiusque
663 5657 751 5726 ipsius
774 5657 915 5712 francisci
936 5663 963 5714 ot
979 5657 1009 5714 it.
1031 5657 1118 5716 Clnrae

1170 1107 1273 1166 debent
1289 1109 1461 1181 poenitentes
1475 1109 1510 1166 ad
1533 1108 1711 1182 frequentem
1729 1127 1830 1170 eorum
1851 1113 1965 1172 confes-

1170 1197 1292 1266 sionem,
1303 1206 1332 1255 et
1346 1198 1560 1256 sanctissimam
1575 1200 1678 1258 Christi
1690 1201 1823 1273 Corporis
1834 1217 1965 1260 wmaru-

1171 1287 1295 1343 nionem.
1313 1287 1342 1344 Si
1361 1287 1440 1344 euim
1461 1287 1509 1345 hic
1524 1288 1605 1346 cibus
1623 1295 1667 1346 est
1686 1291 1801 1360 anime,
1824 1293 1888 1348 sine
1913 1307 1968 1365 quo

1170 1373 1289 1446 languet
1297 1382 1327 1432 et
1336 1377 1497 1446 marcescit,
1510 1391 1561 1434 eur
1571 1391 1628 1435 non
1639 1378 1766 1450 quotidie
1778 1378 1814 1436 ad
1824 1395 1967 1450 mensam,

1170 1464 1199 1519 in
1220 1477 1277 1535 quo
1298 1466 1464 1537 proponitur
1478 1469 1600 1536 cunctis,
1614 1468 1709 1525 cuncti
1724 1467 1825 1526 sedere
1840 1475 1869 1525 et
1889 1483 1967 1526 man-

1170 1550 1275 1609 ducare
1289 1552 1475 1612 desideranti
1489 1557 1540 1624 Qui
1554 1557 1665 1614 itineris
1680 1556 1815 1630 fatigatur
1825 1557 1966 1628 molestia,

1171 1637 1234 1709 plus
1253 1638 1309 1695 eibi
1331 1639 1442 1712 indiget
1466 1640 1626 1713 refrigerio.
1652 1643 1682 1699 Si
1702 1655 1774 1716 ergo
1796 1657 1900 1700 omnes
1913 1644 1969 1701 ria·

1172 1732 1249 1784 tores
1271 1742 1381 1798 sumus,
1399 1735 1428 1786 et
1448 1729 1485 1786 ad
1509 1730 1630 1801 patriam
1651 1732 1810 1804 pergimus,
1835 1747 1888 1789 cur
1903 1747 1966 1804 pre·

1171 1816 1245 1872 tioso
1259 1823 1288 1872 et
1302 1815 1486 1889 sapidissime
1504 1819 1568 1876 cibo
1587 1817 1741 1877 confortari
1766 1835 1823 1876 non
1848 1829 1965 1893 appeta-

1171 1905 1255 1962 mus?
1270 1906 1347 1962 Elias
1362 1904 1440 1964 lrunc
1461 1907 1489 1964 in
1505 1906 1596 1981 ligura
1614 1908 1798 1980 comedint),
1821 1918 1850 1967 et
1866 1910 1965 1968 ambu-

1171 1991 1241 2050 lavit
1259 1993 1464 2052 infortitudine
1483 1997 1567 2054 illius.
1590 1997 1618 2054 Si
1634 1997 1740 2071 sepius
1757 1998 1834 2057 hunc
1849 2014 1966 2072 panem,

1171 2082 1245 2139 sicut
1258 2081 1352 2151 decet,
1368 2099 1559 2154 sumeremus,
1572 2087 1667 2160 magis
1680 2088 1709 2143 in
1722 2087 1768 2144 via
1783 2089 1896 2146 virtutis
1908 2104 1969 2162 pro

1172 2170 1333 2240 llceremus,
1356 2171 1437 2230 etad
1463 2174 1637 2232 destinatam
1664 2175 1746 2233 nobis
1772 2178 1894 2250 patriam
1921 2193 1967 2234 ro·

1171 2258 1281 2318 bustius
1293 2275 1489 2334 pergeremus.

1549 2507 1589 2594 ΙΙ

1200 2673 1281 2734 SEX
1301 2673 1546 2736 PRAECIPUAE
1570 2675 1779 2738 RATIONES
1802 2680 1946 2750 Quane

1172 2819 1801 2872 nauscerruusuaxrnusnacrcronnu
1812 2825 1970 2874 minonem

1272 2919 1342 2966 sus
1363 2919 1588 2966 concusseris
1608 2921 1775 2969 sccuesns
1798 2907 1860 2990 (3).

1209 3063 1322 3119 Fratres
1337 3061 1461 3120 llinores
1473 3061 1531 3120 dati
1546 3071 1574 3120 et
1587 3065 1680 3121 vocati
1700 3072 1767 3122 sunt
1786 3080 1801 3122 a
1817 3069 1891 3136 Deo,
1901 3083 1970 3142 pre·

1171 3152 1256 3224 cipue
1274 3156 1306 3208 ut
1320 3160 1527 3223 repraesentent
1538 3152 1680 3212 Christum
1691 3156 1787 3212 lesum
1813 3157 1970 3214 Dominum

1173 3247 1317 3298 nostrum:
1333 3248 1362 3297 et
1383 3246 1460 3297 tanta
1475 3241 1565 3313 ipsius
1580 3241 1730 3312 beneficia,
1750 3251 1848 3301 tunca
1864 3245 1971 3303 mundo

1173 3329 1253 3402 quasi
1274 3328 1360 3385 oblite
1378 3336 1407 3385 et
1425 3337 1597 3403 contempta,
1620 3332 1666 3388 vel
1686 3333 1828 3404 neglecta,
1856 3333 1884 3389 in
1907 3349 1968 3391 me·

1173 3419 1293 3474 moriam
1314 3417 1534 3475 christianorum
1553 3419 1701 3477 reducant.
1726 3423 1761 3478 Et
1778 3421 1969 3494 propterlraec

1173 3507 1209 3563 ab
1220 3509 1281 3578 ipso
1295 3507 1367 3564 Filio
1381 3508 1503 3565 Domino
1518 3514 1617 3564 nostro
1626 3511 1694 3566 Jesu
1708 3509 1819 3567 Christo
1835 3511 1970 3582 postulati

1173 3603 1238 3653 sunt
1254 3609 1269 3653 a
1285 3599 1345 3653 beo
1362 3598 1444 3653 Patre
1456 3609 1508 3654 suo
1518 3595 1570 3670 (l).

1210 3686 1235 3740 1.
1257 3687 1291 3742 Et
1308 3685 1403 3741 Primo
1422 3684 1480 3741 deti
1503 3691 1579 3754 sunt,
1604 3692 1634 3742 ut
1657 3685 1745 3743 verbo
1764 3693 1793 3744 et
1817 3685 1893 3745 facto
1912 3688 1971 3745 sint

1172 3779 1260 3829 testes
1274 3780 1304 3829 et
1317 3773 1474 3830 imitatores
1491 3774 1626 3847 praecipui
1646 3789 1706 3832 suae
1728 3776 1875 3834 altissime
1898 3793 1967 3849 pau·

1174 3862 1301 3934 pertalis,
1323 3876 1372 3933 per
1392 3861 1586 3918 omnimodam
1609 3861 1819 3920 abdicationem
1846 3866 1971 3937 proprie·

1173 3949 1249 4016 tatis,
1265 3957 1294 4006 et
1308 3949 1443 4007 indebite
1462 3949 1633 4019 affectionis,
1654 3967 1688 4009 ac
1703 3967 1859 4025 pauperem
1872 3961 1902 4010 et
1915 3953 1970 4012 hu·

1174 4038 1269 4096 milem
1294 4053 1377 4095 usum
1396 4053 1492 4096 rerum
1516 4039 1645 4097 omnium
1669 4041 1970 4115 temporaliumque

1173 4135 1280 4184 sanctae
1294 4125 1468 4199 paupertatis
1479 4127 1568 4184 virtus
1581 4135 1610 4184 et
1621 4127 1752 4197 allectus,
1768 4131 1851 4201 quasi
1864 4130 1900 4186 ab
1912 4146 1971 4188 our·

1174 4214 1256 4272 nibus
1270 4213 1375 4288 ubique
1398 4213 1510 4274 deserta
1530 4223 1559 4274 st
1582 4215 1729 4288 repudiata
1752 4232 1787 4275 ec
1805 4226 1970 4292 contempta

1173 4301 1332 4372 videbatur,
1344 4301 1415 4360 adeo
1431 4303 1507 4376 quod
1519 4304 1642 4377 amplius
1657 4319 1715 4364 non
1730 4305 1904 4377 inveniebat,
1919 4307 1969 4365 ubi

1174 4391 1298 4464 perfecte
1313 4399 1341 4449 et
1355 4391 1467 4466 integre
1482 4393 1674 4466 requiesceret
1687 4409 1739 4467 pes
1750 4393 1824 4468 ejus.

1209 4482 1235 4539 ι.
1257 4479 1398 4550 Secundo,
1414 4489 1444 4539 ut
1458 4481 1546 4540 verbo
1559 4489 1587 4540 et
1602 4481 1676 4540 facto
1688 4483 1746 4540 sint
1759 4490 1848 4542 testes
1859 4492 1889 4542 et
1903 4485 1967 4541 imi-

1173 4574 1280 4626 tatores
1295 4583 1355 4626 sure
1369 4569 1616 4629 excellentissime
1630 4578 1658 4627 et
1669 4567 1884 4644 perfectissime
1899 4571 1966 4629 obe·

1173 4657 1297 4726 dientiae,
1320 4672 1375 4730 qna
1399 4673 1457 4715 non
1479 4657 1571 4716 solum
1590 4661 1650 4716 Deo
1673 4659 1750 4717 Patri
1760 4675 1814 4718 suo
1827 4660 1966 4718 obediens

1174 4744 1265 4804 factus
1285 4754 1329 4804 est
1348 4761 1399 4818 pro
1416 4745 1500 4804 nobis
1515 4762 1604 4819 usquc
1626 4748 1661 4804 ad
1682 4757 1802 4806 mortem
1822 4751 1926 4818 crucis,
1941 4758 1969 4807 ct

1174 4835 1260 4892 etiam
1276 4833 1440 4907 parentibus
1454 4835 1524 4907 suis,
1540 4835 1594 4894 sibi
1617 4835 1703 4910 longe
1721 4836 1911 4896 inferioribus.
1926 4839 1967 4894 vi·

1173 4923 1276 4980 delicet
1293 4922 1495 4982 sacratissime
1516 4923 1628 4998 Virgini
1644 4925 1727 4983 matri
1747 4941 1818 4996 sue,
1833 4933 1864 4984 et
1884 4925 1969 4984 beato

1173 5010 1280 5084 loseph
1292 5012 1366 5084 patri
1381 5012 1508 5085 putativo
1523 5011 1652 5071 subditus
1666 5027 1731 5072 esse
1743 5014 1832 5073 voluit
1843 5013 1896 5088 (ι),
1918 5013 1968 5074 sed

1174 5161 1206 5220 llt
1233 5163 1350 5233 mentio,
1371 5169 1516 5234 tamqnam
1534 5163 1582 5236 qui
1604 5163 1632 5220 in
1657 5165 1852 5222 testimonium
1872 5165 1917 5222 vel
1941 5167 1969 5222 in

1173 5234 1335 5305 exemplum
1360 5232 1545 5292 adducantur.
1570 5235 1633 5302 Qui,
1663 5237 1777 5293 excusis
1801 5237 1855 5305 bis,
1882 5239 1968 5294 etiam

1174 5305 1244 5360 satis
1257 5304 1385 5370 vetustis,
1402 5303 1554 5362 adbaeserit
1566 5305 1655 5370 libris,
1670 5307 1882 5364 necimmerito
1896 5306 1970 5364 offrr-

1174 5374 1263 5432 mabit
1278 5374 1393 5431 alterius
1408 5391 1422 5431 a
1440 5377 1590 5432 francisco
1605 5376 1660 5432 lroc
1675 5391 1739 5432 esse
1753 5377 1939 5449 Opusculum.

1209 5445 1250 5516 (ι)
1272 5447 1313 5502 De
1332 5447 1521 5518 postulatione
1537 5445 1592 5503 bac
1616 5446 1681 5504 vide
1698 5447 1795 5515 Uber,
1810 5448 1828 5505 Ι.
1845 5449 1880 5516 v,
1902 5449 1970 5506 Vile

1175 5516 1292 5582 Christ,
1309 5531 1333 5572 c.
1348 5517 1376 5586 3,
1388 5516 1495 5585 Sedul,
1508 5518 1556 5574 lib.
1566 5520 1587 5588 l;
1601 5519 1730 5588 Apotop..
1744 5533 1771 5574 c.
1785 5519 1813 5587 ι,
1829 5533 1858 5575 n.
1876 5521 1888 5574 l
1904 5527 1932 5576 ct
1942 5521 1968 5576 ι.

1209 5586 1250 5656 (ὅ)
1271 5587 1362 5656 burae,
1378 5589 1404 5644 ι.
1421 5587 1467 5642 fri.
