4114 6396
484 317 592 380 Palis
620 313 764 378 PRIMA.
779 343 820 360 -
836 315 1056 398 expositio
1083 315 1128 382 IN
1157 314 1361 376 psalmos

102 319 187 382 less
1662 313 1741 377 1094

94 477 181 539 dere
199 474 296 539 debet
318 491 378 553 per
398 471 618 538 bumilitatem
642 475 764 553 potius,
792 487 890 551 quam
945 473 1234 548 cris,etoccnrrite
1246 473 1289 535 ad
1292 472 1455 551 judicium
1467 471 1742 536 salvatorissblt

94 573 291 642 ascendere,
305 575 606 642 utnoaevanescut
620 571 889 649 persuperbiam,
946 571 1062 633 oculus
1088 573 1161 649 ejus
1187 572 1302 633 contra
1327 571 1578 632 similitudinem
1603 571 1743 632 vasis.»

94 672 134 732 et
154 671 288 732 inanem
311 671 469 747 gloriam3
494 670 581 732 sicut
602 669 726 747 legitur
746 669 782 730 in
805 667 891 729 libro
946 668 1048 732 Debet
1072 669 1161 730 enim
1180 667 1394 732 considerare
1407 667 1510 730 vitam
1531 671 1740 740 Sanctorum,

95 763 362 846 iudicum(l)de
377 766 542 841 Θοᾶθοῐιο,
556 765 613 843 qui
628 767 703 844 post
717 763 893 840 victoriam
947 769 983 828 ut
997 766 1039 828 ad
1054 765 1308 828 similitudinem
1323 765 1457 826 illorum
1473 765 1629 828 informet
1639 767 1744 828 vitam

99 863 180 926 iecit
191 862 257 924 sibi
267 863 380 940 lipbod
390 863 431 924 de
444 862 636 937 inauribus3
651 861 738 940 quod
753 861 895 923 debebat
948 861 1165 925 subditorum.
1185 863 1225 926 nt
1248 863 1295 926 ita
1317 861 1445 925 iaciunt
1467 864 1680 940 operationes
1705 863 1744 926 in

99 959 175 1020 deri
190 957 231 1020 de
251 973 346 1033 auso,
363 959 555 1038 hyacinthe,
572 973 731 1036 purpura,
744 959 778 1020 et
793 957 894 1035 bysso
948 961 1043 1038 aquis
1056 960 1182 1028 multis,
1197 959 1284 1022 idest
1294 961 1328 1020 in
1339 959 1484 1036 populis.

98 1057 237 1118 retorto.
257 1059 295 1116 In
314 1071 408 1128 auro,
432 1056 618 1132 sapientia;
637 1055 673 1117 in
699 1053 892 1132 hyacinthe,
986 1059 1061 1132 Ipsi
1074 1044 1237 1120 uiderunt
1246 1072 1354 1132 opera
1363 1060 1513 1130 Domini,
1524 1060 1560 1119 et
1570 1061 1745 1126 mirabilia

98 1153 466 1226 coelestedesideriom
482 1153 517 1214 in
528 1168 687 1230 purpura,
701 1151 824 1230 duplex
837 1167 896 1214 ca·
949 1157 1023 1228 ejus
1037 1157 1074 1216 tr
1083 1157 1268 1232 promocio,
1292 1153 1380 1216 idest
1399 1155 1434 1214 iu
1460 1154 1616 1218 cordibus
1625 1155 1744 1218 bomi-

100 1252 185 1314 ritas
205 1267 215 1325 ;
239 1251 275 1311 ln
302 1249 403 1327 bysso
424 1250 566 1322 retorto,
593 1249 809 1322 conunentm,
840 1249 895 1316 cui
949 1267 1047 1324 num;
1085 1252 1173 1313 unde
1197 1251 1308 1332 (Psal.
1339 1253 1389 1323 67,
1414 1249 1473 1330 23)
1497 1267 1539 1312 :t
1562 1255 1611 1312 lix
1635 1256 1745 1316 Busan

99 1363 235 1411 annexa
250 1349 301 1410 est
315 1347 527 1410 abstinentia.
549 1345 613 1409 Sed
631 1347 765 1409 aedeon
780 1347 823 1409 da
841 1345 895 1407 his
950 1351 1153 1421 convertam,
1170 1350 1362 1410 convertam
1386 1348 1421 1409 in
1446 1347 1645 1425 protundum
1669 1365 1745 1411 ma-

101 1461 170 1508 non
185 1443 577 1516 iecitseddeinauribus
593 1444 896 1522 populi,perquem
950 1447 1038 1508 ris.»
1055 1447 1369 1508 Convertitureuim
1383 1445 1541 1507 Dominus
1557 1461 1603 1508 ecc
1614 1451 1744 1520 Busan,
1871 1469 1878 1489 .

99 1541 280 1619 signantur
292 1541 354 1613 iili,
371 1542 429 1620 qui
442 1543 620 1618 rapiuntur
634 1555 693 1618 per
706 1540 895 1618 superbiam
950 1543 1037 1605 idest
1061 1541 1103 1606 ab
1124 1543 1189 1616 bis,
1218 1544 1276 1621 qui
1291 1541 1540 1605 contunduntur
1559 1542 1600 1605 de
1623 1559 1746 1622 pecca-

99 1640 237 1718 propter
260 1638 520 1702 inobedientiam
548 1637 768 1700 subditorum.
799 1637 897 1700 isaiae
950 1641 1005 1713 tls,
1030 1643 1068 1702 iu
1082 1643 1306 1715 profundum,
1329 1640 1417 1703 idest
1436 1641 1472 1702 in
1492 1640 1568 1702 illos
1589 1641 1646 1719 qui
1670 1644 1749 1706 sunt

99 1737 167 1816 (60,
183 1735 239 1816 9)²
254 1752 272 1797 ‹
288 1735 575 1798 Meeniminsulae
590 1736 779 1814 expectant,
794 1737 826 1796 et
841 1747 899 1795 na·
952 1737 1225 1815 desperatissimi,
1260 1738 1314 1800 vel
1347 1738 1403 1815 qui
1439 1739 1517 1801 sunt
1551 1739 1586 1800 in
1614 1740 1749 1816 prolun-

99 1849 160 1896 ves
179 1834 283 1895 maris
301 1833 337 1895 in
360 1831 538 1914 principio,
562 1833 599 1895 ut
623 1833 786 1895 adducam
809 1831 898 1893 illios
951 1834 1029 1894 dum
1057 1835 1221 1904 avaritiae,
1248 1835 1301 1896 vel
1329 1833 1485 1908 luxuriae,
1513 1836 1648 1898 salvans
1672 1851 1746 1911 oos;

97 1931 230 1994 tuosde
244 1931 354 2008 longe.
370 1930 630 1994 »Navesmaris
646 1929 898 1992 suntscclesiae
952 1931 1038 2009 quod
1063 1933 1114 1993 est
1138 1931 1236 1993 valde
1261 1930 1426 1992 mirabile.
1451 1932 1512 1994 Vel
1537 1935 1750 2007 prestandum
1849 1971 1856 1988 .

101 2028 217 2090 mundi
233 2043 240 2086 ε
256 2028 377 2090 Insulae
402 2027 560 2092 Ecclesiae
585 2028 717 2089 suntin
741 2027 898 2089 fiuctibus
952 2028 1160 2091 vocaturbic
1178 2029 1332 2100 mundus,
1358 2029 1393 2089 in
1416 2045 1480 2106 quo
1496 2033 1547 2092 est
1564 2042 1657 2092 mare
1672 2030 1747 2092 ela-

7 2173 8 2176 .
100 2127 219 2188 saeculi
234 2125 363 2204 posite.
381 2126 487 2188 Navis
501 2141 568 2188 non
582 2124 682 2186 babet
697 2123 898 2186 laudamen—
952 2125 1054 2188 tionis
1073 2125 1250 2203 superbiae,
1272 2127 1306 2187 et
1315 2125 1553 2203 profunditatis
1569 2127 1721 2190 avaritiae
1739 2149 1746 2190 :

7 2251 9 2259 v
102 2225 173 2286 tum
189 2224 338 2296 interra,
353 2222 459 2296 sedin
474 2221 898 2300 apuls2slclicciostan0n
954 2222 1167 2284 liitDominus
1182 2221 1379 2310 quandoque
1394 2221 1593 2284 mirabiliter
1608 2240 1668 2300 per
1680 2225 1747 2286 bu·

7 2337 9 2374 Ξ
101 2320 264 2383 mndatur
279 2321 315 2382 in
334 2319 463 2382 deliciis
478 2317 640 2392 terrariis„
650 2319 707 2380 sed
723 2319 758 2380 in
773 2319 897 2380 adrer-

7 2419 9 2442 ss
100 2418 271 2481 sitatibus.
287 2419 467 2496 monento
487 2417 595 2494 magis
610 2417 776 2480 inundant
789 2433 896 2496 aquas,

7 2533 8 2574 1
102 2517 196 2578 tanto
220 2515 327 2592 magis
349 2513 446 2577 nasis
465 2514 640 2578 elevatur:
662 2515 712 2576 sic
736 2514 898 2588 Ecclesia,

7 2633 9 2672 ;
101 2613 229 2690 quanto
244 2612 350 2688 magis
365 2612 559 2673 exaltantur
572 2611 694 2673 iluctus
708 2610 899 2672 tribulatio-

7 2733 9 2771 1
103 2727 196 2783 num,
210 2709 243 2772 ei
266 2708 548 2786 persecutionum,
571 2709 665 2771 tanto
685 2706 792 2786 magis
815 2723 898 2785 pro-

7 2819 10 2870 ’.
103 2807 185 2870 licit.
205 2807 300 2870 Unde
320 2806 356 2868 in
373 2805 495 2868 denesi
511 2802 555 2885 (l,
580 2803 615 2886 2)
633 2821 643 2862 r
660 2805 813 2882 spineus
836 2807 900 2868 Det

7 2939 8 2970 3
101 2906 283 2981 serebatur
295 2918 402 2980 super
418 2919 538 2978 awos,
556 2904 590 2966 et
610 2919 677 2966 non
699 2901 762 2964 sub
783 2902 897 2982 aquis,

99 3003 195 3081 quia.
207 3002 293 3064 sicut
307 3001 389 3063 dicit
403 3001 584 3077 Gregorius
595 2998 643 3080 (2)
661 3001 826 3062 :Tantum
840 2999 901 3062 dil·

7 3127 9 3166 r
104 3099 171 3162 lert
184 3097 233 3179 (3)
244 3097 313 3161 vita
329 3097 542 3176 praelatorum
561 3099 664 3190 avita
680 3097 898 3170 subditorum,

7 3227 10 3268 3
103 3196 265 3275 quantum
278 3195 390 3258 diuam
406 3195 475 3258 vita
490 3195 635 3272 pastoris
649 3209 669 3257 a
683 3193 752 3256 vita
773 3195 898 3271 gregis.

7 3327 10 3369 ;
105 3293 334 3360 Ecclesiastici
348 3291 417 3374 (38,
437 3293 479 3354 29
499 3292 630 3372 ei10):
650 3309 669 3352 s
690 3293 783 3354 sieut
806 3291 901 3354 labar

7 3431 9 3464 ,
104 3391 269 3454 terrarius
284 3389 403 3451 sedens
410 3390 508 3466 juxta
521 3387 686 3460 incudem,
703 3375 901 3451 ei'conside·

7 3525 11 3566 3
104 3505 186 3550 raus
202 3503 285 3564 opus
300 3485 523 3562 fermzvapor
534 3485 622 3562 iguis
634 3485 749 3547 exurit
763 3481 811 3566 (l)
825 3501 902 3547 car-

7 3627 9 3666 2
105 3581 649 3662 nesejus,etlncalorelornacis
666 3581 899 3644 concertatur:

7 3721 12 3764 ς
105 3678 898 3756 voxmalleiianovat,relintonaiauremejus,

7 3823 10 3838 .
104 3781 140 3842 et
155 3781 272 3842 contra
283 3775 536 3840 similitudinem
548 3775 640 3837 vasis
656 3775 774 3837 oculus
785 3779 901 3854 ejus.»

107 3879 192 3940 lices
221 3875 367 3954 qualiter
400 3872 498 3936 debet
529 3873 661 3949 operari
690 3873 900 3950 praedicator,

7 4019 13 4048 ,
104 3973 361 4051 sivepraelatus.
376 3969 827 4046 Praelatusestquasifober,
845 3970 900 4048 qui

7 4061 12 4150 'p
103 4073 203 4134 debet
217 4069 350 4147 operari
365 4069 400 4128 in
414 4067 515 4138 ferro,
533 4066 619 4128 idest
630 4067 664 4127 in
680 4066 782 4128 eorda
798 4066 902 4128 homi·

7 4151 12 4164 ’
108 4171 179 4241 nis,
205 4167 291 4246 quod
329 4168 380 4229 est
406 4165 502 4243 quasi
531 4163 657 4225 ferrum
685 4163 898 4237 indomabile,

106 4265 229 4328 sedens
238 4265 334 4341 Juxta
346 4261 512 4335 incudem,
527 4261 612 4323 idest
624 4261 742 4323 durum
754 4259 901 4323 laborem

109 4359 211 4422 cilicii
227 4361 291 4434 sui,
313 4359 530 4422 considerans
545 4374 630 4438 opus
646 4357 738 4430 terri,
760 4358 906 4436 qualiter

109 4455 187 4518 inda
201 4457 307 4534 possit
321 4457 465 4531 operari,
479 4457 516 4517 ut
528 4457 648 4517 melius
660 4457 775 4533 possit.
792 4457 903 4534 vapor

110 4554 197 4630 ignis
210 4551 278 4613 urit
292 4566 410 4613 carnes
420 4553 448 4627 ej
454 4565 504 4625 us,
519 4553 597 4628 quia
612 4569 655 4613 ex
669 4551 800 4616 fervore
815 4554 905 4616 cari-

7 4643 11 4680 *
110 4651 189 4713 tatis
204 4647 363 4728 quridquid
378 4647 535 4726 vitiosum
549 4650 600 4709 est
614 4649 649 4710 in
664 4637 711 4722 se,
729 4652 901 4713 consumi-

7 4761 8 4766 *
109 4748 175 4817 tur,
201 4744 234 4806 et
260 4743 296 4803 in
322 4740 434 4803 calore
457 4737 606 4802 fornacis
627 4745 849 4817 concertatur,
868 4747 905 4807 ut

7 4867 11 4912 t
110 4844 221 4918 ignem
235 4837 388 4902 caritatis
402 4837 507 4914 possit
527 4838 709 4900 accendere
730 4839 766 4900 ln
789 4841 905 4901 subdi-

7 4969 8 5010 ;
111 4939 165 5000 tis.
181 4938 242 5002 Vel
256 4951 361 5014 vapor
379 4935 478 5013 ignis,
493 4936 580 4997 idest
592 4935 736 5012 Spiritus
749 4937 901 5012 Sanctus,

112 5037 167 5114 qui
202 5035 270 5098 urit
301 5035 446 5097 mentem
471 5033 614 5111 praelati,
636 5033 673 5096 ut
692 5036 848 5111 operetur
868 5035 903 5097 in

111 5134 210 5206 terro,
227 5133 374 5196 excoctis
389 5130 424 5193 in
439 5146 476 5193 se
490 5130 781 5208 concupiscentiis.
797 5149 816 5194 ‹
830 5134 905 5198 Vox

113 5231 224 5292 mallei
239 5229 377 5291 innovat
387 5242 504 5290 aurem
516 5231 600 5304 ejus.
615 5229 840 5291 »Voxmallei
855 5229 906 5294 est

112 5328 181 5401 illa,
196 5341 260 5406 qua
277 5325 407 5388 dicetur
422 5345 429 5386 :
447 5325 579 5402 surgito
594 5326 717 5388 mortui
731 5325 772 5388 de
787 5327 904 5405 sepul-

149 5486 176 5556 (l
209 5481 315 5554 ludio,
329 5482 357 5550 8,
373 5482 408 5540 ti
422 5481 459 5540 ad
473 5483 518 5541 27.

148 5556 178 5624 (i
209 5553 310 5626 negot.
323 5556 411 5622 Post,
427 5561 499 5626 part.
516 5555 553 5623 ll,
568 5569 593 5612 c.
612 5556 637 5612 l.
815 5579 818 5588 .

149 5625 179 5695 (a
196 5625 333 5684 -iaotum
344 5621 449 5694 dilicit,
463 5631 517 5682 etc.
530 5625 561 5683 lo
572 5625 656 5685 editis
670 5621 775 5700 legitor
787 5642 797 5684 .·
809 5646 821 5677 ι
834 5627 904 5684 ian·

953 2320 1127 2381 militatem
1148 2321 1301 2398 reprimit
1324 2321 1525 2382 inundantes
1540 2321 1660 2383 fluctus
1685 2319 1748 2384 su'-

953 2417 1090 2496 perblae,
1106 2418 1141 2479 et
1153 2431 1215 2494 per
1226 2419 1455 2496 paupertatem
1471 2413 1586 2505 inlplet
1609 2419 1749 2495 abyssos

954 2513 1127 2590 auaritiae;
1142 2515 1257 2576 contra
1283 2515 1483 2593 superbiam,
1510 2531 1604 2578 suam
1624 2515 1710 2594 prael
1729 2549 1749 2563 -

953 2612 1058 2674 rende
1071 2611 1305 2684 bumilitatem,
1320 2615 1436 2674 contra
1448 2613 1636 2685 avaritiam,
1654 2629 1749 2677 suam

954 2709 1211 2788 improperando
1246 2709 1491 2787 paupertatem3
1529 2710 1616 2771 unde
1652 2711 1749 2772 isaiae

954 2803 1018 2885 (44,
1032 2803 1105 2884 ἵηι
1120 2823 1138 2866 e
1151 2805 1214 2880 Qui
1229 2805 1304 2867 dico
1321 2805 1486 2883 profundo
1503 2823 1511 2867 :
1528 2807 1698 2879 Desolare,
1715 2811 1748 2870 et

954 2905 1093 2965 fiumina
1114 2905 1172 2966 tua
1192 2902 1592 2966 arefaciam.»Simililer
1616 2905 1749 2967 Nahum

955 3000 999 3080 (1,
1015 3001 1049 3081 4)
1062 3021 1069 3062 :
1081 3003 1288 3078 <increpans
1304 3016 1407 3072 mare,
1419 3002 1453 3062 et
1467 3002 1641 3066 exsiccans
1652 3001 1748 3074 illud,

954 3099 987 3162 et
1004 3099 1114 3161 omnia
1129 3099 1268 3160 flumina
1290 3097 1332 3160 ad
1349 3097 1516 3160 desertum
1538 3099 1714 3161 deducens.
1730 3117 1750 3160 s

954 3198 1209 3273 Increpatiieus
1224 3209 1323 3258 neure
1344 3195 1520 3272 superblae,
1546 3197 1579 3257 et
1598 3197 1757 3260 avaritiae

955 3292 1211 3372 improperando
1224 3293 1284 3365 eis,
1305 3292 1420 3354 dicens
1436 3313 1444 3352 ε
1460 3294 1562 3355 Beati
1578 3309 1752 3370 pauperes
1836 3289 1838 3302 '

953 3391 1082 3467 spiritu
1096 3407 1109 3451 .·
1122 3391 1224 3454 Beati
1243 3392 1504 3465 misericordes,
1520 3392 1584 3453 etc.
1601 3389 1748 3470 (blatta,

954 3489 984 3558 5,
998 3489 1061 3548 3st
1074 3485 1108 3566 7)
1122 3507 1129 3547 2
1145 3489 1186 3562 Et
1199 3485 1339 3548 flumina
1354 3487 1504 3559 arefecit,
1521 3487 1608 3549 idest
1636 3488 1748 3550 delec-

955 3583 1098 3645 tationes
1112 3583 1245 3657 mundi3
1261 3583 1349 3644 unde
1373 3583 1409 3644 in
1422 3585 1578 3645 Numeris
1595 3583 1724 3664 (21,1i)
1740 3607 1748 3646 ε

954 3679 1081 3740 «Sicut
1094 3678 1174 3741 fecit
1196 3679 1283 3740 Deus
1299 3680 1334 3740 ln
1356 3680 1440 3740 marl
1456 3680 1568 3752 rubro,
1586 3681 1634 3742 sic
1644 3681 1751 3745 lactet

955 3777 990 3837 in
1005 3773 1208 3838 torrentibus
1220 3777 1374 3836 Arnon.»
1387 3779 1501 3837 Arnon
1512 3777 1751 3854 interpretatur

955 3874 1015 3934 lux
1028 3887 1155 3943 eorum,
1180 3872 1251 3932 sive
1265 3871 1405 3944 deliciae,
1422 3871 1474 3934 uel
1490 3889 1569 3934 arca
1585 3875 1748 3936 moeroris.

956 3973 1021 4032 Per
1033 3985 1125 4030 mare
1139 3969 1339 4045 intelligitur
1355 3969 1549 4047 baptismos,
1566 3971 1621 4032 ubi
1636 3973 1750 4034 ontnla

956 4071 1091 4145 peccata
1104 4065 1267 4127 delentur.
1285 4069 1349 4127 Per
1362 4067 1528 4129 torrentes
1541 4073 1670 4139 Arnon,
1688 4069 1751 4131 de·

955 4163 1043 4226 liciae
1070 4161 1270 4238 temporales
1285 4162 1499 4238 transitoriae,
1526 4165 1579 4226 vel
1604 4167 1750 4228 carnalis

956 4257 1152 4332 delectatio,
1166 4275 1240 4338 quae
1263 4261 1437 4338 reputatur
1451 4263 1510 4323 lux
1524 4263 1565 4324 ab
1585 4265 1749 4326 amatori-

955 4352 1153 4429 busmundl,
1165 4357 1572 4434 quiducuniuradarcam
1584 4363 1748 4434 moeroris,

957 4455 1043 4518 idest
1054 4455 1094 4516 ad
1111 4469 1280 4520 carcerem
1300 4456 1418 4518 aeterni
1440 4456 1548 4518 luctus
1568 4477 1575 4517 ε
1593 4459 1650 4518 sed
1665 4459 1750 4520 tales

958 4552 1124 4614 multoties
1139 4553 1226 4613 Deus
1240 4553 1412 4614 convertit.
1429 4553 1511 4614 Item
1524 4557 1637 4616 Arnon
1651 4555 1752 4616 inter·

958 4650 1109 4726 pretatur
1136 4651 1343 4721 lux'eorum,
1366 4649 1418 4710 vel
1434 4664 1513 4711 arca
1529 4652 1697 4726 moeroris,
1718 4654 1751 4713 ot

958 4747 1125 4823 significat
1140 4747 1326 4808 claritatem
1349 4747 1448 4824 buius
1469 4747 1597 4820 saeculi,
1614 4751 1648 4810 et
1662 4749 1750 4810 deli-

958 4843 1039 4916 cias,
1056 4859 1130 4921 quae
1144 4844 1223 4904 sunt
1244 4857 1323 4904 arca
1342 4843 1507 4915 moeroris,
1526 4845 1559 4906 et
1572 4845 1751 4907 thesaurus

958 4938 1194 5002 damnationis.
1210 4939 1258 5002 Ab
1273 4941 1348 5001 istis
1359 4942 1471 5002 umen
1485 4941 1681 5020 quandoque
1693 4946 1754 5005 Do·

958 5037 1068 5098 minus
1083 5053 1161 5099 suos
1176 5037 1307 5110 liberat,
1324 5053 1366 5099 ns
1376 5037 1619 5100 absorbeantur
1628 5041 1662 5102 in
1673 5055 1753 5118 pro-

958 5135 1096 5197 fundum
1111 5135 1318 5206 deliciarum,
1330 5135 1363 5198 ei
1375 5134 1495 5197 deinde
1505 5135 1540 5198 in
1552 5138 1752 5214 profundum

959 5246 1144 5310 poenarum,
1172 5231 1259 5295 sicut
1286 5231 1443 5296 liberavit
1472 5233 1559 5296 illios
1584 5237 1689 5298 Israel
1717 5237 1753 5298 in

958 5331 1045 5392 mari
1062 5328 1176 5392 rubro.
1279 5343 1283 5351 ’

959 5494 1018 5545 tum
1027 5485 1112 5545 debet
1120 5486 1263 5545 actionem
1275 5489 1371 5562 populi
1382 5489 1457 5548 actio
1467 5490 1671 5550 transcendere
1684 5505 1752 5563 pru·
1844 5478 1847 5484 ’

959 5558 1039 5631 sulio,
1053 5563 1191 5688 venturu
1202 5557 1309 5617 duum
1319 5561 1392 5619 solet
1400 5575 1415 5620 u
1424 5575 1515 5638 grege
1526 5563 1583 5622 vita
1595 5561 1750 5636 pastoris.»

995 5625 1036 5704 (i)
1084 5629 1142 5702 oig.
1159 5635 1253 5687 :uret
1689 5655 1692 5661 Δ
