4226 6406
297 319 358 381 495

444 483 479 542 S.
498 482 747 544 bonaventura
765 485 962 546 cardinalis.

337 633 368 692 3.
381 633 418 691 ln
429 629 482 690 bis
493 629 605 691 verbis
616 631 681 694 iste
692 633 743 694 est
753 634 868 706 frater
875 637 916 695 cle
924 649 989 708 quo
997 637 1092 696 dioce-

298 726 1093 809 rotismtbt(Genes.,xu1n,29).nominassen-

297 824 424 886 tonium
436 823 866 902 describitatrihus,primo
877 826 919 888 ab
930 826 1094 890 excellen-

297 921 344 983 tia
360 923 559 994 sanctitatis,
572 938 644 1000 quae
660 923 749 984 intus
762 923 900 986 ardebat
914 925 949 984 in
962 926 1090 1000 anima;

298 1019 444 1081 secundo
459 1035 478 1080 a
492 1021 682 1096 contemptu
696 1020 873 1082 mundanae
886 1021 1091 1094 subtilitatis,

298 1117 370 1178 siue
385 1116 426 1177 ab
442 1133 555 1178 amore
568 1117 712 1194 propriae
724 1118 875 1189 vilitatis,
893 1135 991 1196 quam
1011 1119 1093 1180 loris

298 1214 494 1276 ostendebat
517 1214 552 1274 in
567 1215 657 1288 vita,
674 1215 773 1276 tertio
794 1231 814 1274 a
836 1215 960 1277 celebri
986 1216 1093 1292 gloria

298 1310 455 1382 nominis,
469 1327 533 1388 qua
549 1311 676 1373 cunctis
690 1312 881 1385 innotescit,
895 1313 931 1374 in
946 1312 1046 1386 tama,
1057 1313 1093 1372 in

298 1406 352 1468 bis
362 1407 469 1469 tribus
481 1407 641 1484 perfectio
651 1424 779 1470 summe
790 1409 952 1472 consistit.
964 1408 1092 1490 (Serm.

299 1503 623 1586 tessaracota)

641 1650 749 1710 Idem.

338 1801 369 1858 l.
391 1799 514 1860 Beatus
533 1798 697 1860 Antonius
724 1797 841 1861 babuit
864 1799 898 1860 in
918 1815 955 1862 se
979 1799 1093 1861 scien-

298 1895 380 1956 tiam
395 1896 542 1957 omnium
557 1895 786 1974 antiquorum,
801 1895 929 1960 scilicet
943 1897 1091 1972 angelo-

298 2008 384 2066 rum,
408 2009 482 2070 quae
506 1992 658 2056 consistit
677 1993 921 2070 ministrando;
938 1994 1093 2058 Patriar-

298 2089 530 2167 charumque*
541 2093 592 2153 est
601 2090 721 2152 similis
730 2089 902 2168 sapientia
913 2092 1090 2166 viatorum;

298 2187 543 2265 Prophetarum
558 2203 699 2266 quorum
714 2177 957 2266 es'tpraevidere
968 2190 1091 2262 lutura,

298 2285 332 2346 et
348 2285 527 2360 nunciare;
542 2286 786 2362 Apostolorum,
803 2302 877 2364 quae
894 2287 1091 2349 similitudi-

299 2397 374 2443 nem
388 2381 587 2444 babuitcum
600 2384 764 2460 sapientia
776 2388 1015 2460 mercatorum
1027 2385 1092 2462 ipsi

298 2479 388 2541 enim
417 2483 505 2552 sunt,
535 2481 592 2556 qui
617 2480 714 2543 titulo
736 2482 914 2558 emptionis
941 2483 1093 2544 emerunt

297 2593 437 2653 regnum
455 2577 635 2652 coelorum
658 2579 853 2654 Martyrum,
869 2595 943 2656 quae
967 2579 1091 2640 simili-

296 2673 446 2737 tudinem
465 2673 566 2736 babet
580 2688 654 2735 cum
669 2675 834 2752 sapientia
847 2677 1069 2752 pugnatorum
1082 2693 1090 2750 ;

298 2769 532 2834 confessorum
552 2771 624 2832 sive
647 2773 837 2844 Doctorum,
863 2788 936 2849 quae
961 2774 1011 2835 est
1036 2789 1093 2834 sa-

298 2869 425 2946 pientia
445 2869 693 2944 magistrorum,
709 2869 896 2945 virginum,
913 2887 987 2948 quae
1010 2887 1093 2934 con-

299 2965 390 3030 sistit
402 2966 439 3026 in
458 2965 616 3042 fugiendo
639 2965 727 3028 mala
747 2967 780 3028 et
794 2967 963 3030 consortia
983 2969 1093 3030 bomi-

298 3077 390 3125 num.
406 3062 532 3144 (Serm.
545 3065 576 3136 2,
592 3066 634 3126 de
647 3061 791 3143 eodem.)

442 3207 445 3212 Ι
491 3254 686 3314 cardinatis
704 3253 890 3314 Barontus.

335 3401 366 3462 5.
390 3401 531 3462 Sanctus
545 3401 710 3464 Antonius
726 3402 905 3464 Lusitanus
920 3401 1092 3464 consessor

296 3497 426 3560 ordinis
439 3498 616 3570 Minorum,
631 3498 699 3560 vita
713 3499 746 3561 et
760 3499 932 3561 miraculis
945 3515 984 3560 ac
1000 3515 1090 3576 prae-

199 3604 203 3624 '
299 3596 468 3658 dicatione
493 3596 648 3657 illustris.
676 3594 734 3675 (In
758 3597 909 3673 Mortua.
927 3599 967 3659 13
978 3612 1089 3659 meras.

291 3693 388 3774 juri.)

466 3831 661 3890 cardinalis
675 3831 920 3892 Bettcrmtnus.

334 3972 365 4031 6.
389 3970 532 4032 Sanctus
552 3969 721 4032 Antonius
739 3970 783 4031 de
804 3969 920 4032 Padua
938 3969 1090 4047 appella·

294 4067 361 4135 tus,
377 4067 455 4144 quia
471 4067 506 4127 in
521 4083 562 4128 ea
585 4067 722 4129 ciuitate
739 4069 815 4144 post
836 4068 940 4128 multa
962 4068 1091 4129 sancti-

294 4164 374 4226 tatis
384 4163 473 4225 edita
489 4163 585 4240 signa
596 4163 690 4236 obiit,
704 4165 737 4226 et
751 4164 787 4224 in
799 4165 915 4226 eadem
927 4164 1088 4241 sepultus,

295 4260 437 4322 mirifice
448 4261 646 4336 honoratur-3
660 4261 832 4322 miraculis
843 4261 1004 4338 plurimos
1015 4277 1091 4324 con·

294 4358 468 4429 vertit,vel
483 4356 524 4418 ab
540 4357 661 4419 haeresi
674 4357 715 4418 ad
727 4359 851 4419 rectam
864 4357 974 4430 fldem,
984 4359 1037 4420 vel
1048 4358 1090 4420 ab

294 4455 455 4533 improbis
490 4453 639 4516 moribus
670 4455 711 4516 ad
739 4455 957 4532 poeniteniam
987 4470 1092 4532 agen·

295 4555 383 4622 dam,
400 4555 515 4615 extant
528 4555 600 4630 ejus
613 4553 791 4614 conciones
805 4554 875 4616 tum
889 4553 929 4616 de
943 4553 1091 4631 tempore

293 4656 362 4716 tum
378 4652 420 4714 de
435 4652 571 4713 sanctis.
589 4650 676 4731 (Lib.
692 4652 1088 4726 accommodaremus.

295 4751 336 4814 ad
351 4767 430 4812 ann.
448 4747 554 4829 1220.)

342 4917 562 4981 Hartmonus
582 4921 743 4993 Sebepdet
764 4921 1038 4994 Nortburpcnsts

592 5017 791 5114 nestoreos.

332 5161 363 5220 7.
385 5159 549 5220 Antonius
579 5157 688 5234 patria
710 5157 892 5234 Hispanus,
922 5156 1088 5220 Ulixbona

294 5255 430 5320 civitate
445 5254 618 5327 oriundus,
636 5255 831 5332 ordinisque
845 5255 1011 5316 Minorum
1024 5255 1089 5317 lra-

293 5359 357 5430 ter,
373 5353 427 5416 vir
441 5353 554 5430 utique
577 5354 722 5424 sanctus,
733 5355 767 5415 et
786 5351 899 5415 multis
910 5351 1087 5414 virtutibus

769 325 824 388 ap
852 323 990 385 oruna
1018 325 1050 385 s
1075 313 1250 388 aurona
1277 324 1463 390 raucam

1880 329 1943 394 lec

1146 486 1296 548 habitum
1311 488 1479 564 suscepit:
1496 501 1636 565 cumque
1657 487 1805 552 audisset
1819 487 1943 552 iratres

1146 583 1293 645 Mlnores
1312 584 1399 661 apud
1415 585 1622 646 Marocblum
1645 601 1705 662 pro
1728 585 1859 648 Gbrlstc
1876 602 1943 648 ne-

1147 679 1250 752 catos,
1276 696 1336 758 pro
1357 681 1406 743 eis
1434 681 1582 742 habitum
1606 682 1772 744 Minorum
1792 685 1941 760 accepit;

1147 777 1203 838 ubi
1226 779 1396 840 nocturnis
1423 779 1550 854 uigiliis
1579 794 1702 856 corpus
1727 781 1813 840 mira
1836 779 1945 843 absti-

1148 875 1259 937 nentia
1276 876 1468 937 maceravit.
1487 877 1547 937 Hic
1562 875 1729 951 gloriosus
1746 879 1856 950 Pater,
1879 893 1943 940 co-

1147 973 1303 1048 gnomine
1329 973 1369 1033 de
1391 973 1505 1034 Padua
1527 973 1645 1045 dictus,
1669 989 1744 1034 cum
1759 974 1805 1034 ibi
1819 975 1946 1050 praedi·

1148 1085 1228 1130 cans
1244 1069 1301 1129 diu
1317 1070 1492 1147 requievit.
1511 1071 1549 1131 nt
1564 1073 1689 1142 Romae,
1703 1087 1778 1132 curu
1791 1071 1832 1132 de
1845 1087 1943 1132 man-

1148 1165 1226 1228 dato
1251 1167 1377 1227 Summi
1413 1167 1587 1228 pontilicis
1616 1167 1802 1244 peregrinis
1831 1168 1943 1245 pluri-

1148 1262 1210 1322 mis
1233 1263 1441 1337 praedicaret,
1458 1262 1606 1338 linguam
1633 1263 1681 1324 sic
1697 1265 1811 1335 movit,
1826 1269 1863 1325 ut
1874 1267 1944 1325 tam

1148 1359 1946 1438 Graecilatini,Francigenae,Tcutonici,quam

1147 1455 1289 1530 Anglici,
1306 1471 1422 1517 omnes
1437 1456 1491 1534 qui
1507 1455 1700 1528 audiebant,
1715 1457 1807 1518 clare
1820 1457 1947 1518 intelli-

1147 1553 1275 1628 gerent.
1295 1554 1423 1614 Etcum
1442 1553 1531 1614 inter
1543 1553 1730 1630 religiosos,
1754 1569 1822 1616 non
1834 1555 1945 1616 solum

1148 1663 1218 1710 suae
1229 1650 1349 1720 aetatis,
1366 1649 1423 1710 sed
1438 1651 1540 1712 etiam
1562 1651 1710 1727 priorum
1731 1651 1945 1726 saeculorum,

1148 1746 1301 1806 omnibus
1325 1747 1446 1809 litteris
1471 1747 1705 1810 ornatissimus
1734 1747 1945 1809 haberetur:

1149 1845 1328 1904 sacrarum
1342 1844 1528 1906 litterarum
1539 1849 1626 1906 Arca
1641 1845 1949 1922 cognominarime·

1146 1941 1226 2002 rull.
1243 1941 1283 2002 ut
1297 1956 1371 2002 cum
1391 1942 1532 2014 Tolosae,
1555 1942 1726 2014 Bononia,
1753 1957 1793 2004 ac
1812 1941 1946 2003 Patavii

1147 2037 1204 2098 diu
1217 2037 1420 2114 theologiam
1435 2039 1570 2116 egreffl'e
1589 2039 1757 2101 docuisset
1772 2059 1780 2100 ε
1797 2039 1945 2108 Patauii,

1147 2135 1287 2197 induitis
1302 2135 1413 2196 clarus
1424 2135 1607 2207 miraculis,
1618 2135 1770 2208 moritur,
1786 2137 1819 2198 et
1834 2139 1949 2198 aGre-

1147 2232 1242 2308 gorio
1263 2233 1309 2294 Ili
1334 2231 1489 2295 Pontifici
1514 2249 1572 2295 eas
1608 2233 1649 2294 ob
1677 2247 1734 2296 res
1767 2235 1879 2295 statim
1910 2234 1947 2294 in

1148 2331 1338 2396 sanctorum
1359 2329 1588 2392 confessorum
1609 2331 1813 2392 consortium
1837 2329 1947 2392 reser-

1147 2428 1212 2499 tur,
1247 2441 1335 2488 anno
1364 2427 1543 2488 millesimo
1580 2427 1808 2490 ducentesimo
1839 2429 1948 2503 trige-

1148 2523 1233 2586 simo
1247 2525 1357 2586 tertio.
1374 2525 1512 2586 Inventa
1528 2526 1579 2586 est
1595 2526 1721 2602 postea,
1743 2525 1778 2586 in
1796 2523 1947 2586 transla-

1147 2621 1238 2683 tione
1261 2623 1411 2698 corporis
1424 2623 1524 2699 positi
1538 2623 1579 2684 de
1594 2637 1661 2683 uno
1675 2623 1749 2684 loco
1770 2623 1806 2682 in
1822 2620 1939 2694 alium,

1149 2719 1264 2795 lingua
1285 2723 1358 2796 ejus
1379 2721 1414 2781 in
1429 2734 1488 2782 ors
1503 2720 1585 2782 adeo
1606 2735 1723 2782 recens
1744 2719 1942 2796 rubicunda,

1147 2831 1221 2894 quae
1248 2833 1307 2893 per
1330 2817 1443 2894 plures
1465 2833 1587 2890 annos,
1615 2833 1689 2878 cum
1713 2833 1853 2896 corpore
1880 2817 1944 2878 sub

1146 2915 1237 2976 terra
1248 2917 1413 2992 jacuerat,
1425 2929 1464 2976 ac
1475 2915 1503 2976 si
1518 2915 1597 2976 tunc
1610 2915 1825 2988 decessisset;
1842 2931 1943 2991 quam

1147 3013 1182 3072 B.
1200 3014 1433 3074 Bonaventura
1448 3011 1570 3074 affatus
1583 3016 1648 3088 est;
1669 3012 1825 3089 Olingua
1840 3012 1945 3072 bene-

1147 3109 1245 3181 dicta,
1280 3125 1355 3185 quae
1392 3124 1523 3186 semper
1565 3111 1668 3171 Deum
1709 3109 1939 3171 benedixistil

1147 3221 1236 3268 nunc
1259 3208 1398 3283 apparet
1428 3207 1542 3284 quanti
1572 3207 1683 3268 meriti
1709 3207 1813 3268 luisti.
1842 3211 1942 3268 Auno

1147 3303 1266 3365 deinde
1288 3304 1466 3366 millesimo
1486 3303 1715 3366 ducentesimo
1728 3305 1942 3380 sexagesimo

1146 3399 1256 3469 tertio,
1279 3417 1354 3462 cum
1377 3403 1451 3478 ejus
1472 3401 1601 3464 meritis
1621 3402 1784 3463 Patavina
1806 3401 1885 3462 urbs
1900 3401 1943 3464 de

1146 3511 1247 3558 manu
1261 3498 1406 3560 Eccelini
1419 3499 1555 3576 tyranni
1566 3499 1707 3561 liberata
1723 3501 1812 3560 esset
1826 3521 1833 3559 :
1850 3499 1944 3561 cives

1147 3595 1324 3657 ecclesiam
1357 3596 1587 3673 praegrandem
1615 3597 1715 3673 atque
1747 3595 1941 3673 pulcherri-

1146 3707 1245 3765 mam,
1260 3692 1301 3754 ad
1317 3695 1390 3769 ejus
1401 3692 1561 3756 bonorem
1572 3692 1804 3756 extruxerunt.
1815 3691 1942 3774 (Secta

1146 3791 1250 3876 catate
1264 3788 1412 3871 mundi.)

1146 4017 1292 4076 lacobus
1298 4017 1543 4092 Berpomensls
1557 4017 1690 4077 ordinis
1700 4016 1946 4077 Ercrnttorum

1413 4115 1448 4174 s.
1471 4112 1668 4188 Aupusttnt.

1184 4283 1214 4341 8.
1238 4279 1402 4340 Antonius
1432 4279 1539 4358 patria
1561 4281 1747 4356 Hispanus,
1774 4279 1943 4342 Ulixbona

1146 4377 1460 4449 civitateoriundus‚
1474 4377 1675 4454 ordinisque
1685 4378 1850 4439 Minorum
1862 4379 1945 4439 Fra-

1144 4477 1206 4547 ter,
1241 4475 1295 4537 vir
1316 4476 1430 4552 utiquo
1464 4477 1610 4547 sanctus,
1638 4475 1769 4536 Patavii
1797 4474 1942 4536 infinitis

1145 4573 1258 4634 clarus
1278 4572 1451 4633 miraculis
1470 4573 1627 4647 moritum
1644 4574 1677 4634 et
1690 4587 1710 4633 a
1724 4573 1883 4648 Gregorio
1897 4573 1944 4632 IX

1146 4669 1308 4731 Pontillce
1331 4684 1389 4730 eas
1413 4669 1454 4730 ob
1476 4685 1531 4730 res
1551 4671 1662 4731 statim
1684 4669 1719 4730 in
1741 4671 1941 4731 Sanctorum

1146 4765 1380 4828 consessorum
1403 4765 1550 4830 retertur
1564 4767 1780 4828 consortium.
1803 4769 1841 4828 Et
1860 4782 1936 4827 cum

1145 4865 1233 4926 inter
1248 4864 1436 4940 religiosos,
1453 4865 1644 4926 non—solum
1659 4880 1728 4926 suae
1746 4865 1865 4939 aetatis,
1883 4863 1941 4924 sed

1144 4963 1244 5024 etiam
1260 4962 1410 5039 priorum
1425 4961 1635 5034 saeculorum,
1650 4962 1805 5024 omnibus
1819 4961 1941 5023 litteris

1144 5046 1378 5122 ornatissimus
1405 5060 1494 5121 esset
1521 5081 1529 5120 ε
1554 5061 1732 5122 Sacrarum
1753 5059 1942 5124 litterarum

1143 5159 1230 5218 Arca
1246 5157 1413 5218 nominari
1428 5157 1560 5219 meruit.
1577 5159 1707 5220 Etcum
1721 5158 1862 5230 Tolosae,
1881 5159 1942 5218 Bo·

1144 5255 1483 5331 noniae,1²ataviiquae
1504 5255 1720 5331 Theologiam
1736 5253 1871 5331 egregie
1886 5253 1942 5316 do-

1143 5353 1278 5424 cuisset,
1307 5367 1478 5414 sermones
1511 5351 1552 5413 de
1581 5352 1772 5430 hujusmodi
1801 5367 1849 5424 re,
1873 5367 1941 5412 non

295 5452 476 5516 adornatus
492 5449 565 5512 luit.
589 5452 621 5511 Is
645 5451 681 5512 in
696 5449 842 5528 baptimo
858 5449 1087 5512 Fordinandus
1142 5464 1265 5528 paucos
1283 5449 1428 5511 edidisse
1449 5449 1566 5512 fertur.
1602 5449 1688 5528 (Lib.
1711 5451 1802 5512 XIII.
1822 5453 1938 5526 Suppl-

293 5549 491 5629 appellatus,
507 5547 614 5624 primo
630 5547 867 5609 canonicorum
881 5545 1084 5624 regularium
1141 5551 1281 5622 Cbron,
1295 5545 1336 5612 ad
1352 5563 1430 5609 ann.
1447 5549 1484 5608 D.
1502 5545 1611 5626 1231.)
