4152 6388
288 299 350 362 wi
720 297 753 356 S.
775 293 998 356 asahelem
1017 293 1246 358 assistatis
1267 291 1497 367 oruscbna.
1874 297 1936 360 308

289 473 370 522 num
385 457 519 528 iterim,
543 454 600 518 fol.
629 453 713 518 mihi
738 455 788 527 53,
814 469 890 532 pag.
906 455 926 514 2
946 454 981 516 et
993 469 1081 532 seq.;
1137 453 1352 518 voluntatem.
1369 451 1409 518 st
1423 452 1613 533 hujusmodi
1629 455 1671 517 ab
1693 469 1732 517 eo
1748 455 1837 519 facta
1853 471 1935 534 pro-

289 555 400 616 Laert.
413 551 669 624 Cherub.,tomo
680 551 787 628 primo
800 551 853 612 sui
863 553 1011 614 Butturtt
1021 549 1083 612 sub
1138 551 1253 613 missio
1266 553 1641 630 permanumpublicam
1652 554 1687 615 in
1700 555 1837 631 scriptis
1850 555 1934 616 inibi

289 651 421 715 Nicolai
437 653 491 722 IV,
504 650 613 712 Consi.
626 651 662 724 23
675 648 787 710 Codex
801 647 935 726 quidam
945 649 1014 709 MS·
1025 647 1084 710 Bl-
1137 649 1320 725 redigatur.
1345 649 1420 712 Alio
1444 651 1556 712 autem
1581 651 1680 713 modo
1700 651 1814 712 nullus
1835 652 1937 712 ami-

288 747 464 810 bltothecae
472 747 614 809 fratrum
627 746 794 808 Minorum
806 744 1082 808 conventualium
1138 745 1254 808 nistrls
1277 747 1461 824 recipiatur
1483 748 1630 822 eisdem,
1655 748 1722 809 nisi
1750 749 1861 810 visum
1886 749 1937 810 eis

288 846 508 920 assistatum3
527 843 631 906 Sorbo
646 843 689 906 ad
708 842 809 906 tinem
824 845 1034 920 componun,
1050 844 1083 905 et
1137 843 1237 906 aliter
1250 843 1362 916 fuerit,
1377 845 1567 907 conditione
1591 860 1755 923 personae,
1772 861 1814 906 ac
1828 846 1936 923 ipsius

288 943 401 1021 plures
414 945 487 1020 ejus
502 942 722 1019 expositores.

308 1147 311 1155 '
410 1161 456 1219 in
481 1159 956 1250 nominenominee.

328 1319 379 1378 Dc
388 1317 489 1377 modo
504 1317 730 1378 eoomtnanut
744 1315 895 1378 colentes
906 1313 1044 1376 intrare

596 1413 770 1474 Ordinem.

541 1577 786 1640 CAPITULUM
806 1579 832 1638 Ι.

328 1713 364 1776 si
379 1712 436 1792 qui
449 1712 619 1774 voluerint
633 1712 720 1774 hanc
730 1711 832 1774 sitam
848 1709 1038 1784 observare,
1050 1711 1084 1772 et

287 1811 364 1874 illos
387 1810 429 1872 ad
453 1825 527 1872 eam
551 1809 794 1872 observandam
825 1808 951 1870 assumi
974 1807 1083 1870 conti·

267 1908 479 1986 genitenta
498 1907 760 1984 assumptionem
779 1921 839 1968 seu
858 1906 1082 1983 receptionem

287 2006 436 2083 ipsorum
462 2003 592 2066 deiide
620 2003 806 2076 catholica,
834 2003 867 2066 et
892 2003 1081 2066 obedientia

288 2118 368 2180 erga
379 2101 551 2180 praefatam
570 2100 758 2174 ecclesiam,
784 2100 937 2177 diligenti
953 2099 1083 2162 exami-

286 2198 618 2262 nationisubdautur.
630 2201 670 2261 nt
681 2199 710 2260 si
725 2213 783 2260 eas
791 2197 934 2276 professi
943 2197 1083 2260 tirmiter

286 2297 422 2370 fuerint,
446 2311 591 2374 vereque
609 2296 824 2368 crediderint,
850 2295 998 2368 admitti,
1022 2309 1082 2357 seu

287 2394 393 2472 recipi
405 2394 474 2456 tute
485 2394 641 2471 poterunt
650 2393 692 2454 ad
705 2393 867 2456 eamdem.
882 2397 1083 2456 Praecaven-

287 2491 366 2554 dum
378 2491 548 2554 esttamen
564 2490 718 2563 sollicite,
740 2491 872 2568 nequis
889 2490 1079 2559 hereticus,

175 2667 181 2676 1
287 2588 341 2652 rel
370 2589 543 2666 suspectus
565 2588 606 2650 de
634 2588 848 2660 haeresiani
873 2589 974 2650 etiam
993 2587 1082 2650 infa-

286 2688 407 2759 matus,
428 2685 470 2747 ad
485 2685 563 2748 vite
585 2684 852 2748 observationem
876 2685 975 2748 istius
998 2699 1082 2763 quo-

285 2783 466 2846 modolibet
486 2783 690 2846 admittatur.
711 2784 752 2846 nt
765 2783 794 2844 si
810 2784 912 2846 talem
935 2783 1081 2846 inveniri

284 2879 464 2957 contigerit
495 2880 649 2943 extitisse
672 2882 863 2958 receptum,
891 2881 1082 2956 assignetur

1137 940 1308 1014 instantia,
1325 941 1469 1004 sollicita
1481 941 1749 1006 consideratione
1760 943 1934 1004 discussis.

1137 1037 1337 1100 ordinamus
1360 1041 1524 1116 praeterea
1546 1041 1740 1114 statuentes,
1764 1043 1801 1102 ut
1821 1039 1937 1102 nullus

1137 1137 1211 1212 post
1233 1137 1338 1213 ipsius
1366 1137 1586 1198 fraternitatis
1606 1139 1807 1214 ingressum,
1839 1153 1938 1199 eam·

1136 1231 1210 1294 dem
1225 1233 1340 1310 egredi
1354 1235 1465 1297 valeat
1479 1235 1520 1296 ad
1541 1235 1700 1298 saeculum
1721 1251 1933 1298 reversurus

1137 1331 1249 1393 Possit
1263 1332 1374 1393 tamen
1389 1331 1513 1394 hahere
1531 1331 1673 1395 liberum
1697 1333 1878 1395 transitum
1893 1333 1936 1394 ad

1135 1427 1333 1504 religionem
1358 1429 1459 1491 aliam
1483 1429 1710 1507 approbatam.
1734 1430 1936 1492 Mulierihus

1136 1539 1216 1588 vero
1231 1527 1322 1588 siros
1344 1526 1554 1602 habentibus,
1582 1528 1648 1588 nisi
1661 1529 1702 1590 de
1723 1529 1873 1606 ipsorum
1887 1527 1933 1587 li-

1137 1624 1245 1685 centia
1267 1625 1300 1686 et
1323 1639 1501 1700 consensu,
1526 1641 1594 1687 non
1614 1626 1726 1702 pateat
1740 1625 1781 1688 ad
1797 1639 1936 1687 consor·
2070 1607 2071 1620 ¹

1136 1719 1219 1782 tium
1234 1721 1331 1784 dicte
1344 1719 1563 1784 fraternitatis
1578 1722 1759 1799 ingressus.

1255 1902 1306 1962 Dc
1318 1901 1434 1974 somno
1442 1902 1588 1974 buhltus,
1601 1901 1808 1975 etqualitate

1384 1999 1678 2061 tlcduhwntorum.

1376 2167 1621 2228 CAPITULUM
1634 2169 1691 2230 III.

1176 2289 1311 2352 Fratres
1338 2289 1477 2367 insuper
1503 2291 1608 2368 ipsius
1635 2292 1870 2355 Fraternitatis
1894 2294 1939 2355 de

1137 2384 1257 2446 humili
1270 2402 1381 2464 panno
1396 2388 1431 2448 in
1446 2389 1565 2466 pretio,
1582 2391 1616 2451 et
1629 2388 1742 2451 colore
1754 2405 1821 2452 non
1844 2407 1938 2468 pror·

1137 2499 1194 2546 sus
1209 2483 1286 2547 albo
1298 2482 1352 2546 vel
1372 2485 1469 2562 nigro
1491 2486 1712 2550 communiter
1728 2489 1935 2566 vestianhir3

1136 2580 1203 2642 nisi
1225 2579 1328 2646 fuerit
1341 2581 1383 2645 ad
1397 2584 1528 2661 tempus
1542 2584 1578 2644 in
1593 2585 1711 2661 pretio,
1733 2601 1793 2662 per
1809 2585 1935 2648 visita-

1134 2678 1235 2750 tores,
1253 2678 1293 2742 de
1305 2680 1446 2742 consilio
1462 2681 1704 2754 ministrorum,
1727 2681 1768 2744 ob
1794 2698 1933 2746 causam

1135 2775 1317 2851 legitimam
1332 2777 1365 2840 et
1378 2779 1527 2854 apertam
1540 2793 1615 2841 cum
1625 2779 1739 2857 aliquo
1754 2779 1935 2858 dispensa·

1134 2872 1215 2934 tum.
1239 2874 1438 2952 chlamydes
1461 2889 1593 2954 quoque
1613 2891 1653 2940 ac
1678 2875 1783 2954 pelles
1803 2877 1930 2956 absque

285 2977 343 3040 ule
353 2977 552 3059 quantocius
565 2977 819 3056 inquisitoribus
830 2978 1004 3056 pravitatis
1015 2977 1081 3040 nos
1134 2970 1303 3032 sociatum
1325 2973 1459 3046 scissas,
1482 2973 1536 3035 vol
1556 2974 1716 3050 integras,
1737 2974 1930 3038 amputatas

286 3074 399 3138 retica,
415 3075 612 3153 puniendus,
1133 3066 1256 3140 umen,
1271 3083 1338 3130 non
1362 3070 1494 3147 patulas
1516 3071 1552 3133 ut
1572 3072 1726 3147 congruit
1747 3071 1929 3145 honestati,

1135 3163 1333 3244 clausasque
1347 3167 1497 3230 manicas
1512 3166 1633 3230 fratres
1644 3167 1790 3231 habeant
1804 3185 1930 3247 supra-

1133 3261 1224 3324 dicti.
1243 3264 1381 3326 Sorores
1395 3265 1496 3326 etiam
1511 3265 1686 3343 chlamyde
1701 3266 1885 3328 induantur
1901 3269 1934 3330 et

1133 3360 1248 3424 tnnloa
1272 3360 1313 3422 de
1337 3361 1528 3439 hujusmodi
1547 3364 1667 3425 humili
1685 3380 1796 3441 panno
1820 3365 1930 3438 factis,

1133 3457 1187 3520 sel
1200 3457 1318 3520 saltem
1333 3475 1408 3521 cum
1423 3459 1598 3539 chlamyde
1613 3461 1757 3524 habeant
1769 3464 1934 3539 guarnel·

524 3537 647 3598 CAPIT
650 3535 771 3598 ULUM
797 3538 838 3597 ῙῙ·
1134 3555 1203 3618 lum
1222 3569 1282 3618 seu
1292 3555 1516 3633 placentinum
1529 3558 1653 3620 coloris
1668 3559 1736 3621 albi
1756 3561 1810 3622 tel
1825 3561 1932 3638 nigri,

324 3671 405 3732 cum
420 3669 531 3732 autem
548 3667 791 3732 paternitatem
801 3667 993 3746 hujusmodi
1005 3667 1079 3746 quis
1134 3653 1192 3714 aut
1222 3653 1426 3729 paludellum
1454 3655 1601 3731 amplum
1628 3655 1670 3718 de
1698 3656 1826 3718 canabo
1860 3660 1935 3720 sive

284 3768 412 3830 intrare
434 3767 590 3839 volumen,
616 3766 774 3834 ministri·
798 3766 839 3828 ad
854 3766 1079 3843 receptionem
1134 3750 1204 3812 lino
1218 3749 1344 3828 absque
1353 3751 1422 3814 Ulla
1430 3753 1618 3830 crispatur&
1632 3755 1819 3817 consutum·
1832 3757 1933 3818 Circa

283 3866 401 3928 pappum
424 3863 585 3944 deputati,
611 3867 684 3942 ejus
706 3863 865 3938 officium,
890 3865 1024 3936 spatum,
1047 3866 1080 3926 et
1134 3846 1357 3910 humilitatem
1379 3863 1460 3912 vero
1480 3851 1595 3926 panni,
1612 3851 1646 3913 et
1659 3851 1848 3928 pellitiones
1864 3867 1926 3914 so·

283 3963 506 4025 conditionem
530 3961 671 4024 solerter
695 3960 888 4038 explorent,
916 3959 981 4022 sibl
1009 3959 1081 4022 fra·
1134 3957 1248 4006 10111111
1269 3945 1930 4026 1000100101κ1001101110οθ10011311011-

281 4059 449 4123 tomstatig
464 4059 615 4137 ojugdem
636 4071 750 4130 Olim,
775 4059 944 4134 ppaegipug
955 4058 1081 4120 glimo.
1132 4039 1191 4104 bet
1202 4043 1394 4104 earumdem
1407 4056 1447 4105 80
1460 4044 1525 4106 10οῘ
1541 4046 1815 4108 contuetudinem
1829 4049 1929 4124 pote·

272 4165 358 4219 ‘rum
381 4157 645 4228 restitutionem,
682 4155 831 4232 apertius
859 4155 1078 4233 exponentes,
1134 4138 1179 4202 rit
1204 4137 1405 4216 dispensari.
1431 4141 1547 4204 Bindls
1569 4143 1603 4204 Oi
1624 4143 1781 4219 ligaturis
1810 4145 1932 4207 sericis

283 4253 409 4326 Quibus
425 4253 617 4330 premissis,
635 4253 665 4312 si
677 4252 785 4314 eidem
799 4252 972 4329 placuerit,
980 4255 1079 4330 tunm
1134 4249 1201 4297 non
1214 4237 1360 4310 1110111111,
1376 4238 1833 4317 00110100001010801001,
1849 4241 1934 4304 bur·

283 4350 416 4414 mooum
434 4347 625 4428 nmusmou
642 4348 817 4422 incoatum
844 4349 929 4412 etue
944 4349 1077 4422 aliems,
1134 4332 1359 4408 sasiacum,
1377 4336 1410 4398 et
1431 4336 1563 4412 coritas
1589 4337 1786 4415 simpliciter
1805 4339 1935 4416 absquo

281 4449 312 4512 gi
330 4463 395 4526 qua
419 4446 545 4509 fuerint
567 4445 654 4524 apud
676 4461 764 4519 oum,
792 4447 986 4509 arissam
1009 4450 1081 4509 spu.
1134 4431 1242 4492 serico
1258 4431 1328 4494 ullo
1343 4431 1459 4507 factas,
1475 4435 1509 4496 et
1525 4449 1593 4496 non
1612 4435 1698 4497 alias
1720 4436 1788 4498 tam
1809 4435 1932 4500 fratres

282 4547 360 4610 deat
386 4545 421 4607 in
438 4543 581 4623 pecunia
603 4543 790 4615 numerata,
815 4543 869 4606 vel
898 4545 1079 4606 secundum
1133 4527 1280 4591 11000001
1302 4544 1400 4608 (luam
1428 4547 1574 4604 1010101,
1600 4531 1760 4610 depositis
1788 4535 1932 4607 0010113,

280 4643 464 4708 exhibitam
479 4642 629 4721 pignoris
649 4641 849 4714 cantionem,
867 4641 1081 4719 sequenlhil·
1129 4625 1343 4701 3111111οθ1111
1372 4629 1474 4702 Ρο111,
1499 4629 1733 4708 110011010Ρο0
1761 4633 1931 4709 Principis

283 4743 416 4805 ominus
452 4741 616 4818 proximis
649 4738 871 4802 reconciliare
911 4741 1077 4816 procuret.
1134 4722 1933 4807 10100100001111010»100101111]110001001101-

282 4839 408 4912 Quibus
435 4837 591 4900 omnibus
619 4837 661 4900 ad
697 4835 853 4898 effectum
888 4836 1076 4914 perductis,
1134 4822 1312 4885 0010011ὶὶ8·

282 4937 357 5013 post
374 4939 473 4996 unlus
495 4935 577 4996 anni
600 4935 761 5012 spatium,
787 4950 863 4997 cum
889 4935 1078 5013 aliquorum

281 5033 501 5095 discretorum
521 5032 662 5095 fratrum
696 5032 851 5106 consilio,
881 5033 909 5094 si
934 5033 963 5095 is
982 5033 1078 5095 ilde-
1134 5001 1228 5067 ⁰u⁰d
1251 5015 1320 5064 ”⁰7²
1341 5003 1470 5064 vadam
1495 5005 1540 5065 ad
1560 5005 1930 5082 10000001000001010,

279 5129 371 5192 bitur
388 5129 470 5207 ipsis
495 5129 645 5203 idoneus,
666 5129 851 5208 recipiatur
871 5131 936 5194 hoc
955 5130 1077 5193 modo:
1173 5099 1208 5160 et
1225 5099 1429 5174 Woemla’
1452 5100 1486 5161 ⁶⁸
1505 5103 1594 5176 qm
1616 5103 1840 5164 mmmm
1862 5119 1932 5166 ’²⁰⁸

280 5227 440 5292 videlicet
460 5228 497 5289 ut
517 5227 689 5305 promittat
714 5243 750 5290 se
775 5229 888 5291 divina
913 5230 1079 5307 praecepta
1172 5196 1264 5258 dent·

280 5326 392 5390 omnia
408 5325 630 5396 servaturum,
647 5340 687 5386 ac
701 5325 801 5387 etiam
817 5325 1077 5399 satisfacturum,
1371 5295 1615 5358 CAPITULUM
1639 5297 1694 5358 IV·

281 5426 317 5487 ut
340 5421 497 5486 convenit
507 5459 532 5495 ‚,
554 5421 594 5482 de
622 5423 967 5499 transgressionibus,
996 5439 1078 5504 quas
1174 5427 1224 5490 Sit
1238 5425 1288 5490 eis
1302 5425 1345 5488 ad
1360 5427 1539 5492 inhonesta
1554 5429 1720 5504 convivia,
1734 5431 1788 5493 vel
1802 5434 1931 5509 specta·

281 5523 398 5587 contra
420 5520 510 5582 hunc
530 5518 664 5581 vivendi
694 5519 828 5582 modum
855 5525 1076 5603 commiserit;
1133 5523 1220 5596 cula,
1251 5523 1322 5586 sive
1351 5526 1463 5587 curias
1493 5541 1553 5589 seu
1581 5527 1736 5601 choreas,
1773 5543 1929 5590 accessus

278 5617 611 5698 cumsinterpehatus
646 5617 687 5680 ad
717 5618 902 5683 visitatoris
928 5623 1079 5688 extiterit
1134 5622 1266 5701 penitus
1280 5623 1488 5686 interdictus.
1500 5621 1737 5696 histrionibus,
1752 5641 1811 5688 seu
1826 5627 1928 5689 vani-

329 3275 381 3335 Dc
394 3275 511 3348 forma
525 3273 714 3346 recipiendi
728 3272 880 3333 volentes
894 3271 1031 3334 intrare

596 3370 771 3430 Ordinem.
