4114 6396
350 267 428 329 1027
776 267 808 326 S.
833 261 1008 329 ANTONII
1036 260 1223 326 PADUANI
1250 261 1389 326 orant
1415 261 1561 326 cunin.
1891 273 1948 338 luat

391 423 1032 500 inuocacaoruopsuuerto,etartaara.
1045 425 1144 502 Hym·
1198 423 1262 496 tus,
1293 423 1350 502 qui
1384 423 1531 500 seipsum
1559 421 1658 484 morti
1684 421 1790 488 crucis
1813 435 1946 508 exposuit

350 539 416 588 ntis
430 521 626 600 quandoque
641 536 722 582 voco
734 522 869 600 propria
888 522 1016 584 tantum
1027 526 1144 582 canu·
1199 521 1286 588 unde
1302 542 1310 580 :
1326 523 1516 598 ‹Majorem
1530 521 1740 582 dilectionem
1762 538 1849 586 nemo
1864 527 1946 602 babet,

350 619 469 692 batur;
486 617 684 696 quandoque
697 633 779 680 voce
801 618 914 688 simul,
930 618 963 680 et
973 617 1141 698 psalterio,
1200 619 1235 678 ut
1246 619 1393 680 animam
1403 634 1497 680 suam
1506 619 1608 696 ponat
1616 618 1690 698 quis
1703 635 1761 696 pro
1768 621 1872 682 amicis
1880 627 1947 686 suis»

346 718 383 778 et
394 715 534 778 cithara.
549 717 598 776 lta
613 715 730 776 doctor
740 715 775 776 in
790 719 930 794 utroque
945 715 1143 792 quandoque
1199 712 1308 792 (loan.
1319 716 1366 786 15,
1381 713 1515 794 13).Qni
1525 730 1605 790 ergo
1617 716 1744 776 amicus
1755 720 1821 794 ejus
1828 721 1879 790 est,
1886 721 1949 783 dan

349 814 474 884 cantat,
502 813 588 874 idest
611 812 645 872 in
670 813 890 874 consonantia
911 812 1145 882 uerborum,et
1199 827 1277 872 num
1291 811 1487 888 temporale,
1508 814 1542 874 et
1562 813 1665 874 otiam
1690 813 1834 890 corporis
1854 821 1947 894 pmprii

348 925 511 986 operum;
540 913 574 972 et
593 909 643 970 sic
666 913 717 972 est
739 910 935 988 psalterium
959 909 1143 986 jucundum
1198 925 1258 984 pro
1282 909 1356 986 ipso
1377 909 1527 986 negligit.
1543 909 1771 971 Justusetiam
1794 913 1847 982 est,
1862 913 1948 990 dequo

349 1023 425 1068 cum
434 1007 575 1070 cithara.
586 1007 790 1084 Quandoque
803 1006 1143 1084 inpsalteriotantum
1199 1005 1280 1067 dicit
1304 1005 1444 1085 (Job29‚
1464 1007 1500 1066 18
1522 1006 1564 1069 ad
1588 1004 1642 1085 20)
1660 1009 1750 1068 :‹ln
1778 1008 1877 1068 nidulo
1898 1028 1949 1072 neo

349 1104 557 1166 cantabatur.
573 1103 1144 1182 Sicpraelatus‚quidocet‚qualiter
1199 1103 1334 1172 moriar,
1360 1103 1494 1164 etsicut
1519 1102 1630 1182 palma
1655 1103 1868 1180 multiplicabo
1890 1108 1949 1168 dies.

347 1201 471 1263 debent
493 1203 642 1264 cantare.
666 1202 727 1262 Vel
755 1201 804 1262 sic
832 1217 840 1261 :
869 1204 906 1262 ln
936 1199 1144 1262 decachordo
1200 1199 1308 1262 Radix
1321 1202 1519 1278 meaaperta
1530 1202 1581 1260 est
1593 1215 1690 1260 secus
1702 1204 1950 1278 aquas,etrosno

350 1299 522 1376 psalterio,
552 1300 585 1362 et
612 1297 753 1360 cithara.
775 1300 925 1375 Hymnus
947 1297 1144 1376 quandoque
1201 1295 1330 1359 rabitur
1354 1297 1388 1358 in
1403 1297 1570 1360 messione
1583 1313 1668 1366 mea.
1686 1299 1719 1360 et
1733 1297 1834 1374 gloria
1845 1315 1902 1360 naa
1913 1301 1950 1360 in·

349 1396 548 1458 cantabatur
573 1412 649 1456 cum
672 1411 756 1458 voce
777 1393 896 1467 simul,
923 1397 956 1456 et
985 1393 1143 1472 psalterio
1200 1392 1949 1466 novabitur.»NidusistaestEcclesiasiuenens

349 1494 423 1558 sine
435 1493 576 1570 cithara,
588 1495 785 1574 quandoque
800 1493 899 1556 etiam
913 1509 994 1556 voce
1008 1490 1143 1572 propria
1199 1489 1411 1570 quieta‚quia
1422 1491 1455 1553 in
1466 1491 1648 1572 tranquilla
1661 1491 1861 1570 quietancia,
1871 1493 1949 1570 inqua
2006 1539 2007 1582 ζ

349 1593 477 1658 tantum
492 1593 565 1654 eine
577 1591 819 1654 instrumentis.
836 1591 892 1652 Sic
908 1592 941 1652 et
955 1589 1051 1652 modo
1066 1590 1145 1654 sunt
1199 1588 1342 1666 quisque
1370 1589 1528 1660 nutritur,
1553 1588 1659 1650 donec
1687 1589 1794 1666 possit
1812 1588 1905 1650 solare
1922 1591 1949 1650 ad
2006 1583 2007 1644 ἕ

349 1689 494 1766 quidam,
525 1689 582 1768 qui
606 1691 743 1752 cantant
782 1689 817 1749 in
849 1687 1008 1766 psalterio
1029 1686 1143 1754 decem
1199 1685 1511 1762 contemplationem
1520 1685 1690 1748 felicitatis
1704 1689 1843 1758 aterne,
1853 1703 1950 1750 maneu-

350 1785 563 1858 chordarum,
580 1786 693 1848 decem
716 1785 874 1848 videlicet
899 1785 1065 1862 praccepta
1080 1785 1145 1844 be-
1199 1782 1276 1844 dum
1301 1784 1353 1844 est
1375 1798 1481 1860 usque
1506 1784 1549 1845 ad
1572 1785 1725 1846 mortem.
1742 1785 1857 1844 ‹Sicut
1873 1785 1950 1862 palm

351 1883 459 1960 calogi
488 1883 638 1946 docendo
655 1900 662 1943 ε
680 1881 815 1962 quidam
834 1881 974 1944 veroin
1001 1881 1143 1950 cithara,
1199 1879 1426 1956 multiplicabo
1450 1880 1523 1942 dies
1545 1897 1582 1956 »ς
1610 1881 1726 1942 Palma
1755 1881 1843 1944 tarde
1863 1882 1951 1958 profert

350 1979 436 2042 idest
449 1981 739 2042 mortificationem
764 1979 877 2040 carnis
896 1978 946 2040 sic
965 1978 1042 2038 aliis
1057 1992 1145 2056 prae·
1199 1975 1341 2038 fructum
1357 1993 1452 2038 suum
1465 1999 1473 2052 ;
1488 1979 1521 2039 et
1533 1978 1589 2057 qui
1612 1977 1743 2056 plantat
1758 1993 1837 2048 eam,
1849 1979 1951 2049 uiuant

350 2076 503 2138 dicando.
520 2077 581 2138 Sed
601 2077 699 2152 pauci
715 2078 803 2148 sunt,
819 2076 876 2156 qui
905 2075 1041 2137 cantent
1063 2089 1144 2134 uoce
1198 2089 1369 2152 nunquam
1388 2075 1499 2150 gustat
1524 2074 1565 2136 de
1586 2074 1696 2136 fructu
1715 2078 1797 2151 ejus.
1813 2076 1861 2135 Sic
1873 2077 1950 2152 Justns

349 2175 496 2254 propria,
511 2174 623 2236 verbis
639 2174 710 2234 suis
725 2189 826 2251 opera
849 2171 1143 2234 consonantiaad-
1199 2169 1348 2232 debonis
1370 2170 1528 2249 operibus
1549 2170 1604 2232 bic
1625 2187 1692 2232 non
1706 2171 1949 2250 quoeritiructunu

349 2271 528 2351 jungendo.
548 2270 775 2334 Ecclesiastici
797 2269 862 2349 (32,
886 2267 919 2350 8)
938 2291 945 2330 :
962 2269 1086 2332 «Sicut
1108 2269 1143 2328 in
1200 2267 1257 2328 sed
1283 2269 1448 2345 patienter
1460 2268 1613 2346 expectat
1625 2270 1788 2330 aeternum
1800 2269 1948 2346 praemium

349 2370 568 2434 lubricatione
592 2369 666 2430 auri
688 2369 819 2444 signum
833 2369 885 2430 est
897 2367 1078 2444 smaragdi,
1095 2367 1144 2428 sic
1199 2365 1289 2445 quia,
1315 2365 1402 2426 siout
1420 2364 1678 2428 Proverbiorum
1700 2364 1766 2444 (13,
1787 2364 1949 2444 indicitur,
2006 2437 2007 2440 Ἴ

351 2483 509 2530 numerus
545 2466 746 2527 musicorum
781 2465 817 2524 in
851 2463 1006 2526 convivio
1027 2461 1075 2544 (1)
1087 2467 1145 2540 ju·
1198 2463 1396 2524 Substantia
1410 2463 1575 2537 festinata
1587 2465 1777 2526 mirruetur.
1788 2464 1860 2527 Item
1871 2461 1950 2524 Palna
2006 2493 2007 2528 ÷

349 2565 468 2639 cundo,
480 2565 513 2626 et
527 2561 1145 2638 moderatouino.»Conuiuiumjucun·
1199 2561 1317 2621 inimo
1334 2560 1483 2636 gracilis,
1496 2561 1594 2636 juxta
1616 2560 1761 2623 fructum
1774 2564 1823 2623 est
1832 2561 1949 2636 grossior,
2006 2553 2007 2640 g

349 2663 438 2733 dum,
453 2663 486 2723 et
511 2660 718 2722 moderatum
742 2661 792 2720 est
817 2658 1022 2735 dispensatio
1038 2673 1143 2720 sacrae
1199 2671 1322 2732 rugosa
1335 2657 1538 2729 cortice,sod
1554 2673 1682 2718 comam
1698 2657 1799 2720 babet
1810 2659 1949 2735 pulchram,
2006 2699 2007 2740 3

351 2756 542 2834 scripturae,
558 2754 611 2816 vol
627 2751 798 2824 doctrina,
814 2753 850 2816 iu
866 2769 931 2830 quo
955 2751 1052 2814 debet
1068 2767 1144 2812 esse
1199 2753 1278 2816 licet
1318 2754 1460 2816 inferius
1489 2755 1532 2816 sit
1560 2755 1730 2832 despecta,
1754 2755 1786 2818 et
1810 2756 1890 2816 tarde
1910 2753 1951 2813 lert
2006 2749 2007 2816 ἶ

349 2867 509 2916 numerus
522 2848 1145 2920 musicorum,idestconsonantiaver·
1199 2849 1351 2912 fructum.
1368 2852 1459 2913 Talis
1479 2853 1529 2913 est
1545 2854 1670 2929 justus,
1696 2853 1755 2930 qui
1784 2850 1952 2928 inpraesenti
2006 2863 2007 2880 ¹

348 2951 479 3025 borum,
495 2952 528 3012 at
540 2964 689 3026 operum,
701 2949 734 3010 et
748 2947 856 3008 sicest
862 2946 1048 3024 jucundum
1064 2962 1145 3008 con·
1199 2949 1249 3010 est
1261 2949 1397 3024 gracilis
1415 2951 1448 3010 ot
1468 2949 1657 3026 despectus3
1683 2950 1744 3010 sed
1760 2965 1830 3010 cum
1847 2949 1951 3009 fructuu

349 3049 488 3112 virium.
505 3047 598 3118 Item,
610 3047 638 3106 si
654 3046 704 3106 est
718 3045 939 3107 consonantia
952 3043 1142 3116 uerborum,
1200 3045 1396 3122 susceperit,
1412 3046 1490 3109 tuno
1507 3048 1580 3124 ejus
1597 3047 1704 3118 valor,
1723 3049 1766 3118 et,
1786 3043 1952 3123 pulchritudo

351 3148 385 3208 et
399 3160 547 3222 operum,
570 3143 635 3206 erit
658 3143 746 3204 siout
768 3141 900 3220 signum
923 3140 1093 3216 smaragdi
1109 3141 1144 3202 in
1200 3142 1374 3220 apparebit
1390 3164 1398 3202 :
1414 3157 1477 3204 nac
1491 3159 1566 3206 eum
1581 3147 1763 3220 exasperat
1779 3143 1874 3210 labor,
1887 3155 1952 3218 quun

353 3241 570 3304 fabricatione
586 3239 671 3300 auri.
686 3238 879 3302 Doctriuam
890 3238 979 3300 enirn
995 3252 1089 3299 suam
1103 3237 1146 3296 il-
1201 3241 1235 3300 in
1248 3240 1314 3301 tine
1329 3239 1542 3316 pulchritudo
1564 3241 1823 3304 immortalitatis
1844 3253 1951 3302 comne-

351 3336 530 3400 luminabit
540 3335 697 3414 splendor
711 3335 832 3411 operis,
850 3334 936 3396 sicut
949 3335 985 3395 in
1000 3332 1146 3395 fabrica·
1199 3336 1258 3410 bit,
1273 3339 1307 3398 et
1317 3338 1415 3414 quasi
1426 3338 1523 3400 tarda
1537 3339 1611 3414 post
1625 3338 1745 3414 longos
1759 3338 1878 3400 labores
1888 3349 1951 3396 ner·

350 3429 1144 3510 tioneauridecoremaugatsplendorsmaragdi.
1200 3433 1316 3496 oedem
1338 3433 1490 3496 laborum
1515 3434 1675 3512 accipiet;
1699 3433 1954 3512 undetoh(11‚1i

352 3534 391 3594 ut
403 3533 493 3602 nota,
506 3529 591 3607 quod
606 3527 687 3590 dicii
701 3527 832 3604 signum
843 3544 852 3600 ;
865 3526 968 3590 anulo
981 3527 1069 3588 enim
1085 3543 1144 3588 so·
1200 3530 1241 3594 ad
1256 3529 1310 3609 20)
1329 3553 1335 3592 :
1350 3548 1368 3591 ‹
1382 3532 1483 3604 Quasi
1498 3531 1703 3594 meridianus
1729 3532 1835 3614 fulgor
1847 3541 1953 3592 consur·

350 3631 397 3690 let
407 3626 561 3704 sigillari,
582 3625 661 3704 quia
688 3625 777 3697 vitae,
794 3625 829 3686 et
841 3623 1000 3686 doctrinm
1020 3623 1145 3700 praela·
1200 3627 1326 3704 gattibi
1342 3629 1580 3706 advesperam,
1593 3628 1954 3702 atcumteconsuuptun

349 3727 458 3787 torum
480 3723 577 3786 debet
603 3722 749 3800 imprimi
774 3722 843 3784 vita
857 3720 1076 3784 subditorum.
1107 3719 1146 3782 ut
1202 3727 1381 3802 putaveris,
1409 3727 1529 3789 orieris
1559 3729 1596 3788 ut
1618 3727 1742 3788 lucifer
1768 3750 1775 3790 :
1800 3730 1831 3790 et
1855 3720 1955 3788 habebis

352 3817 1144 3898 nota,quodsmaragdusvaletooulisinspectus:
1201 3822 1368 3894 ilduciam,
1396 3824 1566 3902 proposita
1598 3824 1657 3886 tibi
1684 3841 1757 3902 spe,
1782 3828 1814 3886 et
1844 3822 1955 3884 defossus

352 3921 386 3982 et
400 3920 449 3982 sic
463 3918 569 3979 bonus
584 3917 743 3994 praelatus
755 3914 854 3977 debet
867 3915 981 3976 valera
1004 3913 1146 3975 subditis
1202 3935 1340 3980 securus
1364 3920 1508 3982 dormies
1528 3922 1769 3998 :Requiesces¹
1786 3924 1818 3983 et
1836 3915 1954 3986 non'erit,

352 4033 413 4094 per
427 4015 548 4076 bonum
573 4013 774 4090 exemplum.
801 4013 836 4074 Si
857 4027 937 4073 vero
953 4011 996 4072 sit
1011 4025 1144 4086 prorue,
1202 4018 1259 4094 qui
1273 4019 1305 4080 te
1320 4018 1499 4080 exterreat.
1516 4018 1609 4079 Oculi
1625 4019 1740 4080 autem
1751 4012 1954 4096 impiornnde

353 4114 443 4190 ipsos
458 4111 576 4181 inlicit,
602 4110 688 4171 sicut
702 4125 793 4184 aeger
806 4109 922 4170 oculus
935 4108 1043 4170 risum
1058 4107 1147 4169 alio·
1203 4113 1325 4186 finient,
1342 4116 1375 4176 et
1385 4114 1543 4190 effugium
1559 4115 1680 4192 peribit
1692 4116 1735 4178 ab
1746 4117 1796 4180 eis
1807 4133 1835 4178 s.

353 4227 428 4272 rum
452 4207 653 4282 corrumpit;
668 4205 754 4284 quod
769 4205 818 4266 sic
835 4209 896 4278 est,
914 4205 993 4282 quia
1004 4204 1033 4266 si
1048 4204 1148 4266 luerit
1241 4213 1363 4274 Jusius
1382 4214 1420 4274 ut
1430 4217 1549 4288 omma
1560 4213 1708 4286 florebit.
1723 4217 1804 4276 Cum
1830 4213 1903 4276 enim
1919 4219 1957 4284 pu

215 4355 230 4384 ,,
355 4307 472 4368 oculus
487 4302 665 4374 marcidum,
682 4301 847 4366 redundat
857 4305 891 4366 et
901 4301 1036 4364 morbus
1052 4301 1147 4379 quasi
1203 4308 1370 4372 extoriora
1391 4309 1478 4372 mala
1494 4310 1605 4386 justus
1632 4311 1828 4374 occumbere
1848 4301 1956 4384 coeptril,

355 4403 545 4480 contagium
559 4402 592 4462 in
605 4400 820 4480 propinquos.
921 4455 924 4462 .
1202 4407 1282 4470 tuuc
1297 4405 1432 4468 claritas
1449 4409 1520 4484 ejus
1541 4407 1668 4488 incipit.
1692 4411 1720 4469 Ε
1739 4411 1849 4472 contra
1863 4405 1896 4464 de
1908 4415 1956 4462 na·

1203 4503 1257 4576 lis,
1280 4503 1337 4582 qui
1362 4504 1533 4576 florebauat
1555 4507 1597 4566 de
1614 4505 1757 4568 ciuitate
1773 4503 1958 4576 stculsoeuwl

1205 4601 1323 4674 terra,
1334 4604 1421 4676 quod
1435 4603 1533 4664 bodie
1555 4601 1617 4676 est,
1635 4603 1667 4661 et
1682 4616 1764 4662 cras
1779 4605 1815 4662 tu
1828 4602 1958 4661 albucum

590 4669 729 4730 SERMO
763 4665 914 4729 CLXXV·
1203 4698 1357 4760 mittitur
1382 4695 1430 4776 (2)
1446 4719 1454 4772 3
1469 4697 1509 4759 da
1535 4712 1600 4773 quo
1622 4697 1847 4760 Ecclesiastici
1870 4692 1920 4772 (40,
1935 4689 1957 4748 1⁴

391 4811 471 4884 Quod
485 4811 527 4872 vir
538 4810 633 4885 justus
651 4815 831 4881 comparatur
853 4806 966 4880 palme,
980 4801 1111 4866 etcadro.
1205 4795 1246 4858 ad
1263 4793 1314 4874 16)
1332 4815 1340 4854 :
1355 4795 1636 4856 Praevaricatores
1663 4795 1699 4856 in
1715 4789 1958 4858 consummatione

1204 4892 1375 4957 tabescent
1400 4908 1408 4953 :
1429 4893 1567 4970 nepotes
1590 4906 1716 4965 eorum,
1745 4893 1798 4955 vel
1822 4887 1958 4966 impiorum

1205 4989 1410 5064 rumpentur,
1428 4988 1462 5048 et
1475 5002 1542 5051 non
1558 4986 1863 5062 multiplicabuntur
1874 4977 1957 5042 ranis,

1204 5084 1258 5144 vel
1277 5099 1343 5144 non
1369 5081 1638 5160 multiplicabunt
1663 5098 1788 5154 ramos,
1810 5083 1843 5142 et
1864 5074 1958 5139 radices

398 5183 478 5266 Quis
492 5183 535 5244 sit
557 5181 619 5244 iste
627 5182 749 5260 justus,
764 5180 799 5240 in
814 5179 1004 5246 Proverbiis
1017 5179 1081 5258 (12,
1095 5177 1148 5258 26)
1205 5179 1383 5243 immundae
1392 5195 1492 5256 super
1506 5191 1664 5242 <acumen
1679 5181 1783 5258 petras
1797 5171 1958 5240 sonantsu·

359 5279 586 5352 babeturzoui
600 5278 906 5356 negligitdamnum
919 5278 1053 5355 propter
1066 5276 1152 5339 ami·
1206 5294 1266 5357 per
1290 5292 1422 5340 omnem
1450 5291 1571 5354 aquam
1602 5276 1768 5349 viriditas,
1784 5275 1817 5338 et
1835 5272 1872 5336 ad
1893 5275 1958 5330 oram

359 5374 1151 5452 cum,hicjuetusest.amicusnosterestGhris·
1192 5375 1353 5436 ‘fluminis
1377 5376 1454 5435 ante
1482 5389 1580 5435 omne
1614 5374 1737 5436 ioenum
1765 5371 1918 5438 evelletur.
1935 5356 1957 5418 si

360 5509 532 5653 Vlqllgtaltlaers.
550 5505 609 5577 Syr.
629 5503 725 5562 addit:
742 5506 773 5561 iu
793 5504 927 5576 conuiuio,
943 5501 1018 5578 quod
1036 5503 1116 5563 abeat
1134 5519 1151 5562 a
1242 5507 1283 5576 (2)
1297 5505 1372 5564 Psal.
1387 5506 1432 5576 71,
1442 5503 1493 5576 16;
1510 5503 1708 5574 betruano.

380 4947 502 5008 Iustus
523 4946 561 5006 ut
581 4948 696 5018 amma
716 4939 851 5014 florebit
866 4958 877 5000 :
891 4941 980 5002 sicut
1000 4944 1123 5002 cedrus

416 5046 538 5105 Libaut
548 5037 840 5114 multiplicabitur.
852 5036 1013 5116 (Psal.91‚
1025 5035 1091 5116 13.)
