4204 6402
1721 355 1780 413 746

141 372 202 433 35
522 367 630 428 rans
659 363 802 428 33331.
818 395 859 410 -
878 357 1096 426 33333313
1125 327 1170 422 nr
1198 359 1402 421 rsnnuos.

143 525 379 606 temporalibus
403 525 545 598 inhiant,
568 542 608 588 ea
628 539 688 602 per
706 525 767 595 las,
785 523 817 585 31
839 523 935 583 33133
989 524 1066 582 3331
1079 535 1272 598 pauperum,
1289 516 1468 590 convertit,
1485 515 1518 578 et
1533 516 1581 576 sic
1596 515 1696 576 habet
1711 529 1783 590 per·

144 627 257 688 multis
281 625 458 686 sudoribus
483 624 670 700 acquirunt,
696 624 729 684 et
753 621 932 689 laboribus,
989 619 1179 679 cussionem
1195 617 1282 678 sicut
1300 615 1421 690 fulgur,
1439 615 1529 690 quia,
1551 614 1636 673 siout
1659 611 1780 687 fulgur,

143 727 180 787 ut
194 739 254 802 per
270 719 516 783 multitudinem
538 721 730 782 divitiarum
746 718 822 779 aliis
844 733 933 794 prae·
990 716 1054 776 3113
1076 715 1268 792 pertransit,
1294 715 1326 774 et
1348 713 1422 788 post
1443 727 1479 771 se
1503 710 1653 771 foetorem
1677 707 1784 769 relin-

144 821 306 882 lerantur.
335 819 393 880 Isti
417 818 505 878 male
528 817 701 880 attendunt
730 815 823 885 illud,
849 814 934 890 quod
990 811 1070 890 3311.
1102 812 1195 872 Unde
1228 809 1323 886 quasi
1350 810 1410 870 tali
1439 806 1628 868 insultando
1655 805 1782 866 ironice

144 919 294 994 sequitur
312 933 355 976 :c
376 913 554 976 Auferetur
577 915 663 974 31331
683 912 934 974 tabernaculum
990 909 1071 969 dicit
1095 907 1258 970 ieremias
1282 929 1288 966 :
1317 923 1336 966 ‹
1360 905 1485 978 Gaude,
1515 905 1548 965 et
1571 900 1782 964 laurentia

144 1015 244 1076 33133
266 1013 382 1074 333113.
409 1029 428 1070 r
456 1011 668 1090 Peregrinus,
695 1011 765 1070 sive
789 1009 935 1068 militans
989 1005 1104 1076 Edem,
1119 1020 1192 1080 quae
1208 1001 1338 1064 habitas
1352 1003 1386 1061 in
1401 1003 1494 1062 terra
1511 1003 1593 1071 Hus,
1610 999 1687 1078 quia
1705 999 1782 1059 ine-

145 1113 185 1172 de
201 1112 297 1172 nocte
313 1109 384 1185 tigit
398 1107 658 1178 tabernaculum,
683 1107 715 1168 et
735 1120 830 1166 mane
853 1119 935 1165 con·
989 1101 1165 1168 briaberis,
1183 1101 1215 1162 31
1233 1097 1442 1160 nudaberis»
1459 1096 1518 1176 (5).
1535 1097 1588 1157 1111
1606 1096 1790 1178 siquidem,

144 1223 289 1284 surgens¹
315 1205 397 1266 illud
424 1221 536 1266 secum
564 1204 683 1281 portat,
715 1219 775 1276 333
802 1201 933 1280 aliquod
990 1199 1046 1276 qui
1062 1197 1197 1259 affectat
1210 1197 1356 1267 terrena,
1373 1193 1518 1256 consulit
1533 1191 1705 1254 diabolus:
1721 1195 1781 1263 Tu,

143 1304 322 1380 vestigium
341 1303 491 1363 remanet
513 1301 569 1360 uhi
594 1302 686 1376 prius
711 1301 807 1360 nocte
825 1297 937 1358 taber·
991 1295 1157 1372 inquiens,
1184 1295 1239 1371 qui
1261 1292 1338 1355 talis
1361 1308 1408 1364 es,
1435 1290 1655 1352 inebriaberis
1680 1289 1784 1350 calioe

145 1399 300 1462 naculum
329 1399 459 1460 fixerat.
494 1399 548 1459 Sic
576 1396 699 1474 impius
729 1397 776 1457 ita
804 1393 934 1465 transit,
991 1390 1181 1469 Babylonis,
1209 1390 1296 1452 idest
1316 1406 1428 1451 amore
1459 1387 1630 1449 saecularis
1654 1387 1781 1462 gloriae,

144 1497 231 1574 quod
249 1497 344 1572 impii
359 1496 451 1556 nulla
473 1496 582 1580 restat
596 1495 772 1566 memoria;
794 1491 881 1552 unde
902 1489 937 1550 in
992 1485 1090 1566 atque
1104 1488 1284 1550 nudaberis
1301 1487 1341 1548 ab
1358 1485 1446 1548 omni
1462 1486 1657 1546 ornamento
1672 1485 1783 1546 virtu·
1876 1552 1878 1567 ,

146 1593 319 1655 Parabolis
349 1591 413 1670 (10,
437 1590 471 1671 7)
493 1613 501 1652 e
527 1609 546 1652 ‹
568 1592 728 1652 Memoria
752 1591 834 1667 justi
863 1605 938 1683 3331
991 1587 1049 1658 113;
1066 1587 1099 1648 31
1119 1584 1194 1646 ideo
1214 1583 1333 1662 gaude,
1353 1586 1386 1645 31
1400 1581 1525 1644 laetare.
1547 1585 1593 1644 De
1608 1582 1671 1643 hoc
1691 1582 1781 1657 potu,

145 1689 298 1752 laudibus
320 1710 327 1749 :
352 1705 472 1751 nornen
503 1690 613 1751 antem
640 1689 816 1764 impiorum
843 1703 936 1746 com·
993 1685 1025 1742 et
1044 1681 1195 1743 nuditate
1209 1681 1364 1742 Habacuc
1377 1680 1421 1760 (2,
1438 1679 1491 1759 15)
1505 1701 1513 1740 :
1529 1695 1547 1756 3
1563 1682 1631 1750 Vae,
1646 1679 1702 1756 qui
1719 1673 1783 1754 po'-

146 1789 315 1865 putrescet
344 1786 403 1867 (1).
430 1803 448 1846 1
476 1785 537 1849 Job
564 1784 632 1864 (24,
659 1783 717 1863 24)
740 1806 747 1844 :
772 1801 791 1844 c
815 1785 934 1844 111333-
983 1775 1577 1862 Ι1313113131313333313111333131,
1601 1774 1784 1847 inebrians,

146 1885 272 1946 buntur
294 1883 341 1963 (2)
373 1883 414 1945 ad
445 1883 622 1956 modicum,
654 1883 687 1944 31
714 1897 781 1942 333
812 1879 940 1940 subsis-
993 1877 1030 1936 nt
1046 1873 1188 1952 aspiciat
1207 1875 1388 1936 nuditatem
1412 1878 1529 1950 ejus.»
1548 1873 1610 1934 Hic
1634 1871 1784 1954 3313113-

146 1983 231 2057 1331;
248 1975 369 2058 »quia
392 1997 461 2042 333
479 1981 560 2042 3331
582 1977 629 2059 (3)
655 1977 807 2040 subditur
825 1979 860 2037 in
882 1978 938 2037 in·
993 1972 1101 2043 bolus,
1132 1973 1188 2048 qui
1215 1987 1250 2032 se
1275 1971 1410 2032 simulat
1432 1971 1601 2030 amicum:
1626 1969 1786 2050 Propinat

145 2079 261 2140 feriori
283 2079 372 2154 loco;
400 2079 432 2140 et
456 2077 637 2158 secundum
664 2075 765 2138 aliam
788 2068 938 2136 transla-
994 2066 1668 2145 3313313333333313313113,1311133313
1686 2065 1786 2127 eo'iel

145 2176 271 2238 tionem
293 2175 501 2252 sequiturzc
522 2177 561 2236 Et
582 2173 770 2235 marescant
785 2171 833 2251 (4)
855 2172 941 2231 sicut
982 2191 985 2196 ·
994 2163 1133 2242 3333311,
1165 2167 1202 2226 ut
1229 2165 1277 2224 313
1305 2164 1347 2225 ab
1381 2164 1470 2225 omni
1496 2164 1656 2225 virtutum
1684 2177 1788 2224 orna-

146 2272 305 2334 13311313
322 2273 420 2346 aestu3
444 2272 477 2332 et
496 2271 610 2349 postea
626 2271 840 2331 conterentur
855 2268 941 2328 sicut

148 2369 354 2430 summitates
374 2369 553 2444 spicarum.
571 2385 590 2426 3
610 2367 707 2442 Spica
730 2365 765 2425 in
788 2363 939 2426 inferiori

147 2465 241 2542 parte
270 2465 369 2526 habet
396 2480 512 2540 33333,
547 2464 582 2524 13
612 2463 779 2540 superiori
804 2462 938 2523 aristas.

148 2562 323 2637 Significat
343 2561 537 2632 Ecclesiam,
557 2561 593 2621 in
612 2561 706 2637 errius
726 2558 940 2619 inferioribus

148 2661 226 2720 sunt
235 2675 351 2734 grana,
365 2656 638 2734 insuperioribus
649 2658 773 2718 aristae.
792 2653 939 2716 Ecclesia

145 2770 226 2816 rere
242 2755 276 2814 in
291 2753 506 2816 inferioribus
523 2755 575 2815 est
593 2753 757 2822 foecunda,
781 2752 815 2812 in
836 2767 940 2828 supe-

147 2844 292 2912 rioribus
308 2851 359 2913 est
373 2851 509 2922 sterilis,
526 2851 559 2912 et
572 2849 788 2910 infructuosa.
806 2850 845 2910 Et
856 2848 940 2908 bene

26 2933 31 2944 ⁸
147 2963 206 3024 per
227 2949 365 3010 aristam
393 2947 625 3024 significantur
654 2946 795 3024 praelati.
829 2945 941 3007 Arista

147 3045 234 3105 enim
250 3045 376 3121 pungit,
398 3047 430 3106 31
450 3046 514 3105 3113
530 3045 665 3117 3133311,
687 3044 719 3105 31
738 3041 940 3118 frangitura

148 3141 229 3203 11313
243 3143 347 3205 venti.
371 3142 411 3203 Et
435 3145 578 3217 majores
598 3141 703 3202 nostri
725 3141 761 3202 in
781 3135 955 3201 eminenti

148 3239 220 3301 loco
237 3240 346 3315 positi,
361 3241 398 3301 ut
409 3239 477 3300 vita
492 3241 524 3300 31
538 3254 667 3300 morum
678 3239 850 3299 honestate
863 3238 939 3298 aliis

149 3336 351 3413 praecellant,
369 3337 454 3398 sicut
475 3335 587 3397 aristae
610 3335 687 3396 sunt
706 3334 890 3411 pungentes
904 3336 939 3395 in

148 3435 308 3507 subditos,
324 3435 356 3495 et
369 3431 463 3510 quasi
479 3432 577 3504 aridi,
594 3435 626 3493 et
640 3432 720 3492 sicci
733 3433 810 3492 3313
826 3432 940 3492 datum

148 3531 290 3607 alicujus
306 3529 577 3608 reprehensionis
593 3529 658 3590 cito
680 3528 891 3603 tranguntur,
909 3530 941 3589 et

146 3629 331 3689 moventur.
350 3628 443 3688 Unde
459 3625 520 3689 Job
537 3623 600 3705 (20,
617 3623 692 3704 2513
708 3625 893 3695 «diductus,
909 3626 942 3686 et

147 3725 320 3801 egrediens
344 3725 384 3785 de
407 3723 529 3799 ragina
554 3739 626 3795 333,
653 3724 685 3784 31
707 3721 880 3797 fulgurans
905 3721 940 3781 in

146 3821 368 3884 amaritudine
393 3836 464 3881 sua.
488 3838 507 3880 3
531 3819 669 3880 Gladius
694 3819 880 3881 occultatur
905 3819 940 3878 in

147 3920 293 3996 vagina:
319 3921 351 3981 et
375 3919 410 3979 in
436 3918 534 3979 corde
556 3917 702 3978 hominis
726 3915 955 3978 absconditur.

147 4016 339 4088 crudelitas,
360 4032 434 4092 qnae
458 4015 648 4076 educitnra
668 4012 800 4075 diaholo
820 4027 942 4088 sugge-

147 4115 252 4186 rente,
269 4115 302 4175 et
317 4114 486 4190 egreditur
508 4113 644 4189 propria
664 4111 809 4173 hominis
821 4111 942 4172 volun-

147 4211 226 4274 tate.
255 4212 295 4273 Et
323 4213 402 4272 1333
427 4210 551 4272 dicitur
574 4209 674 4270 homo
703 4209 876 4284 fulgurans
906 4206 941 4267 in

147 4308 369 4370 amaritudine
393 4324 464 4368 sua.
490 4308 625 4384 Fulgur,
651 4309 687 4368 ut
710 4305 880 4368 descendit
899 4303 941 4364 ab

147 4405 226 4474 3113,
244 4405 355 4464 lumen
370 4404 481 4476 habet,
505 4407 537 4465 31
551 4404 812 4482 percussionem,
829 4404 862 4464 31
876 4403 941 4464 3113

147 4500 337 4576 pertransit.
358 4501 411 4560 Sic
427 4501 533 4560 malus
549 4502 706 4576 praelatus
720 4501 816 4576 quasi
830 4500 943 4575 fulgur

147 4597 189 4659 ab
202 4595 269 4658 alto
291 4595 471 4666 descendit,
489 4599 521 4656 et
539 4597 687 4658 subditos
702 4598 869 4658 violenter
883 4598 943 4657 de-

996 2264 1107 2323 mente
1125 2261 1322 2337 expolietur,
1339 2261 1394 2338 qui
1410 2261 1474 2322 hoc
1488 2262 1567 2337 potu
1588 2254 1784 2320 inebriatur.

1253 2518 1392 2579 SERMO
1415 2518 1527 2578 LXIX.

996 2667 1037 2722 De
1051 2665 1163 2738 sagittis
1185 2667 1246 2734 Dei,
1262 2667 1311 2738 qui
1331 2663 1446 2724 13111313
1462 2672 1529 2722 3331
1543 2663 1651 2721 homini
1672 2673 1785 2738 propter

1042 2760 1190 2827 peccatum
1203 2755 1287 2826 primi
1303 2755 1437 2826 parentis.
1454 2755 1495 2810 De
1508 2759 1615 2810 terrore
1626 2753 1737 2826 judicit,

997 2900 1165 2964 03331313
1179 2897 1316 2972 3331113
1331 2898 1400 2958 tuta
1414 2897 1629 2968 innoteseat
1643 2899 1740 2969 mibi,
1754 2899 1788 2958 et

1035 2996 1251 3066 confirmasti
1277 3009 1384 3070 stipor
1415 3009 1471 3056 me
1508 3010 1652 3056 3133331
1680 2995 1787 3056 tuam.

1037 3089 1141 3170 (Psal.
1156 3093 1208 3162 37,
1225 3088 1272 3168 3.)

1034 3241 1082 3302 Ad
1103 3241 1357 3302 aedificationem
1379 3241 1593 3312 humilitatis,
1611 3242 1644 3303 31
1657 3241 1787 3303 timoris

995 3338 1084 3400 33131
1099 3339 1184 3415 quod
1203 3339 1283 3400 dicit
1300 3361 1307 3398 ε
1323 3339 1468 3415 83311133
1487 3339 1556 3400 tuce
1572 3340 1694 3410 13113333
1707 3339 1788 3400 3331

994 3438 1090 3497 33111.
1121 3435 1256 3510 sagitta
1285 3435 1416 3496 Domini
1443 3436 1521 3496 3331
1549 3436 1661 3496 carnis
1689 3435 1789 3496 indr-

997 3533 1106 3601 mitas,
1128 3532 1161 3592 et
1181 3531 1343 3592 moriendi
1365 3532 1560 3603 necessitas,
1583 3548 1656 3609 quae
1676 3531 1789 3592 1311333
1851 3553 1854 3563 ·

996 3629 1073 3688 3331
1087 3628 1121 3687 13
1136 3628 1283 3704 33311131
1297 3627 1447 3703 bomine3
1464 3628 1551 3690 unde
1565 3628 1627 3691 Job
1640 3643 1789 3704 conque-

996 3723 1092 3795 ritur,
1106 3723 1219 3785 dicens
1232 3723 1276 3802 (6,
1290 3723 1323 3802 4)
1339 3740 1378 3783 2«
1394 3723 1531 3800 Sagittae
1541 3725 1672 3785 Domini
1688 3725 1722 3784 in
1738 3742 1790 3786 me

997 3822 1085 3894 sunt,
1113 3836 1252 3897 quarum
1287 3820 1473 3896 indignatio
1502 3820 1604 3881 ebibit
1636 3822 1789 3898 spiritum

997 3933 1117 3986 meum,
1134 3920 1166 3978 et
1188 3919 1332 3978 terrores
1355 3918 1486 3978 Domini
1507 3918 1652 3979 militant
1673 3920 1789 3981 contra

996 4017 1163 4076 me.»1ta
1187 4029 1266 4090 ergo
1291 4013 1405 4076 infixae
1428 4017 1506 4076 sunt
1529 4015 1580 4076 hae
1606 4015 1735 4091 sagittae
1755 4016 1790 4078 in

997 4126 1194 4188 unoquoque
1205 4112 1366 4183 nostrum,
1377 4111 1790 4188 quodeasextraberenon

997 4223 1183 4285 possumus.
1207 4211 1277 4269 Hoc
1300 4211 1349 4270 est
1371 4223 1455 4270 onus
1479 4209 1690 4285 colligatum:
1712 4213 1791 4272 Haec

997 4306 1047 4367 est
1064 4306 1142 4379 1313,
1164 4321 1262 4382 quam
1285 4305 1414 4368 orditus
1438 4306 1489 4367 est
1512 4308 1669 4368 Dominus
1692 4324 1792 4384 snper

997 4419 1057 4465 nos
1073 4417 1091 4464 3
1107 4403 1271 4480 principio
1289 4403 1414 4463 mundi.
1432 4407 1552 4464 Omnes
1570 4405 1658 4465 enim
1678 4407 1789 4466 vestiti

998 4517 1112 4562 sumus
1127 4515 1170 4561 ex
1182 4501 1245 4562 hac
1255 4500 1333 4562 1313.
1348 4501 1442 4563 Unde
1457 4502 1562 4562 isaias
1577 4501 1640 4581 (25,
1655 4501 1719 4564 731
1734 4501 1767 4580 8)
1781 4519 1788 4562 :

996 4615 1015 4656 c
1030 4599 1069 4658 Et
1084 4597 1304 4674 praecipitabit
1317 4598 1477 4658 Dominus
1492 4598 1527 4658 in
1543 4601 1655 4659 monte
1667 4599 1731 4659 1313
1745 4599 1791 4659 13·

149 4694 273 4773 3111311.
304 4697 430 4754 Lumen
464 4692 573 4763 babet,
609 4699 642 4754 31
678 4694 941 4770 percussionem,
997 4693 1788 4772 olemvinculicolligatisuperomnespopulos‚

147 4793 304 4871 quoniam
321 4791 389 4862 ille,
405 4791 463 4868 qui
478 4788 615 4850 deberet
629 4805 706 4852 esse
722 4790 834 4850 lumen
847 4769 941 4866 posi·
998 4793 1030 4852 et
1041 4791 1154 4864 telam,
1171 4807 1269 4867 quam
1286 4791 1414 4852 orditus
1430 4793 1593 4867 estsuper
1608 4809 1722 4854 omnes
1735 4809 1791 4854 na·

148 4892 216 4952 tum
240 4905 340 4966 super
361 4886 612 4955 candelabrum,
639 4889 675 4950 ut
695 4887 860 4949 intrantes
883 4887 944 4946 do·
996 4889 1115 4949 tiones.
1155 4887 1384 4964 Praecipitabit
1419 4891 1557 4949 mortem
1594 4889 1630 4950 in
1667 4891 1792 4969 sempi-

149 5003 238 5048 mum
263 4988 322 5048 Dei
344 4986 495 5048 viderent
519 4984 612 5056 illud,
641 4983 785 5060 positum
809 4985 860 5045 est
881 4982 941 5043 sub
997 4987 1137 5046 ternum.
1151 5002 1169 5046 3
1184 4985 1344 5046 Dominus
1358 5001 1377 5045 3
1392 4986 1555 5062 principio
1571 5002 1675 5063 33333
1690 5005 1789 5061 3333,

149 5085 271 5160 modio,
288 5099 361 5144 curn
382 5099 417 5144 se
441 5083 482 5144 ad
503 5083 655 5157 rapinam
676 5081 850 5153 bonorum,
871 5095 943 5158 quae
997 5083 1029 5144 et
1043 5082 1192 5144 ordietur
1207 5097 1311 5159 usque
1327 5082 1361 5142 in
1375 5082 1613 5160 sempiternum
1628 5083 1687 5164 (6).
1703 5087 1788 5146 Car-

185 5252 224 5320 (1)
244 5252 329 5324 vulg.
346 5267 352 5306 :
370 5256 521 5322 putrescet.
998 5247 1148 5304 vehuntur.
1163 5249 1308 5316 Pusillum,
1326 5255 1355 5304 et
1375 5262 1430 5305 non
1450 5257 1542 5306 erunt.
1565 5271 1576 5300 »
1600 5253 1635 5307 111
1657 5253 1789 5325 parapbr.

185 5323 224 5387 (11
245 5322 342 5378 111333
360 5323 453 5387 111Χς
468 5321 553 5402 Vulg.
571 5320 674 5378 elevati
688 5327 763 5376 sunt.
997 5318 1092 5376 chald.
1103 5335 1109 5374 :
1122 5321 1280 5390 Expectant
1290 5319 1432 5390 pusillum,
1443 5327 1471 5375 31
1483 5323 1755 5381 3333313331333133
1765 5346 1788 5381 ι.

186 5391 226 5463 (3)
247 5394 309 5448 Non
323 5399 397 5458 3331,
414 5399 467 5448 313.
486 5391 676 5476 1113131333
692 5389 762 5462 legit
781 5406 787 5446 :
807 5411 817 5438 ι
833 5389 943 5446 11131311
1034 5389 1075 5460 (1)
1088 5391 1320 5457 Etmarcesoent,
1333 5396 1386 5446 313.
1400 5393 1432 5446 13
1443 5391 1606 5463 polyglottis
1615 5395 1657 5449 sic
1668 5394 1788 5466 legitur:

148 5461 265 5519 suntad
287 5459 440 5526 modicum,
460 5467 488 5518 31
507 5474 563 5516 333
585 5477 617 5518 33
638 5467 749 5527 sistent,
765 5467 794 5516 31
809 5456 940 5516 bumilia-
1000 5482 1011 5510 ‹
1029 5461 1174 5518 Emercuit
1189 5467 1284 5516 autem
1300 5460 1373 5516 sicut
1385 5461 1478 5518 malva
1495 5463 1619 5520 inesto.
1634 5480 1646 5513 3

149 5533 253 5589 buntur
271 5533 344 5588 31331
359 5533 465 5596 omnia,
488 5539 516 5587 31
534 5530 706 5592 allicientur,
728 5538 757 5588 et
771 5530 844 5587 31331
863 5545 940 5586 sum·
1034 5531 1075 5600 (5)
1096 5529 1211 5598 11333,
1230 5529 1315 5597 1311.

150 5603 263 5660 13113133
277 5603 420 5673 spicarum
434 5607 625 5658 actitarentur.
642 5601 768 5662 ›Versio
783 5601 905 5673 syriace,
916 5607 945 5656 et
1036 5599 1077 5672 (11
1091 5603 1185 5672 Usque
1198 5601 1226 5656 13
1238 5601 1443 5672 sempiternum
1451 5617 1459 5670 ;
1473 5601 1555 5669 idest,
1570 5615 1659 5674 33333
1673 5601 1708 5660 ad
1720 5617 1788 5661 con·

150 5673 263 5732 arabica
279 5671 364 5730 babet
379 5689 387 5730 z
406 5695 416 5722 ι
435 5671 514 5730 03311
529 5671 591 5744 eius
605 5687 690 5744 super
704 5672 758 5729 viis
770 5686 869 5729 eorum
884 5672 941 5728 ole-
998 5671 1219 5730 summationem
1233 5672 1411 5740 3333133331,
1424 5681 1452 5729 31
1468 5673 1553 5730 tinem
1569 5672 1677 5730 mnndi.
