4118 6390
329 337 412 398 1259
759 341 793 400 S.
814 339 992 399 monn
1013 340 1202 400 PADUANI
1223 339 1362 402 OPERA
1382 338 1532 400 unxia.
1903 340 1982 400 1261}

330 497 482 558 suaviter
511 497 707 562 viventium.
728 495 878 574 Abyssus
903 496 985 558 dielt
1012 518 1020 558 ε
1048 499 1123 559 Non
1177 514 1277 576 quam
1288 497 1366 568 sint,
1375 497 1979 574 verborumcompositionibus,quasi

329 597 381 656 est
405 594 440 654 in
454 609 523 668 me3
545 594 580 655 et
597 609 691 655 mare
713 594 882 671 loquitur:
899 595 973 656 Non
988 595 1039 656 est
1053 610 1125 656 me-
1178 595 1388 672 superdnctis
1428 597 1597 655 colorum
1638 593 1881 655 inveniuntur.
1913 598 1984 654 It‘ec

328 689 560 751 eum.»lt'eseit
574 689 826 768 bomopretium
839 695 924 768 ejus,
938 691 1026 752 idest
1036 691 1125 753 aesti·
1178 692 1372 765 aemulus·
1385 693 1418 751 et
1443 705 1583 760 aurum,
1611 695 1665 751 ael
1685 691 1832 751 oilmm.
1852 695 1982 751 Aurum

327 785 507 848 mationem
521 787 631 863 pretii,
645 788 722 865 qnia
734 789 762 848 si
778 789 890 860 sciret,
907 805 973 849 non
987 774 1126 865 repelle-
1179 789 1278 861 lucet,
1292 787 1415 850 vitium
1430 787 1623 849 translucet
1636 790 1703 848 Per
1715 803 1848 852 aurum
1863 789 1982 864 igitur,

327 886 393 958 ret;
407 882 449 944 de
467 899 533 961 qua
551 885 744 960 repulsione
767 885 891 946 dicitur
911 885 982 964 (Ps.
997 887 1048 958 ol,
1064 884 1121 963 5):
1178 889 1212 947 et
1231 889 1363 947 atinam
1391 885 1505 946 Sancti
1526 885 1561 944 in
1583 885 1692 961 patria
1716 886 1980 961 intelligentam

327 983 594 1044 «Verumtamen
613 982 754 1058 pretium
765 999 873 1044 meum
893 984 1124 1058 cogitaverunt
1178 984 1255 1060 qnia
1283 999 1350 1044 non
1371 983 1481 1053 solum
1503 983 1538 1042 in
1566 998 1603 1042 sa
1621 982 1795 1058 fulgebunt
1820 999 1887 1060 per
1914 986 1983 1044 cla-

326 1077 1122 1156 repellere.»Sequitur:«Noninveniturinterra
1178 1081 1322 1153 ritatem,
1338 1079 1396 1140 sed
1423 1079 1524 1140 etiam
1550 1081 1799 1140 mentemsnam
1828 1079 1874 1140 ab
1897 1081 1985 1140 alio-

329 1175 478 1236 suaviter
504 1177 698 1238 virentium.
723 1193 741 1235 s
761 1176 850 1238 Idem
864 1175 909 1255 (6,
924 1175 958 1256 2)
988 1194 1032 1238 :c
1050 1177 1124 1238 Uti·
1177 1191 1251 1238 rum
1262 1177 1368 1238 oculis
1382 1177 1581 1238 intuentium
1591 1177 1734 1237 invicem
1744 1191 1814 1238 non
1830 1177 1982 1237 abscom

328 1285 405 1332 nam
433 1273 702 1349 appenderentur
725 1277 860 1350 peecata
886 1289 977 1348 mea,
1003 1274 1123 1351 quibus
1177 1274 1257 1336 dent
1281 1296 1288 1333 :
1315 1289 1377 1336 nec
1405 1275 1517 1336 tamen
1543 1274 1675 1335 Christo
1696 1273 1981 1351 adaequabnntur.

327 1367 413 1428 iram
439 1369 547 1430 merui
564 1391 572 1430 ε
586 1370 619 1432 et
633 1370 818 1442 calamitas,
832 1387 931 1450 qnam
953 1371 1072 1447 patior,
1087 1370 1122 1431 in
1178 1371 1336 1448 Sequitur
1355 1371 1453 1448 (lbid.
1468 1373 1520 1442 28,
1536 1371 1590 1450 22)
1605 1391 1613 1431 :
1627 1388 1646 1429 ι
1660 1371 1824 1442 Perditio,
1843 1374 1881 1433 et
1894 1389 1984 1432 mors

328 1466 631 1529 inuranstatera
640 1467 704 1530 ista
713 1467 863 1530 Christus
876 1470 909 1531 et
921 1466 982 1548 (l),
995 1467 1123 1528 babens
1177 1468 1335 1530 dixerunt
1357 1490 1365 1529 :
1387 1468 1533 1529 Auribus
1557 1469 1682 1529 nostris
1706 1468 1907 1528 audirimus
1934 1470 1984 1530 la-

327 1561 456 1624 lancem
471 1563 723 1637 misericordia,
739 1567 773 1627 et
781 1565 938 1642 justitiae3
952 1568 987 1627 et
999 1581 1122 1641 pecca-
1178 1582 1264 1628 mam
1280 1569 1365 1644 ejus,
1377 1566 1455 1642 quia
1470 1581 1530 1643 per
1544 1579 1633 1638 eum,
1643 1567 1698 1642 qni
1712 1566 1764 1626 est
1775 1567 1889 1637 salus,
1907 1583 1984 1642 per-

328 1660 398 1721 tum
414 1675 474 1738 per
485 1661 749 1723 misericordiam
763 1663 953 1736 remissum,
966 1663 1018 1723 rel
1033 1662 1123 1722 rela-
1177 1663 1260 1725 ditio
1274 1664 1444 1726 destructa
1461 1663 1528 1738 est3
1550 1678 1610 1740 per
1621 1679 1709 1733 eum,
1725 1663 1795 1724 vita
1812 1667 1882 1736 est,
1893 1681 1983 1724 mois

327 1771 424 1829 xans,
440 1758 514 1819 leve
538 1773 624 1830 esse,
653 1761 687 1820 et
707 1759 931 1820 calamitatem
951 1759 1124 1820 moriendo
1177 1762 1250 1838 ipsa
1266 1761 1464 1822 mortificata
1478 1764 1540 1821 est.

326 1855 440 1930 pravis
466 1871 541 1917 esse
564 1856 722 1932 ponderis
743 1855 899 1918 ostendit.
913 1856 999 1918 Dicit
1013 1871 1120 1932 erge:
1218 1859 1375 1936 Sequitur
1401 1879 1410 1919 z
1435 1858 1615 1920 Excitavit
1633 1872 1742 1918 cornu
1761 1862 1889 1933 pomae
1917 1863 1981 1921 aad.

332 1953 469 2013 Uttnam
480 1954 762 2028 appenderentur
776 1955 919 2026 peccata
934 1955 1006 2027 elc,·
1026 1953 1122 2030 quasi
1178 1959 1247 2018 Hoc
1261 1956 1417 2033 estquod
1430 1955 1512 2016 alibi
1523 1956 1646 2016 dicitur
1657 1975 1665 2015 ε
1678 1957 1724 2016 nt
1737 1957 1862 2016 matti
1872 1971 1981 2018 corum

327 2047 452 2110 dieat:
482 2049 607 2110 Malum
633 2053 758 2111 nostrae
791 2050 1015 2112 damnationis
1048 2050 1123 2112 lere
1175 2055 1299 2115 saluus
1319 2057 1426 2127 nobis,
1452 2057 1489 2114 tn
1518 2055 1618 2114 danea
1650 2055 1763 2114 Duum
1782 2057 1898 2126 praes-t
1931 2059 1983 2115 stit

327 2161 402 2208 esse
416 2145 575 2222 creditur,
587 2147 644 2208 sed
661 2148 787 2208 utinam
802 2147 926 2220 veniat,
943 2149 1000 2225 qui
1016 2149 1124 2210 osten·
1178 2149 1291 2230 (Luca
1308 2153 1338 2222 1,
1360 2150 1426 2229 69).
1454 2154 1520 2211 Per
1534 2165 1655 2220 cornia,
1680 2148 1770 2225 qnod
1797 2153 1856 2212 est
1880 2167 1981 2227 supra

327 2241 409 2304 dens
451 2245 606 2320 patriam,
637 2259 740 2321 grave
765 2260 839 2307 esse
868 2245 1020 2308 ostendat
1046 2246 1124 2306 exl-
1177 2263 1324 2319 carnem,
1348 2249 1382 2309 et
1405 2247 1492 2308 intra
1514 2264 1563 2318 os,
1592 2247 1801 2308 molliusest
1823 2263 1919 2321 osse,
1953 2251 1983 2310 et

327 2339 421 2411 lium,
437 2343 489 2401 vel
505 2341 632 2403 doceat.
652 2342 745 2404 Unde
757 2341 1013 2420 sequitur(lbid.
1029 2341 1119 2422 e,3):
1177 2344 1294 2406 durius
1307 2350 1358 2407 est
1370 2361 1485 2416 carne,
1500 2345 1692 2407 humanitas
1707 2344 1838 2405 Christi
1854 2345 1983 2406 intelli-

326 2437 431 2502 Ouasl
455 2451 567 2498 arente
587 2442 698 2499 murts
718 2443 791 2500 bac
803 2445 948 2516 praetor
968 2454 1121 2514 appare·
1177 2445 1277 2519 gitur,
1292 2457 1365 2521 quae
1378 2457 1479 2518 snpra
1495 2457 1626 2503 omnem
1638 2443 1830 2503 creaturam
1847 2445 1915 2512 est,
1929 2443 1983 2503 in-

327 2533 394 2596 rel.
415 2535 546 2604 Arena,
569 2551 655 2612 quae,
672 2537 755 2596 aestu
771 2535 875 2596 maris
888 2535 1051 2596 undarum
1062 2551 1124 2596 ex·
1178 2539 1228 2603 ira
1241 2543 1431 2604 Creatorem
1447 2541 1557 2601 tamen
1572 2539 1734 2602 subsistit.
1749 2539 1813 2600 Vel
1830 2556 1896 2616 per
1908 2558 1984 2602 con-

326 2630 431 2691 terius
449 2631 596 2706 pellitur,
612 2632 786 2694 calamitas
802 2635 1027 2709 comparatur,
1044 2633 1123 2710 qula
1178 2653 1234 2712 nu,
1258 2639 1344 2718 qnod
1367 2637 1556 2700 inanimali
1578 2641 1640 2709 est,
1658 2636 1717 2697 sed
1739 2653 1819 2698 cum
1839 2639 1981 2700 animali

327 2725 426 2787 bomo
442 2743 584 2802 96008118
599 2728 753 2790 fluctibus
767 2730 987 2791 tentationum
1001 2731 1120 2800 wius,
1178 2753 1244 2798 non
1263 2737 1424 2804 nascitur,
1435 2736 1577 2797 virtutes
1587 2733 1838 2810 intelliguntur,
1855 2753 1934 2814 quae
1949 2739 1981 2797 in

327 2823 369 2885 ab
380 2823 507 2885 intimis
522 2827 671 2887 exterius
687 2827 767 2888 exit.
784 2828 927 2890 Gravior
945 2829 1055 2888 autem
1071 2827 1123 2888 di·
1178 2835 1312 2895 bomine
1329 2836 1418 2904 sunt,
1436 2849 1497 2894 nec
1507 2835 1618 2895 tamen
1634 2848 1708 2892 oum
1720 2847 1761 2892 eo
1777 2837 1980 2905 nascuntur,

327 2921 425 2990 citur,
451 2921 529 2998 quia
559 2921 642 2984 dura
671 2922 775 2986 tuisse
799 2939 895 3002 poene
923 2924 1120 2994 ostenditur,
1177 2931 1234 2991 sed
1256 2947 1332 2992 eum
1348 2932 1502 2991 muniunt
1522 2931 1680 3006 tanquam
1694 2944 1825 2990 cornua
1840 2931 1980 2991 animal.

327 3015 405 3078 dum
432 3034 491 3096 per
516 3019 782 3082 misericordiam
813 3023 911 3099 culpa
944 3021 1119 3097 levigatur.
1177 3029 1237 3090 vel
1262 3029 1363 3091 aliter
1389 3049 1396 3089 =
1424 3029 1604 3090 Eoemtavtt
1629 3041 1738 3088 consu
1762 3031 1889 3101 populi
1913 3033 1978 3090 snt

327 3119 478 3190 Abpssus
491 3117 573 3178 divit
585 3133 596 3177 ·'
610 3121 689 3180 Νθη
701 3121 798 3181 etllu
811 3134 877 3182 me·
889 3121 954 3180 Per
966 3119 1122 3196 abyssum
1177 3127 1299 3198 Cornu,
1315 3129 1347 3188 et
1363 3141 1400 3188 os
1415 3128 1493 3188 sunt
1512 3127 1547 3186 in
1562 3123 1720 3184 animali:
1736 3123 1795 3184 sed
1809 3139 1922 3186 oornu
1933 3129 1980 3186 est

328 3212 429 3273 corda
444 3215 631 3275 carnalium
645 3215 750 3290 iluna,
770 3217 803 3278 et
816 3215 990 3278 tenebrosa
1002 3215 1124 3276 intelli·
1178 3221 1337 3287 fortitudo
1363 3225 1460 3286 extra
1484 3237 1635 3296 earnem
1657 3235 1695 3280 os
1714 3235 1796 3282 vero
1817 3221 1980 3284 ior-titudo

328 3310 464 3384 guntur.
481 3310 547 3371 Ista
571 3311 737 3385 nesciunt,
763 3312 820 3373 ubi
835 3329 916 3374 vera
931 3313 975 3374 sit
988 3313 1124 3389 sapien·
1177 3320 1211 3380 in
1238 3335 1351 3382 earne.
1382 3325 1499 3384 Cornu
1523 3335 1616 3395 ergo,
1630 3315 1720 3377 idest
1743 3315 1980 3380 tortitudinem

328 3405 376 3466 tia
394 3421 401 3465 :
418 3405 475 3466 sed
498 3405 554 3468 ubi
582 3423 662 3470 vera
682 3423 748 3469 non
776 3409 831 3480 sit,
851 3411 993 3485 aduena
1012 3411 1122 3471 dtett:
1177 3419 1272 3480 extra
1296 3433 1443 3490 carnem,
1464 3417 1553 3480 idest
1572 3412 1826 3485 carnalitatem,
1853 3417 1983 3478 exaltat

328 3505 408 3565 Non
422 3505 473 3566 eei
488 3505 603 3566 inme.
616 3507 974 3581 interementes-:Non
988 3509 1040 3569 est
1054 3521 1125 3570 me·
1178 3515 1348 3588 Dominus,
1368 3531 1434 3577 nen
1454 3515 1680 3579 tortitudinem
1701 3517 1735 3578 in
1749 3531 1858 3578 earne
1877 3537 1886 3574 :
1903 3517 1984 3575 Haee

328 3615 419 3673 cum,
435 3601 514 3678 (luia
533 3602 733 3678 Perturbat&
757 3604 884 3665 mssllits
898 3605 1122 3675 willarium,
1177 3614 1325 3675 estenirn
1338 3612 1495 3676 tortitudo
1506 3615 1606 3690 asini,
1617 3615 1717 3692 quiin
1727 3614 1826 3691 parta
1838 3613 1916 3684 illa,
1932 3614 1985 3672 ri-

329 3713 403 3774 quae
431 3715 491 3775 l)er
513 3713 613 3762 male
641 3701 886 3778 “primmdum
914 3702 1060 3762 clamant
1082 3717 1121 3763 00
1177 3710 1297 3773 delicet
1319 3712 1354 3772 in
1380 3711 1540 3785 humeris,
1558 3711 1614 3772 ubi
1638 3712 1748 3790 portat
1769 3709 1983 3780 crucem,ibi

329 3794 414 3872 quod
442 3811 461 3856 θ
487 3811 567 3858 leta
601 3799 765 3874 salientia
800 3797 899 3874 ¹⁰11th
930 3800 1008 3872 Sint,
1036 3798 1122 3876 quod
1177 3807 1297 3870 debilis
1318 3807 1983 3884 est:tortis,nbicrnxtlnitur,scilicet

328 3892 449 3968 quieta
460 3907 525 3954 non
536 3895 625 3955 sunt.
1177 3905 1211 3966 in
1227 3905 1480 3982 posterioribus.
1497 3907 1552 3968 Sic
1567 3906 1700 3990 quidam
1713 3905 1749 3966 in
1760 3921 1867 3968 eruce
1878 3907 1984 3984 poeni-

369 3989 445 4050 nno
457 3993 624 4065 consessa
639 3996 714 4065 ejus
728 4007 835 4066 saper
847 3999 981 4064 celum.
996 3994 1030 4055 el
1046 3993 1121 4056 ter·
1177 4003 1290 4065 tentia
1313 4004 1391 4065 sunt
1416 4003 1561 4086 neni-lea
1583 4005 1619 4064 m
1646 4002 1880 4080 voluptatibus
1901 4019 1984 4064 vero

328 4100 418 4147 tam·
450 4087 489 4150 Ei
514 4103 604 4160 vere,
632 4090 710 4166 quia
734 4093 770 4152 ut
795 4091 876 4152 dicit
903 4089 964 4152 Job
993 4090 1057 4169 (28,
1085 4091 1123 4152 15
1177 4099 1290 4160 fortes.
1315 4100 1407 4161 Talis
1432 4101 1589 4162 tortitudo
1611 4116 1678 4162 non
1700 4100 1891 4172 exaltatur,
1917 4103 1983 4161 imo

329 4182 369 4244 ad
387 4181 438 4261 17)
457 4185 587 4246 ;«Νοιι
613 4185 745 4249 dabitur
762 4203 879 4248 aurum
894 4187 1042 4248 obrizum
1062 4203 1121 4264 pro
1176 4197 1332 4273 dejicitur
1345 4197 1524 4259 abomino.
1534 4202 1651 4261 Cornu
1660 4198 1772 4259 autem
1785 4197 1874 4259 dicit
1883 4199 1985 4260 exal-

328 4293 380 4351 0³,
397 4295 458 4341 nee
469 4281 675 4358 appendetur
693 4285 866 4362 argentum
885 4285 921 4345 in
934 4287 1121 4346 commuta·
1175 4293 1324 4366 tandum,
1341 4311 1409 4356 non
1424 4309 1569 4368 cornua;
1582 4296 1659 4372 quia
1675 4293 1763 4355 sicut
1777 4293 1866 4356 dicit
1882 4296 1981 4356 alibi:

326 4377 419 4439 ti⁰¹10
443 4381 527 4456 ejus.
557 4381 632 4441 Non
660 4381 849 4442 001ls0r01111‘
873 4383 976 4444 Indiae
1008 4383 1121 4444 tinctis
1175 4391 1862 4464 AEdtlicaultunicorniumsancttftctnm
1876 4409 1982 4455 sittim

326 4474 506 4551 coloribus,
523 4492 585 4540 neo
605 4476 836 4555 adaquabitur
859 4479 891 4540 ei
910 4493 1041 4546 aurum,
1067 4479 1119 4540 rel
1176 4487 1279 4568 (Psal.
1295 4492 1347 4568 77,
1360 4487 1426 4568 69).
1450 4489 1531 4550 Illos
1544 4489 1633 4551 enim
1649 4487 1730 4550 iacit
1744 4485 1809 4547 sibi
1825 4491 1983 4560 sarmitu-

326 4573 461 4635 Vilrum·
489 4591 507 4634 l
535 4578 660 4636 Aurum
691 4575 851 4646 obrizum,
883 4575 937 4638 Vel
961 4577 1120 4652 Optimum
1174 4589 1277 4657 olum,
1294 4585 1380 4648 idest
1394 4585 1592 4657 sanctificat,
1609 4585 1666 4662 qui
1681 4585 1981 4656 suntunteornes,

326 4672 404 4733 sunt
417 4671 547 4747 Angeli,
569 4674 625 4749 qni
648 4672 777 4748 fulgent
803 4674 956 4737 claritate
965 4673 1118 4751 justitia,
1175 4698 1257 4759 quos
1277 4683 1406 4745 scilieet
1423 4683 1518 4743 firma
1531 4697 1607 4760 spos
1622 4683 1657 4742 in
1673 4697 1777 4742 unum
1792 4681 1883 4744 illud
1900 4683 1983 4744 diri·
2049 4683 2050 4716 ³

326 4769 359 4830 et
382 4768 485 4830 nullis
514 4769 725 4832 maculantur
752 4771 906 4832 sordibus
925 4771 1119 4848 cnlpae:sed
1173 4779 1232 4856 git,
1243 4778 1405 4856 valerigit
1419 4779 1460 4841 de
1474 4795 1539 4858 qno
1554 4779 1700 4842 dicitur:
1721 4781 1839 4840 Unam
1852 4783 1982 4854 petita
2049 4746 2050 4832 l

316 4865 438 4928 ¹nullus
461 4881 577 4930 eorum
599 4867 695 4929 datus
714 4868 765 4930 est
788 4868 830 4929 ad
844 4868 1117 4946 redemptionem.
1174 4879 1431 4948 dominabanc
1454 4880 1648 4951 requiram,
1664 4879 1703 4938 ul
1722 4879 1925 4939 instabilem
1948 4881 1984 4936 iu
2049 4899 2050 4906 ¹

323 4969 396 5028 Nec
423 4967 620 5042 arpentum,
654 4964 740 5027 idest
766 4965 889 5043 aliquis
915 4981 1056 5028 sonorus
1083 4966 1118 5026 in
1173 4977 1272 5036 aomo
1292 4977 1433 5035 nomem·
1455 4977 1613 5037 omnibns
1639 4975 1762 5035 aleones
1779 4975 1867 5036 ottoe
1879 4989 1982 5036 mea.
2049 4983 2050 5002 ¹

324 5062 785 5141 praeoicat10n0,procnristi
805 5063 1063 5126 commutatione
1082 5063 1118 5124 in
1174 5071 1278 5150 (psal.
1292 5073 1344 5144 26,
1361 5070 1406 5150 4).

325 5175 423 5220 cruce
445 5175 611 5238 appensus
637 5165 688 5222 est
711 5161 816 5238 :quia
840 5160 979 5238 quilibet
1001 5177 1117 5222 eorum

322 5255 434 5318 minus
448 5257 618 5318 sulliciens
629 5259 681 5320 est
693 5257 849 5320 inventus
864 5258 905 5320 ad
921 5259 1118 5336 redemptio·

323 5369 410 5416 nem.
436 5355 505 5415 Nec
526 5354 716 5417 conseretur
734 5355 769 5416 in
784 5356 844 5417 tali
859 5357 1116 5419 commutatione

322 5451 422 5530 hujus
435 5449 549 5512 mundi
564 5452 780 5528 sapientibus,
792 5452 848 5530 qni
868 5453 959 5514 aliud
978 5470 1014 5514 se
1029 5471 1114 5528 esse,

359 5655 399 5725 (l)
413 5655 459 5711 lla
477 5655 503 5711 S.
523 5653 637 5724 Grepor.
660 5655 707 5711 lib.
732 5657 786 5714 Vll
802 5657 900 5718 lloral.
922 5659 953 5716 tn
969 5657 1044 5716 bunc
1070 5659 1161 5718 locum
1174 5659 1236 5720 lob.
