4152 6388
116 331 183 394 205
689 333 1011 394 Pacensem-mua.
1027 361 1067 381 -
1086 333 1193 394 vira.
1700 327 1760 389 206

114 506 178 568 pro
191 489 281 552 bono.
293 491 408 569 iniqua
423 491 654 554 vicissitudine
677 491 910 568 rependentes,
965 490 1082 552 bentes
1097 492 1133 552 ut
1144 489 1190 552 ibi
1206 491 1382 552 decaetero
1397 488 1589 551 nullatenus
1603 487 1760 564 generale

112 588 152 649 in
166 603 207 650 co
233 604 294 650 nos
314 585 440 650 'acriter
459 589 692 666 provocarunt,
709 589 745 648 in
763 603 827 666 quo
853 587 913 649 de·
967 587 1156 664 Capitulum
1174 587 1370 660 celebretur,
1389 603 1451 649 nec
1466 587 1570 663 aliqui
1591 587 1633 647 de
1645 585 1768 658 fratri·⁸

113 685 259 748 buerant
274 685 370 747 nobis
385 686 811 762 summostudiopotissime
827 701 913 746 com·
966 685 1029 746 bus
1056 686 1317 754 commorentur,
1348 687 1381 747 et
1406 685 1515 746 locum
1544 681 1760 760 supponimus

114 783 261 860 placere.
298 785 380 845 Cum
406 785 495 845 enim
531 784 665 846 beatum
697 785 911 845 Franciscum

114 880 344 956 glorificatum
356 881 392 941 in
405 881 509 953 coelis,
526 881 748 943 clarificantes
764 881 799 942 in
812 881 912 943 terris

115 976 909 1054 ipsum,ascripserimuscatalogoConfessorum,

116 1075 196 1136 etin
211 1075 373 1136 honorem
395 1079 468 1153 ejus
490 1077 665 1138 ecclesiam
688 1075 821 1136 fundari
845 1090 912 1136 ‘vo-

115 1171 225 1233 lentes
236 1171 277 1234 de
295 1172 448 1234 manibus
463 1173 586 1234 nostris
599 1173 709 1249 lapide
721 1172 768 1234 ibi
784 1172 912 1248 prima-

116 1269 169 1332 rio
193 1269 319 1346 posito,
344 1271 517 1348 ipsamque
544 1270 739 1331 duxerimus
762 1270 914 1331 eximen-

115 1366 259 1438 demut
277 1366 441 1428 libertatis
468 1367 575 1430 titulis
596 1367 752 1430 decorata
782 1379 915 1442 semper

114 1463 241 1525 niteret
255 1464 408 1532 celebris,
423 1465 458 1526 et
471 1464 627 1542 insignis,
643 1464 707 1542 ipsi
722 1479 789 1525 non
804 1465 914 1524 atten-

115 1561 234 1622 dentes
249 1562 426 1623 innumera
440 1562 539 1634 bona,
552 1578 625 1639 quae
642 1561 769 1623 civitati
785 1576 910 1630 eorum,

116 1659 310 1735 quinetiam
323 1659 489 1721 universis
505 1659 538 1721 et
551 1659 693 1736 singulis
708 1658 829 1720 exinde
847 1673 912 1734 po-

113 1757 228 1818 terant
241 1755 431 1832 prevenire,
448 1757 559 1818 omnia
573 1756 821 1834 perturbarunt,
836 1770 912 1816 om-

115 1853 176 1914 nia
190 1852 421 1926 confuderunt,
439 1853 474 1913 in
486 1853 674 1916 animarum
699 1867 835 1914 suarum
855 1865 914 1928 pe-

115 1950 279 2022 riculum,
313 1950 409 2012 iamae
442 1951 652 2027 dispendium
687 1951 722 2012 et
747 1951 912 2028 jacturam

116 2048 219 2109 etiam
247 2048 471 2125 temporalem.
500 2049 617 2110 Sciunt
641 2047 805 2124 siquidem
826 2045 912 2124 quod

115 2159 181 2206 nos
196 2144 443 2206 sanctissimum
466 2159 586 2221 corpus
602 2143 807 2206 confessoris
826 2158 914 2220 prae-

117 2241 200 2304 dicti
221 2242 276 2318 pio
289 2257 402 2304 amore
414 2240 654 2304 venerabiliter
672 2241 911 2318 amplexantes,

116 2339 374 2402 translationem
400 2341 473 2416 ejus
499 2339 630 2400 dilectis
660 2339 738 2400 filiis
763 2338 912 2414 generali

116 2436 284 2505 ministro,
300 2437 333 2499 et
347 2436 544 2514 quibusdam
557 2437 633 2497 aliis
646 2436 803 2498 fratribus
816 2436 914 2497 Ordi-

116 2535 172 2594 nis
190 2534 355 2596 Minorum
377 2533 461 2595 viris
480 2533 665 2609 religiosis,
689 2535 722 2595 et
735 2533 910 2606 timoratis,

116 2631 277 2718 tanquam
325 2631 464 2693 vicariis
507 2631 651 2702 nostris,
688 2630 913 2692 commisimus

117 2728 335 2800 confidenter,
351 2743 425 2789 cum
441 2743 508 2788 non
520 2727 587 2788 nisi
600 2727 798 2790 auctoritate
807 2730 915 2804 Apos-

116 2825 229 2888 tolicae
256 2824 351 2887 Sedis
371 2827 460 2886 esset
476 2825 653 2886 translatio
668 2823 833 2897 facienda,
848 2824 914 2885 ibi-

118 2938 183 3000 que
205 2923 297 2984 illam
321 2922 546 2984 concessimus
569 2921 821 2998 indulgentiam,
841 2937 914 2999 quae

118 3021 236 3082 limina
250 3021 422 3082 beatorum
438 3019 528 3081 Petri
538 3019 572 3082 et
582 3019 679 3081 Pauli
689 3017 911 3092 visitantibus,

118 3117 258 3180 concedi
281 3117 472 3190 consuevit;
498 3117 555 3178 sed
570 3118 636 3193 ipsi
655 3133 779 3179 vesano
795 3117 914 3194 spiritu

118 3216 289 3287 concitati,
303 3230 370 3275 non
386 3215 593 3277 attendentes
608 3214 693 3291 quod
714 3229 810 3276 sacra
825 3231 916 3292 mys-

118 3313 206 3375 teria
218 3313 356 3374 nonnisi
369 3329 390 3373 a
404 3299 510 3374 sacris
520 3315 598 3374 sunt
608 3312 781 3374 tractanda
796 3313 916 3373 minis·

118 3412 193 3483 tris,
208 3409 401 3488 praedictum
426 3423 547 3486 corpus
571 3425 655 3471 ausu
674 3411 839 3486 sacrilego
859 3425 916 3471 ra-

120 3508 250 3585 pientes
265 3507 299 3568 in
314 3506 470 3584 superbia
485 3508 517 3568 et
529 3507 670 3569 tumultu
684 3507 916 3570 translationis

119 3606 316 3683 mysterium
327 3604 560 3666 damnabiliter
570 3603 833 3682 prophanatum,
848 3620 915 3667 non

119 3703 215 3780 passi
226 3719 246 3764 a
259 3701 417 3764 fratribus
430 3701 589 3778 praedicto
603 3702 917 3764 sanctoveneratio-

119 3817 198 3862 nem
212 3801 357 3862 debitam
372 3800 535 3861 exbiberi.
552 3803 577 3862 0
594 3815 667 3877 quae
678 3800 810 3860 insania
826 3799 916 3876 ipsos

119 3899 235 3962 taliter
248 3897 436 3970 fascinavit,
444 3900 479 3958 ut
485 3897 690 3958 sacerdotale
699 3897 762 3958 sibi
769 3896 922 3958 officium

120 3996 333 4073 usurpantes,
358 4011 429 4056 rem
450 3995 608 4062 divinam,
636 3997 702 4056 Deo
730 3996 917 4057 contrecta-

121 4097 199 4155 rent
226 4095 348 4155 invitel
370 4095 488 4155 Nonne
512 4091 719 4169 sciuntquod
733 4095 800 4154 oza
817 4092 917 4154 incli-

966 783 1196 844 ecclesiastico
1229 781 1417 854 interdicto,
1456 781 1561 843 donec
1594 780 1689 842 nobis
1719 779 1760 840 de

966 881 1058 944 tanta
1078 879 1203 958 injuria
1226 879 1376 940 satisfiat.
1399 879 1449 940 Ne
1467 895 1548 940 vero
1571 877 1760 940 contraeas

967 977 1117 1038 severius
1132 977 1312 1054 procedere
1326 977 1576 1053 compellamur,
1592 974 1760 1036 universi-
1789 994 1794 1002 ’

966 1075 1026 1136 tati
1041 1089 1155 1136 eorum
1169 1074 1292 1136 nostris
1307 1074 1423 1134 damus
1434 1073 1553 1135 litteris
1567 1073 1705 1134 firmiter
1724 1073 1760 1133 in

967 1172 1156 1248 praeceptis,
1187 1173 1224 1232 ut
1255 1172 1343 1232 infra
1369 1171 1557 1248 quindecim
1586 1170 1658 1230 dies
1687 1171 1761 1245 post

967 1271 1211 1346 susceptionem
1236 1284 1369 1341 earum,
1394 1269 1485 1330 viros
1510 1268 1649 1328 idoneos
1677 1269 1758 1327 uni-

968 1367 1135 1428 versitatis
1162 1367 1295 1428 nomine
1312 1365 1353 1426 ad
1377 1370 1525 1427 nostram
1548 1363 1759 1442 praesentiam

968 1463 1135 1525 destinare
1164 1466 1359 1540 procurent3
1390 1466 1524 1540 paratos
1552 1459 1759 1523 satisfactio-

968 1576 1042 1620 nem
1076 1561 1260 1637 plenariam
1296 1559 1473 1633 exhibere,
1509 1575 1549 1620 ao
1575 1559 1616 1620 de
1642 1557 1760 1619 stando

967 1657 1132 1719 mandatis
1149 1659 1273 1720 nostris
1289 1659 1447 1736 praestare
1460 1657 1663 1718 subicientes
1678 1671 1761 1717 cau-

966 1755 1086 1817 tiones.
1117 1755 1278 1828 Quocirca
1313 1755 1514 1817 fraternitati
1548 1754 1668 1816 vestrae
1701 1767 1761 1830 per

966 1851 1155 1928 apostolica
1178 1853 1301 1929 scripta
1323 1853 1529 1920 mandamus,
1547 1854 1709 1928 quatenus
1729 1853 1759 1912 si

967 1950 1123 2025 potestas,
1151 1949 1339 2021 consilium,
1372 1953 1404 2011 et
1434 1949 1575 2026 populus
1610 1947 1760 2025 praedicti

967 2049 1167 2124 preceptum
1180 2049 1329 2108 nostrum
1340 2047 1551 2123 neglexerint
1565 2045 1757 2122 adimplere,

966 2159 1025 2206 sos
1049 2145 1085 2205 in
1107 2147 1312 2222 potestatem,
1330 2147 1363 2207 et
1377 2144 1551 2206 consilium
1567 2159 1761 2205 excommu-

967 2242 1156 2314 nicationis,
1184 2243 1217 2304 et
1237 2243 1272 2302 in
1286 2243 1410 2306 terram
1432 2241 1601 2303 interdicti
1624 2242 1762 2302 senten-

967 2339 1043 2412 tias,
1055 2340 1278 2416 appellatione
1289 2339 1485 2416 postposita,
1496 2338 1756 2414 promulgantes,

967 2437 1099 2500 faciatis
1127 2451 1185 2499 eas
1208 2436 1373 2514 usquead
1395 2436 1654 2499 satisfactionem
1680 2451 1762 2496 con-

968 2535 1101 2611 dignam
1116 2533 1355 2596 inviolabiliter
1369 2534 1551 2595 observari.
1562 2535 1680 2596 Datum
1696 2535 1759 2594 ba-

968 2632 1087 2702 terani,
1114 2633 1189 2692 XVI
1215 2630 1376 2692 kalendas
1407 2631 1517 2706 junii,
1548 2629 1758 2707 pontificatus

969 2727 1075 2792 nostri
1090 2743 1178 2790 anne
1193 2730 1321 2806 quarto.

1008 3027 1079 3086 Vll.
1096 3027 1245 3096 Quonam
1255 3021 1616 3085 modotuncconditum
1627 3035 1759 3098 corpus,

968 3122 1081 3183 nullus
1093 3135 1189 3199 quem
1204 3120 1345 3182 viderim
1360 3121 1536 3197 expressit,
1552 3135 1613 3180 neo
1627 3135 1671 3180 ex
1682 3135 1762 3180 nos-
1803 3157 1807 3168 ·

968 3220 1029 3282 tris
1056 3219 1143 3280 ullus
1168 3217 1300 3295 estqui
1326 3217 1494 3279 memoriae
1523 3216 1698 3279 tradiderit
1726 3231 1763 3276 se

969 3317 1050 3378 illud
1065 3316 1200 3388 vidisse,
1217 3315 1429 3392 quantumvis
1444 3331 1511 3376 non
1521 3313 1762 3376 defuerintviri

970 3415 1148 3492 principes,
1172 3413 1227 3491 qui
1252 3413 1334 3474 illud
1359 3427 1496 3474 cernere
1516 3414 1706 3483 uoluerunt,
1729 3411 1763 3473 et

970 3512 1195 3582 obtinuerunt,
1212 3511 1366 3586 AEgidius
1382 3510 1538 3572 Cerillius
1548 3511 1762 3572 Albornotius

970 3609 1152 3672 cardinalis
1180 3607 1366 3683 Hispanus,
1394 3609 1447 3669 vir
1471 3609 1759 3684 praeclarissimus,

970 3708 1137 3785 perpetuae
1161 3705 1262 3766 etiam
1276 3705 1364 3766 inter
1383 3705 1484 3766 Italos
1499 3706 1678 3776 memoriae,
1694 3705 1759 3766 Ni·-

970 3804 1093 3864 colaus.
1110 3802 1256 3879 quintus,
1286 3803 1319 3862 et
1351 3800 1464 3862 sixtus
1495 3803 1632 3878 quartus
1665 3802 1761 3862 Pont.

970 3901 1074 3970 Max„
1089 3899 1158 3960 dux
1170 3896 1447 3968 Mediolanensis,
1467 3898 1664 3959 franciscus
1676 3897 1764 3959 Sfor·

969 4013 1019 4068 za,
1034 3997 1067 4057 et
1080 3995 1144 4058 viri
1160 3994 1491 4072 quidamAssisiates,
1509 4010 1649 4072 quorum
1665 3997 1764 4058 unius

971 4109 1032 4170 epo
1061 4109 1140 4154 mox
1175 4091 1402 4154 testimonium
1438 4092 1616 4170 proferam.
1650 4093 1765 4156 Refert

121 4195 211 4254 nata
224 4207 311 4253 arcae
322 4191 453 4252 Domini
467 4207 602 4252 manum
617 4205 798 4267 apponens,
811 4207 831 4251 a
845 4193 914 4252 Do·
971 4190 1164 4268 Rodulpbus
1178 4189 1312 4251 venisse
1322 4190 1384 4251 Pio
1395 4191 1509 4268 quinto
1523 4194 1638 4253 sancto
1654 4193 1765 4269 ponti-

120 4291 214 4350 mino
231 4304 408 4366 percussus
424 4287 561 4360 interiit,
586 4289 642 4365 qui
662 4288 836 4350 videbatur
857 4289 915 4350 ut-
971 4289 1223 4349 flciinmentem
1235 4289 1762 4368 sacrumbocvideredepositum,

117 4403 262 4464 cumque
276 4401 356 4449 vero
370 4385 527 4448 similiter
540 4385 763 4457 excusandus,
780 4386 858 4464 quia
874 4402 916 4446 ne
971 4385 1150 4462 strictoque
1169 4384 1346 4448 mandasse
1371 4387 1493 4448 ioanni
1515 4387 1594 4450 Pico
1621 4390 1764 4450 Camerti

117 4497 199 4547 arca
213 4485 345 4546 caderet
359 4484 520 4544 inclinata
535 4499 667 4543 manum
683 4484 840 4560 apposuit
853 4483 918 4544 ad·
970 4484 1123 4546 ministro
1151 4483 1300 4558 generali
1328 4486 1458 4560 patrum
1479 4487 1762 4558 conventualium,

112 4583 284 4660 jutricem.
316 4583 435 4644 Nonne
449 4581 628 4641 audierunt
646 4580 732 4657 quod
748 4581 845 4642 Ozias
859 4581 916 4641 in·
971 4583 1025 4642 cui
1039 4582 1156 4642 auctor
1169 4583 1249 4642 tunc
1269 4581 1343 4642 erat
1361 4595 1381 4641 a
1403 4582 1550 4653 secretis,
1571 4584 1608 4644 ut
1626 4583 1662 4642 in
1678 4582 1765 4644 hanc

116 4695 254 4756 gressus
264 4679 423 4755 templum
437 4677 580 4749 Domini,
597 4679 676 4754 quia
691 4693 793 4754 super
807 4678 916 4740 altare
971 4693 1084 4740 curam
1096 4678 1218 4738 obnixe
1228 4677 1444 4750 incumberet,
1462 4679 1490 4740 si
1501 4677 1585 4740 forte
1598 4679 1765 4742 inveniret
1863 4684 1868 4694 '

118 4777 347 4854 thymiamatis
368 4776 542 4837 incensum
563 4774 668 4836 voluit
687 4775 823 4838 adolere
839 4791 917 4852 per·-
971 4777 1060 4838 viam
1083 4777 1211 4838 tantum
1236 4775 1392 4846 adeundi,
1422 4775 1475 4836 vel
1494 4776 1670 4852 aperiendi
1688 4779 1765 4840 the-

117 4891 239 4938 cussus
255 4876 306 4936 est
320 4873 423 4950 lepra,
445 4872 914 4950 utperfectedeturintelligi,
970 4873 1080 4945 sauri,
1106 4871 1242 4934 suffodit
1277 4870 1331 4933 die
1363 4872 1529 4949 noctuque
1558 4873 1766 4938 incessanter

118 4973 208 5050 quod
223 4971 459 5034 contrectactio
475 4970 665 5032 divinorum
679 4973 731 5031 est
745 4970 842 5032 laicis
857 4985 917 5047 pe-
970 4970 1089 5032 bonus.
1104 4969 1167 5032 ille
1187 4968 1250 5041 vir,
1275 4967 1331 5030 sed
1354 4968 1465 5029 inanis
1487 4969 1550 5032 fuit
1568 4973 1675 5034 omnis
1691 4977 1764 5051 ejus

117 5069 211 5132 nitus
233 5070 422 5132 interdicta.
445 5070 565 5130 Nonne
588 5067 727 5143 possunt
748 5083 791 5128 ex
814 5067 915 5132 simili
970 5067 1111 5132 conatus
1133 5067 1166 5128 et
1194 5066 1369 5137 industria,
1392 5066 1470 5142 quia
1494 5067 1607 5129 divino
1628 5073 1766 5134 numine

117 5168 219 5244 culpa
247 5182 362 5244 poenas
382 5165 509 5228 similes
528 5165 729 5226 formidaret
752 5167 913 5226 Caeterum
969 5165 1093 5226 factum
1107 5166 1169 5235 est,
1181 5179 1224 5224 ne
1238 5163 1420 5240 pretiosum
1436 5163 1620 5240 depositum
1633 5167 1763 5230 furibus

117 5269 157 5329 ut
170 5266 389 5343 sciantquam
403 5263 552 5340 graviter
567 5262 714 5334 nos,imo
727 5263 914 5335 Dominum,
969 5263 1022 5326 vel
1051 5261 1202 5324 hostibus
1227 5262 1365 5337 pateret.
1396 5261 1557 5324 Similiter
1578 5264 1701 5340 legitur
1723 5266 1765 5329 de

118 5363 342 5430 offenderunt,
368 5359 600 5423 auctoritatem
621 5359 717 5420 uobis
743 5359 778 5420 in
800 5363 916 5422 sancte
971 5375 1109 5437 corpore
1123 5359 1214 5420 beati
1223 5357 1339 5421 iacobi
1355 5359 1585 5435 compostellae
1597 5363 1680 5424 adeo
1693 5380 1767 5441 pro·

116 5462 279 5542 praedlcto
298 5460 448 5522 volentes
464 5458 623 5530 adimere,
641 5473 702 5519 nos
725 5457 916 5534 praedictam
970 5459 1082 5530 fundo,
1095 5456 1499 5530 etocculteoonditolocO,
1511 5461 1762 5537 utnequaquam

117 5559 308 5630 ecclesiam,
322 5573 420 5634 quam
440 5555 634 5629 exemimus,
649 5555 796 5633 episcopi
813 5556 847 5618 et
859 5572 917 5619 ca·
970 5556 1075 5634 possit
1090 5554 1171 5615 illuc
1183 5553 1348 5632 quispiam
1368 5555 1554 5630 pervenire.
1576 5559 1665 5618 inter
1677 5573 1759 5618 nos-

11 5711 12 5714 ,
117 5657 219 5740 pituli
230 5655 428 5721 assisinatis
442 5652 638 5731 suincimns
649 5653 779 5726 ditioni,
796 5654 914 5731 probi·
969 5656 1052 5727 tros,
1069 5653 1102 5714 et
1115 5651 1283 5729 praecipue
1297 5651 1331 5712 in
1346 5665 1442 5714 sacra
1453 5651 1511 5714 illa
1522 5651 1593 5713 aede
1604 5656 1763 5730 perpetua
