4158 6380
192 355 196 362 .
313 271 372 366 117
752 274 808 333 AD
829 271 966 332 OPERA
989 272 1022 332 S.
1046 269 1267 334 aaahclsdl
1288 273 1515 335 Asslslanls
1894 270 1959 334 148
1992 340 1996 346 ,

309 449 411 498 nilum
434 449 475 504 ac
498 431 631 510 pedum,
650 445 838 507 quanquam
865 442 983 490 manus
1005 429 1101 506 quasi
1156 431 1251 506 cujus
1278 429 1436 492 intuitum
1461 443 1578 492 omnes
1607 429 1809 506 pugnatores
1843 429 1956 492 divini

310 546 442 608 semper
469 528 616 605 portaret
641 527 819 599 1111191119,
836 527 869 588 91
897 525 1035 604 pedibus
1059 540 1103 586 ex
1157 527 1323 588 exercitus
1345 526 1545 588 animentur.
1569 528 1633 587 For
1656 527 1876 589 nihilominus
1901 527 1956 588 si-

309 631 388 691 tunc
398 625 567 688 incederet
579 624 745 685 calceatis.
765 622 938 695 Viderunt,
951 623 1028 684 dnm
1044 623 1100 683 vi·
1156 623 1273 698 gillum
1293 624 1412 686 summi
1435 622 1605 684 Pontificis
1621 621 1754 695 Christi,
1769 639 1834 700 qno
1849 625 1954 686 verba

277 713 281 722 “
309 727 412 796 verat,
425 723 544 786 tratres
560 721 705 798 plurimi,
721 722 777 798 qui
793 720 1103 796 licetessentprop·
1155 721 1188 780 et
1213 719 1300 780 lacta
1320 733 1391 790 sua,
1414 721 1572 797 tanquam
1595 719 1903 796 irreprehensibilia
1918 723 1956 782 et

309 823 361 884 ter
375 819 583 881 sanctitatem
607 818 809 895 praecipuam
830 817 896 878 viri
915 817 1102 894 peremnia
1156 816 1359 888 anthentica,
1375 817 1494 878 merito
1508 815 1713 878 abomnibus
1725 819 1954 893 acceptentur.

309 917 375 978 lide
388 917 493 993 digni,
509 917 622 976 tamen
635 915 676 976 ad
688 929 785 976 omne
800 913 936 975 dubium
949 928 1103 974 amoven·
1155 915 1230 974 Jam
1256 913 1344 974 enirn
1371 915 1507 990 propter
1532 915 1687 989 stigmata
1704 913 1836 975 Domini
1856 917 1953 986 Jesu,

311 1015 389 1076 dum
416 1013 464 1074 sic
488 1027 571 1085 asse,
600 1028 639 1074 ac
662 1027 698 1072 se
720 1011 855 1082 vidisse,
872 1010 969 1072 tactis
993 1025 1102 1072 sacro
1157 1023 1231 1084 quae
1246 1010 1434 1085 incorpore
1449 1012 1506 1071 tuo
1529 1011 1651 1086 portas,
1668 1025 1765 1070 nemo
1780 1009 1839 1072 tibi
1855 1009 1955 1071 debet

310 1111 447 1182 sanclis,
485 1109 674 1187 juramento
717 1107 902 1169 firmarunt.
940 1104 1104 1169 Viderunt
1157 1119 1232 1167 asse
1250 1107 1426 1181 molestus3
1442 1105 1522 1183 quin
1542 1107 1653 1183 potius
1674 1106 1812 1183 quilibet
1828 1106 1956 1168 Christi

311 1209 411 1270 etiam
420 1223 463 1268 ex
472 1203 709 1275 familiaritate,
718 1220 816 1282 quam
826 1204 978 1265 cumviro
986 1203 1101 1264 sancto
1157 1217 1273 1264 servus
1290 1202 1953 1264 omniteneturesseallectionedevotus.

262 1343 265 1356 ι
310 1304 477 1381 habehant
498 1302 602 1379 aliqui
626 1301 824 1372 cardinales,
845 1300 961 1362 laudes
983 1313 1100 1361 sacro·
1155 1299 1229 1362 Jarn
1246 1314 1308 1376 per
1321 1299 1393 1360 haec
1412 1299 1509 1375 signa
1529 1301 1727 1372 certissima,
1742 1315 1808 1360 non
1821 1299 1953 1360 duobus

311 1416 385 1464 rum
406 1401 596 1477 stigmatum
620 1399 738 1476 prosis,
756 1399 790 1460 91
806 1398 949 1474 hymnis,
965 1396 998 1458 et
1014 1397 1103 1458 anti-
1156 1397 1214 1459 aut
1239 1395 1346 1457 tribus
1379 1395 1518 1458 testibus
1546 1396 1588 1456 ad
1615 1395 1859 1467 sufficientiam,
1890 1395 1949 1457 sed

312 1499 444 1576 phonis,
457 1505 538 1574 quas
553 1497 595 1556 ad
616 1495 722 1572 ipsius
741 1493 915 1556 ediderunt
929 1494 1099 1565 honoram,
1157 1492 1409 1571 quamplurimis
1436 1491 1476 1553 ad
1500 1493 1835 1570 superabundantiam
1858 1509 1954 1554 com-

314 1594 479 1658 varaciter
501 1593 699 1664 inserentes,
722 1591 779 1668 qui
799 1590 982 1654 tam‘verbo
1003 1605 1102 1668 quam
1157 1587 1294 1666 probata
1314 1589 1505 1650 testimonla
1521 1590 1580 1650 Dei
1600 1589 1635 1650 in
1649 1591 1693 1661 te,
1707 1589 1740 1650 91
1753 1605 1814 1666 par
1827 1589 1860 1650 te
1875 1603 1953 1650 cre-

313 1691 438 1767 scripto
463 1689 702 1768 perhibuerant
714 1688 940 1750 testimonium
955 1687 1099 1750 veritati.
1156 1684 1272 1748 dibilia
1287 1686 1374 1748 lacta
1389 1686 1501 1758 nimis,
1515 1702 1612 1747 omne
1625 1687 1746 1748 tollunt
1759 1685 1952 1747 infidelibus

315 1791 469 1850 Summus
485 1786 586 1846 etiam
608 1783 763 1847 Pontifex
781 1784 934 1845 dominus
953 1784 1103 1844 Alexan·
1156 1784 1308 1846 velamen
1337 1783 1576 1856 excusationis,
1601 1783 1679 1844 dum
1708 1783 1880 1844 credentes
1914 1782 1951 1844 in

312 1885 372 1946 der
380 1887 434 1956 lv,
442 1897 516 1943 cum
529 1881 855 1959 populopraedicaret
864 1896 976 1944 coram
990 1881 1102 1942 multis
1157 1879 1221 1941 ilde
1234 1879 1419 1952 stabiliunt,
1437 1880 1507 1956 spei
1520 1879 1674 1940 fiduciam
1688 1895 1820 1942 sursum
1831 1881 1948 1954 agunt,

313 1980 484 2052 hatrihus,
515 1981 548 2040 et
574 1979 712 2055 meipso,
735 1978 914 2041 altlrmavit
949 1993 996 2050 se,
1024 1978 1102 2038 dum
1156 1978 1192 2040 et
1210 1975 1288 2054 igne
1308 1977 1457 2040 caritatis
1482 1977 1676 2039 accendunt.
1690 1979 1763 2038 lam
1777 1991 1858 2038 vere
1880 1977 1950 2038 im-

313 2078 448 2139 sanctus
474 2077 612 2148 viveret,
639 2076 793 2151 stigmata
820 2074 878 2136 illa
907 2090 1003 2137 sacra
1031 2075 1101 2137 suis
1157 2075 1245 2152 pleta
1260 2074 1310 2136 est
1320 2074 1429 2151 prima
1439 2075 1535 2145 visio,
1549 2089 1647 2151 quam
1657 2073 1954 2146 vidisti,videllcet

313 2175 419 2236 oculis
433 2173 660 2248 conspexisse.
673 2171 995 2234 Videruntinmorte
1005 2172 1099 2248 plus·
1157 2170 1243 2248 quod
1266 2169 1336 2230 dux
1361 2169 1396 2230 in
1420 2169 1538 2231 militia
1553 2168 1676 2233 Christi
1690 2168 1831 2242 iuturus,
1846 2168 1954 2229 armis

312 2283 411 2346 quam
426 2266 667 2344 quinquaginta
695 2264 825 2349 iratres,
847 2265 1009 2342 virgoque
1033 2268 1100 2327 Deo
1157 2267 1296 2329 deberes
1312 2265 1502 2330 coelestibus
1513 2268 1674 2344 signoque
1688 2266 1798 2327 crucis
1813 2265 1954 2341 insigni-

241 2434 243 2448 1
312 2363 527 2427 devotissima
548 2362 658 2431 Clara,
678 2377 753 2424 cum
775 2363 906 2423 11119111
930 2361 1103 2424 sororibus
1157 2363 1219 2424 bus
1233 2361 1396 2427 decorari.
1407 2365 1482 2426 lam
1494 2364 1529 2424 in
1542 2364 1706 2442 principio
1727 2364 1793 2425 tuae
1808 2377 1952 2425 conver-

314 2462 395 2533 suis,
422 2465 455 2522 et
483 2459 661 2520 saeculares
691 2458 871 2532 innumeri,
901 2475 944 2520 ex
971 2459 1102 2536 quihus,
1158 2461 1275 2532 sionis,
1299 2459 1458 2522 Crucidxi
1488 2461 1575 2523 visio
1601 2461 1801 2537 compassivi
1827 2459 1954 2521 doloris

312 2555 589 2636 quemadmodum
606 2570 667 2617 suo
686 2556 761 2616 loco
774 2555 913 2631 dicetur,
923 2555 1059 2632 plurimi
1072 2557 1106 2617 et
1136 2615 1137 2620 ,
1158 2557 1270 2634 gladio
1284 2557 1474 2619 mentaliter
1488 2559 1520 2620 te
1540 2558 1752 2634 transfigens,
1770 2557 1955 2619 191191911-

311 2653 454 2716 osculati
473 2654 550 2713 sunt
564 2667 608 2713 ex
622 2651 809 2714 devotionis
830 2651 965 2722 affectu,
977 2653 1009 2712 91
1024 2667 1106 2712 con·
1159 2654 1247 2715 ditus
1275 2654 1367 2716 vocis
1393 2655 1434 2715 de
1458 2670 1567 2724 cruce,
1585 2657 1743 2732 tanquam
1767 2654 1808 2715 de
1829 2653 1951 2716 throno

312 2751 539 2813 tractaverunt
565 2748 719 2810 manibus
738 2748 781 2809 ad
799 2747 983 2811 testimonii
999 2748 1107 2809 tirmi-
1160 2749 1282 2812 Christi
1316 2750 1470 2822 sublimi,
1496 2754 1531 2813 et
1559 2754 1686 2814 secreto
1721 2750 1954 2828 propitiatorio

310 2850 422 2912 tatem.
444 2846 573 2908 Vulnus
598 2848 709 2907 autem
730 2844 846 2907 lateris
870 2847 937 2906 tam
963 2845 1106 2906 sollicita
1160 2847 1381 2924 procedentis,
1397 2849 1495 2925 juxta
1510 2848 1596 2925 quod
1619 2848 1677 2910 tuo
1691 2863 1788 2910 sacro
1812 2848 1953 2908 lirrnasti

312 2945 502 3016 occultavit,
519 2943 650 3006 utillud
666 2958 762 3006 nemo
776 2941 900 3020 posset,
912 2941 977 3004 nisi
992 2940 1105 3004 furtim
1160 2943 1304 3021 eloquio,
1316 2959 1396 3006 vera
1409 2945 1512 3006 fuisse
1523 2944 1750 3007 indubitanter
1758 2945 1950 3006 creduntur.

312 3041 564 3113 cantharidum
576 3040 814 3102 viveret.Unus
824 3040 912 3100 enim
925 3037 1040 3111 irater,
1049 3039 1106 3115 qui
1159 3043 1233 3102 Jam
1246 3041 1281 3100 in
1296 3042 1362 3103 tuae
1378 3041 1608 3102 conversionis
1621 3057 1810 3118 progressu,
1825 3043 1859 3103 at
1873 3057 1954 3102 cru-

311 3139 344 3201 91
358 3139 472 3200 sedule
497 3137 688 3199 ministrare
710 3137 829 3198 solitus
844 3139 928 3208 erat,
954 3151 1029 3197 cum
1050 3135 1107 3212 pia
1161 3152 1231 3198 cern
1246 3152 1345 3214 quam
1364 3137 1447 3199 vidit
1470 3137 1573 3201 irater
1594 3138 1753 3200 silvester
1768 3153 1812 3199 ex
1825 3139 1956 3200 oretuo

313 3250 389 3297 eum
402 3235 544 3305 cautela,
559 3236 595 3296 ut
609 3233 652 3294 ad
666 3233 902 3296 excutiendum
914 3231 1108 3294 extraheret
1160 3233 1361 3296 mirabiliter
1374 3234 1619 3311 procedentem,
1636 3235 1669 3297 et
1677 3234 1806 3312 gladios
1826 3237 1862 3296 in
1877 3251 1958 3296 cru-

314 3333 475 3402 tunicam,
494 3330 694 3400 induxisset,
716 3330 841 3394 attente
854 3329 1037 3404 respiciens
1052 3329 1107 3389 vi-
1161 3330 1210 3392 cis
1231 3330 1362 3392 modum
1381 3332 1438 3392 tua
1457 3331 1588 3393 viscera
1606 3333 1852 3408 transfigentes
1872 3347 1958 3409 quos

311 3429 359 3491 dit
378 3429 522 3504 plagam,
539 3427 595 3488 cui
615 3426 717 3488 etiam
736 3427 804 3510 tres
830 3426 938 3486 veloci
952 3426 1107 3488 contactu
1161 3427 1266 3489 irater
1277 3427 1360 3490 vidit
1377 3427 1551 3500 Pacihcus,
1566 3430 1664 3506 teque
1678 3428 1860 3490 secundum
1875 3443 1955 3490 cru-

312 3525 433 3601 digitos
444 3525 627 3602 applicans,
641 3524 710 3584 tam
723 3522 801 3583 visu
814 3537 913 3600 quam
927 3523 1018 3584 tactu
1029 3522 1107 3584 vul·
1162 3523 1211 3583 cis
1238 3523 1377 3598 liguram
1406 3523 1441 3583 in
1468 3538 1546 3584 aere
1571 3523 1790 3596 sublevatum,
1816 3539 1891 3586 cum
1913 3523 1959 3584 de

314 3623 406 3684 neris
422 3620 638 3698 quantitatem
651 3619 797 3696 agnovit.
1162 3619 1272 3681 crucis
1285 3620 1382 3681 titulo
1398 3621 1533 3682 sanctus
1553 3620 1756 3696 praedicabat
1778 3621 1956 3692 Antonius,

354 3717 525 3780 Consimili
544 3715 674 3779 cautela
687 3717 772 3778 vidit
794 3715 894 3778 etiam
916 3715 1106 3784 1191911119,
1158 3716 1257 3792 juxta
1272 3715 1358 3792 quod
1374 3716 1544 3792 prospexit
1563 3717 1735 3794 angelicus
1749 3717 1803 3778 vir
1823 3715 1958 3777 Monal-

316 3816 372 3892 qui
418 3817 498 3877 tunc
530 3813 688 3890 temporis
723 3812 797 3874 erat
844 3812 990 3874 vicarius
1022 3813 1106 3888 ejus.
1163 3812 1236 3883 dus,
1261 3827 1328 3873 non
1352 3812 1561 3888 phantastica
1582 3812 1722 3886 visione,
1743 3813 1801 3874 sed
1822 3811 1956 3875 revela-

314 3913 432 3974 Frater
450 3927 532 3973 vero
560 3910 672 3972 socius
696 3909 858 3970 miranda
884 3907 1109 3996 simplicitatis
1162 3909 1253 3971 hone
1277 3908 1380 3970 fuisse
1403 3909 1521 3971 coelica
1542 3911 1730 3986 conspecta,
1745 3925 1825 3971 vere
1845 3909 1956 3972 credi-

314 4010 392 4070 dum
406 4007 612 4069 infirmitatis
626 4023 726 4068 causa
739 4007 938 4082 languentes
953 4005 1108 4084 scapulas
1162 4007 1218 4086 tur
1239 4006 1274 4067 et
1293 4005 1455 4067 firmatur.
1471 4009 1546 4068 Jam
1570 4005 1712 4084 denique
1731 4007 1821 4068 circa
1845 4005 1956 4078 linem,

315 4106 546 4174 contrectaret,
562 4119 664 4164 manu
677 4119 738 4180 per
756 4103 925 4180 caputium
944 4103 1059 4174 missa,
1075 4102 1109 4164 et
1164 4102 1248 4178 quod
1266 4100 1365 4162 simul
1388 4101 1449 4164 tibi
1471 4103 1667 4175 ostenditur,
1684 4105 1717 4166 et
1740 4103 1891 4164 sublimis
1906 4103 1957 4164 si-

314 4201 495 4263 casualiter
507 4200 640 4260 vulneri
652 4214 748 4260 sacro
760 4199 892 4275 illapsa,
905 4213 1061 4273 magnum
1077 4198 1109 4259 ei
1164 4195 1316 4259 militudo
1333 4197 1472 4274 seraph,
1492 4201 1526 4260 st
1546 4199 1683 4260 humilis
1696 4199 1825 4276 efligies
1839 4198 1956 4260 Cruci·
2074 4209 2075 4216 ’

315 4299 463 4360 dolorem
483 4296 619 4357 indixit
644 4295 788 4357 Proinde
809 4293 962 4371 portabat
972 4310 1017 4356 ex
1029 4297 1109 4356 tunc
1164 4293 1223 4354 lixi
1251 4293 1395 4354 interius
1416 4295 1449 4356 te
1470 4295 1664 4368 incendens,
1687 4299 1721 4359 91
1747 4296 1897 4358 exterius
1921 4296 1954 4356 te

312 4391 488 4454 femoralia
501 4389 701 4460 itafacta,ut
713 4387 869 4464 usquead
882 4388 1024 4450 ascellas
1036 4405 1111 4466 per·
1164 4389 1376 4465 consignans,
1392 4391 1550 4468 tanquam
1565 4393 1707 4456 alterum
1721 4394 1878 4469 angelum
1896 4409 1956 4454 as·
1980 4402 1983 4410 ’

315 4488 494 4564 tingerent,
510 4486 552 4547 ad
574 4485 695 4548 vulnus
716 4484 831 4546 lateris
855 4485 1108 4561 contegendum.
1165 4487 1499 4550 candentemabortu
1514 4489 1606 4558 solis,
1621 4491 1677 4567 qui
1689 4491 1821 4566 signum
1832 4489 1959 4554 habeas

316 4587 452 4648 Fratres
470 4599 599 4662 qnoque
619 4583 677 4660 qui
691 4582 750 4643 illa
769 4580 936 4654 lavabant,
953 4582 1006 4644 vel
1020 4581 1112 4644 tuni·
1165 4585 1199 4646 in
1218 4585 1251 4646 te
1274 4584 1333 4645 Dei
1351 4585 1431 4656 vivi,
1450 4587 1484 4646 et
1502 4586 1670 4663 praedictis
1691 4586 1748 4650 dat
1767 4587 1958 4650 firmitatem
2074 4575 2075 4588 ¹

316 4699 388 4746 cam
410 4680 624 4744 excutiebant
647 4695 707 4757 pro
728 4683 887 4756 tempore,
911 4679 990 4756 quia
1012 4679 1111 4742 inve·
1165 4680 1253 4752 fidei,
1272 4681 1306 4744 et
1324 4681 1365 4742 ab
1385 4681 1435 4742 eis
1450 4683 1571 4758 accipit
1588 4683 1815 4746 testimonium
1833 4683 1962 4745 verita-

316 4780 503 4842 niebantea
518 4777 682 4853 sanguine
692 4776 872 4849 rubricata,
883 4776 1111 4838 indubitanter
1164 4778 1398 4854 tis.Eccejam
1418 4781 1543 4856 septem
1562 4781 1827 4857 apparitionibus
1848 4781 1958 4842 crucis
2017 4797 2020 4804 ·

315 4893 375 4954 par
399 4877 535 4938 evidens
562 4875 694 4951 signum
715 4874 751 4936 in
775 4875 998 4950 cognitionem
1023 4873 1112 4935 sacri
1165 4875 1301 4947 Christi,
1318 4875 1352 4935 in
1362 4876 1396 4936 te
1410 4877 1443 4936 et
1455 4877 1545 4937 circa
1565 4877 1600 4938 te
1613 4878 1795 4938 secundum
1809 4877 1959 4938 ordinem

313 4972 463 5038 vulneris
482 4973 717 5048 pervenerunt,
734 4971 820 5048 quod
842 4971 1048 5046 postmodum
1075 4971 1111 5032 in
1164 4974 1351 5049 temporum
1364 4971 1565 5034 mirabiliter
1578 4973 1736 5035 exhibitis
1750 4975 1783 5035 et
1800 4979 1961 5036 monstra·

316 5072 433 5142 morte,
454 5068 600 5131 revelata
620 5067 717 5139 iacie,
729 5067 838 5147 stipsi
852 5083 927 5128 cum
939 5067 1017 5128 aliis
1031 5068 1110 5143 plu·-
1168 5069 1324 5146 tis,quasi
1334 5085 1395 5130 sex
1403 5069 1560 5145 gradibus
1569 5070 1610 5132 ad
1619 5071 1719 5132 istam
1732 5072 1959 5148 septimam,in

315 5167 410 5230 rimis
425 5165 636 5241 contemplati
652 5165 752 5226 slmul
767 5166 800 5226 et
813 5164 962 5226 venerati
981 5164 1068 5225 sunt.
1167 5182 1231 5244 qua
1251 5166 1397 5228 finaliter
1414 5167 1608 5243 requiescis,
1630 5169 1823 5244 pervenisti.
1837 5169 1962 5231 Christi

356 5265 417 5326 Eia
431 5279 531 5332 nunc,
543 5262 773 5324 strenuissime
791 5261 887 5322 miles
902 5261 1038 5333 Christi,
1055 5261 1111 5338 ip·
1168 5279 1310 5340 namque
1330 5278 1414 5324 crux
1428 5263 1463 5324 in
1483 5263 1549 5325 tuae
1567 5263 1796 5326 conversionis
1817 5265 1964 5341 primor-

317 5363 388 5425 sins
400 5361 553 5422 lerarma
565 5357 778 5420 invictissimi
790 5359 902 5428 Ducis,
914 5357 1033 5434 quihus
1044 5374 1113 5420 mu·
1167 5361 1222 5422 dio
1235 5363 1302 5422 tam
1317 5361 1486 5436 proposita
1496 5376 1594 5437 quam
1606 5362 1787 5437 assumpta,
1799 5363 1832 5423 91
1841 5361 1961 5424 dehinc

317 5461 407 5522 nitus
422 5460 455 5520 et
467 5457 657 5534 insignitus,
679 5470 794 5517 omnes
816 5454 1026 5516 adversarios
1050 5471 1112 5516 su·
1167 5458 1202 5518 in
1218 5457 1483 5519 conversationis
1498 5473 1675 5535 progressu
1690 5459 1867 5535 pervitam
1885 5475 1962 5536 pro-

316 5555 461 5634 perabis.
485 5558 550 5617 Fer
574 5553 735 5616 vexillum
755 5552 855 5628 Regis
881 5551 1048 5624 altissimi,
1070 5551 1112 5616 ad
1167 5553 1374 5616 batissimam
1396 5554 1556 5634 bajulata,
1578 5555 1613 5617 in
1634 5555 1667 5617 te
1695 5555 1769 5633 ipso
1793 5557 1961 5630 continue,
