4118 6390
88 259 170 324 lisa

314 419 453 482 sanilo
489 417 650 478 ccxblv.

87 573 132 626 {te
150 567 341 626 laetidcatione
357 566 513 639 justorum,
534 572 563 622 et
590 563 626 622 de
643 579 729 621 causa
752 561 881 637 speciali,

374 651 598 712 undelaetautur.

86 818 244 880 Laetatur
257 829 335 878 sum
356 819 393 877 tn
407 819 471 887 lats,
488 831 564 889 quaa
584 816 675 877 dicto
689 815 771 878 sunt
785 818 880 878 mitt.

362 913 464 993 (Psal.
478 915 547 987 121,
560 912 604 992 l.)

133 1099 278 1162 Laetatus
309 1114 392 1171 sum,
427 1099 505 1177 quia
533 1097 619 1175 lapis
653 1098 822 1161 abscissus
844 1099 885 1160 de

89 1203 204 1261 monte
219 1198 292 1258 sine
312 1196 464 1258 manibus
478 1197 584 1259 crevit
596 1197 633 1259 in
648 1199 792 1259 mentem
808 1213 884 1258 ma-

88 1313 194 1373 gnum
215 1293 275 1374 (1).
295 1297 341 1356 De
369 1294 433 1355 hoe
449 1293 528 1356 dicii
548 1291 654 1356 isaias
671 1293 734 1373 (25,
750 1298 813 1358 'let
826 1294 860 1375 8)
876 1317 883 1355 :

90 1413 113 1454 ο
129 1391 355 1470 praecipitabit
367 1392 402 1452 in
417 1391 527 1454 monte
541 1392 606 1454 isto
626 1391 746 1454 faciem
759 1391 885 1454 vinculi

92 1489 242 1566 colligati
268 1505 369 1567 super
386 1505 500 1550 omnes
526 1490 684 1566 populos,
716 1491 750 1552 et
772 1491 884 1562 talam,

92 1603 193 1684 quam
221 1587 348 1649 orditus
369 1589 420 1648 est
443 1601 545 1665 super
570 1603 685 1649 omnes
707 1589 884 1648 nationest

93 1684 317 1762 praecipitabit
340 1687 480 1746 mortem
497 1687 532 1746 in
551 1687 797 1762 sempiternum.
815 1701 834 1745 s
849 1689 886 1746 ln

94 1784 206 1844 monte
243 1783 322 1856 isto,
352 1781 481 1844 scilicet
504 1784 634 1844 Christo
666 1781 888 1860 praeeipitabit

95 1881 266 1952 Dominus,
284 1882 317 1943 et
330 1879 478 1942 destruet
492 1879 623 1952 faeiem,
635 1879 721 1943 idest
735 1895 887 1957 praesen-

95 1979 188 2048 tiam,
202 1979 235 2038 et
245 1978 438 2039 instantiam
448 1979 586 2050 vinculi,
602 1979 728 2055 peccati
741 1993 760 2039 a
771 1979 888 2054 primis

96 2075 289 2151 parentibus
304 2076 338 2136 in
354 2075 449 2136 nobis
462 2075 620 2152 colligati,
638 2077 670 2138 et
680 2077 780 2139 telam
792 2075 890 2136 indr-

95 2171 225 2234 mitatis
238 2173 396 2246 earnalis,
412 2189 510 2250 quam
527 2174 656 2236 'orditus
672 2176 723 2235 est
736 2171 889 2234 diabolus

94 2284 117 2329 a
133 2269 240 2346 primo
266 2270 402 2331 bomine
429 2271 595 2347 usquead
617 2271 785 2340 ultimum,
801 2270 890 2332 unde

98 2382 212 2427 omnes
235 2367 411 2439 vestimur;
436 2367 656 2444 praecipitabit
678 2370 779 2430 etiarn
801 2384 891 2430 mor-

96 2465 175 2537 tem,
192 2464 277 2526 idest
288 2463 467 2535 diabolum,
483 2465 536 2526 rel
550 2465 800 2528 dissolutionem
815 2480 892 2526 cor·

98 2563 202 2638 poris,
219 2564 252 2624 et
266 2563 386 2624 animae
406 2563 561 2640 usquein
577 2563 825 2641 sempiternum,
850 2580 892 2624 ne

99 2659 217 2722 amodo
230 2661 402 2733 moriatur,
418 2661 471 2722 vel
487 2661 565 2723 boni
581 2661 747 2722 diabolum
759 2665 815 2739 pat
801 2663 893 2723 tian-

98 2759 165 2818 t.ur
188 2761 257 2819 Hoc
277 2758 389 2820 autem
410 2759 479 2831 det,
496 2757 627 2836 quando
643 2759 706 2820 hoc
721 2759 891 2836 corrupti-

98 2855 166 2916 bile
180 2853 294 2917 induet
313 2857 610 2934 incorruptionem,
628 2859 661 2920 et
676 2858 817 2919 mortale
830 2857 892 2918 hoc

99 2953 430 3034 immortalitatem(
430 2953 456 3033 ).

140 3051 379 3113 Laetotusstcm
393 3053 429 3112 in
445 3053 632 3124 boeotiam,
650 3051 736 3130 quod
751 3053 893 3114 «Domi-

99 3165 165 3210 nus
187 3144 285 3210 iaciat
306 3149 458 3211 omnibus
482 3152 613 3228 populis
639 3152 675 3212 iu
695 3155 806 3214 monte
830 3151 893 3212 boc

101 3247 291 3308 convivium
301 3248 485 3326 pinguium,
500 3250 689 3312 convivium
702 3249 890 3320 vindemiae,

101 3345 275 3421 pinguium
287 3345 555 3420 medullatorum,
565 3348 741 3409 vindemiae
755 3345 895 3410 defaeca-

100 3445 143 3504 tae
155 3440 357 3522 (3).»Faciet
369 3443 527 3503 Dominus
541 3445 730 3504 convivium
741 3445 893 3507 omnibus

101 3540 245 3616 populis,
260 3539 346 3601 idest
358 3541 501 3600 exomni
517 3540 639 3617 populo
649 3541 764 3602 electis
779 3541 820 3602 ad
835 3558 894 3603 sa-

101 3637 216 3709 lutem,
232 3637 265 3698 in
283 3639 395 3699 monte
409 3639 543 3699 aeternae
562 3637 794 3710 beatitudinis,
809 3655 894 3700 con-

101 3735 228 3796 vivium
245 3735 435 3812 pinguium,
452 3737 530 3813 quia
550 3735 650 3797 faciet
665 3752 723 3798 eos
735 3736 894 3798 delectari

101 3832 198 3908 qnasi
214 3833 247 3892 in
264 3833 429 3904 convivio,
445 3833 592 3894 exterius
609 3850 667 3911 ρον
682 3836 897 3911 operamise-

102 3929 258 3991 ricordiae
281 3930 322 3990 ad
356 3931 574 4006 proximum:
595 3932 790 3993 convivium
820 3933 896 4010 piu-

102 4028 219 4102 guium
231 4027 498 4101 medullatorum,
516 4029 552 4090 ut
561 4030 789 4106 jucundantur
804 4031 894 4092 inte-

102 4126 176 4186 rius
195 4127 331 4202 propter
346 4127 520 4189 caritatem
533 4128 573 4188 ad
590 4130 704 4190 Deum.
721 4129 896 4190 Vindemia

474 257 583 318 PARS
614 253 814 316 Pallin-
835 246 1054 310 ‘expositio
1083 244 1127 306 IN
1159 243 1361 304 PSALMOS.

936 405 1120 472 Chaldaeos,
1139 401 1225 465 idest
1241 402 1409 463 daemones
1420 409 1479 475 ρον
1493 395 1614 458 ductus
1628 393 1729 470 hujus

936 501 1049 564 mundi
1062 503 1203 563 miseras
1213 500 1344 561 animae
1357 496 1452 576 quasi
1468 510 1571 556 naves
1585 493 1730 554 circnm-

936 602 1106 663 ducentes.

976 702 1019 760 lo
1033 701 1173 758 domum
1191 696 1331 757 Domini
1356 695 1491 762 ibimus,
1520 686 1732 749 transeuntes

938 795 972 856 in
1000 794 1159 856 fabricam
1186 793 1302 854 domus
1325 790 1430 860 illius,
1458 786 1498 848 de
1521 801 1586 864 quo
1607 784 1731 846 dicitur

937 891 1035 954 tartio
1048 895 1174 966 Regum
1190 887 1224 970 (5
1236 890 1270 951 et
1285 887 1331 967 6),
1346 886 1432 964 quod
1450 884 1607 946 Salomon
1620 880 1731 942 aedid-

939 990 1027 1052 cavit
1045 988 1179 1050 domum
1194 985 1325 1048 Domini
1338 985 1379 1045 de
1402 982 1503 1059 liguis
1525 978 1685 1050 cedrinis,
1701 979 1735 1040 et

939 1084 1105 1164 lapidibus
1119 1082 1252 1154 dolatis,
1275 1083 1310 1143 et
1335 1080 1518 1157 quadratis,
1543 1079 1576 1140 et
1601 1075 1736 1136 vestivit

939 1199 1013 1246 eam
1034 1197 1117 1244 auro
1132 1202 1139 1242 ε
1156 1169 1274 1242 ce'dros
1298 1178 1408 1240 autam
1428 1173 1601 1238 exciderat
1618 1173 1735 1234 Hiram

940 1282 981 1343 de
999 1280 1138 1351 Libano,
1160 1279 1193 1340 et
1210 1274 1363 1338 mittebat
1375 1274 1407 1335 ei
1423 1288 1484 1350 ρον
1500 1284 1604 1334 mare.
1619 1271 1735 1331 Hiram

941 1377 1180 1455 interpretatur
1202 1374 1335 1436 excelse
1361 1371 1489 1442 videns,
1518 1370 1552 1432 et
1570 1366 1737 1445 significat

941 1476 1093 1538 doctores
1107 1474 1176 1535 vita
1196 1471 1464 1549 praeeminentes,
1481 1468 1536 1544 qui
1551 1465 1737 1543 praeeiduut

941 1573 1058 1635 cedros
1079 1572 1119 1632 da
1133 1570 1271 1641 Libano,
1293 1568 1379 1630 idest
1390 1566 1622 1628 celsitudinem
1637 1577 1737 1624 sanc-

940 1671 1050 1734 torum
1063 1669 1104 1729 de
1117 1668 1264 1729 candore
1284 1664 1460 1728 mundanae
1484 1661 1617 1739 gloriae,
1637 1661 1738 1722 aliter

942 1783 1009 1828 non
1018 1765 1203 1829 transirent
1215 1765 1249 1824 in
1265 1762 1442 1844 aedilicium
1458 1761 1574 1822 domus
1588 1759 1667 1820 Dei:
1681 1757 1738 1818 do·

942 1863 1055 1924 tantur
1082 1877 1143 1938 ρον
1162 1859 1426 1922 tribulationes.
1444 1856 1653 1934 quadrantur
1676 1867 1738 1931 per

942 1961 1116 2022 uirtutes·
1137 1957 1328 2019 vestiuntur
1354 1970 1448 2026 auro,
1476 1951 1563 2014 idest
1587 1951 1738 2013 caritatis

944 2057 1157 2134 splendore:
1183 2053 1418 2116 adducuntur
1431 2067 1491 2129 per
1517 2064 1627 2122 mare,
1652 2021 1793 2110 idest

943 2170 1003 2232 ρον
1022 2153 1136 2214 mundi
1158 2151 1427 2212 amaritudinem
1443 2151 1480 2210 ln
1495 2146 1662 2224 lapidibus
1677 2161 1740 2206 au·

944 2253 1011 2314 tem
1036 2252 1171 2312 notatur
1191 2248 1351 2310 fortitudo
1366 2248 1543 2318 virtutum;
1569 2245 1605 2304 in
1629 2243 1739 2312 cedris

945 2349 1058 2426 opinio
1071 2347 1168 2408 bonae
1183 2344 1459 2408 conversationis.

985 2448 1067 2507 item
1081 2445 1309 2506 mammem
1326 2445 1364 2504 tu
1375 2445 1441 2516 llis,
1455 2441 1516 2502 etc
1534 2440 1613 2517 quia
1632 2438 1740 2515 primo

946 2543 1137 2605 dictumest
1153 2544 1276 2602 :Tarra
1291 2551 1339 2613 es,
1356 2543 1389 2602 et
1402 2539 1572 2600 interram
1589 2535 1654 2596 ibis
1670 2535 1738 2615 (4);

946 2641 1044 2702 modo
1059 2640 1182 2702 dicitur
1199 2638 1344 2700 :coelum
1364 2652 1411 2698 es:
1429 2636 1512 2698 etin
1529 2635 1649 2696 ooelum
1663 2633 1738 2695 ibis.

947 2741 984 2799 ln
996 2738 1130 2798 domum
1155 2736 1260 2812 igitur
1286 2734 1418 2798 Domini
1439 2733 1592 2795 laetantes
1605 2731 1741 2802 ibimus,

947 2833 1025 2911 quia
1040 2833 1069 2893 si
1081 2847 1196 2894 sumus
1217 2831 1273 2910 hic
1295 2830 1411 2892 domus
1431 2828 1658 2906 pergratiam,
1675 2827 1742 2888 ba-

947 2931 1105 2994 bitatoras
1120 2929 1246 2991 erimus
1261 2928 1379 2990 domus
1390 2928 1524 2988 aeternas
1534 2940 1595 3002 ρον
1601 2924 1743 3010 gloriam

947 3030 1111 3101 laetantes,
1135 3029 1169 3088 st
1194 3024 1394 3096 exultantes,
1410 3025 1510 3102 juxta
1534 3023 1617 3084 illud
1631 3021 1743 3101 (Isaiae

947 3129 997 3199 30,
1020 3127 1061 3186 29
1080 3126 1113 3188 st
1132 3122 1186 3202 30)
1200 3139 1238 3184 :a
1252 3123 1423 3186 cauticum
1449 3121 1515 3184 erit
1537 3120 1631 3184 vobis
1644 3121 1741 3190 sieut,

948 3239 1015 3286 uox
1031 3220 1080 3303 (5)
1096 3221 1313 3284 sanctificatas
1328 3219 1561 3284 solemnitatis.
1578 3219 1611 3280 et
1628 3217 1744 3280 laetitia

948 3321 1069 3394 cordis,
1091 3321 1178 3382 sicut
1192 3320 1248 3396 qui
1266 3319 1375 3396 pergit
1392 3333 1467 3379 cum
1483 3316 1577 3384 tibia,
1593 3319 1630 3378 ut
1643 3315 1745 3376 intret

948 3419 984 3480 in
1012 3421 1159 3480 montem
1183 3415 1358 3487 Domini,»
1384 3415 1530 3478 offerens
1556 3413 1686 3474 seilicet
1704 3412 1745 3473 de

949 3514 1112 3576 fructibus
1130 3513 1234 3576 totius
1254 3512 1358 3574 anni:
1375 3514 1409 3572 et
1430 3513 1510 3578 tunc
1525 3510 1673 3571 auditam
1688 3508 1744 3569 ia-

950 3610 1015 3672 ciat
1037 3613 1124 3672 Daus
1147 3609 1292 3685 gloriam
1313 3608 1405 3670 vocis
1421 3623 1490 3668 suae
1517 3608 1552 3667 in
1573 3607 1745 3682 glorifica-

949 3707 1040 3770 tione
1068 3705 1238 3768 dicend0:
1265 3705 1383 3768 Venite
1424 3705 1590 3766 benedicti
1623 3704 1745 3768 recl-ts

949 3809 1030 3876 mei,
1053 3805 1116 3868 eto.
1142 3798 1194 3881 (6)
1208 3824 1216 3863 :
1231 3802 1266 3864 et
1282 3805 1445 3864 terrorem
1467 3800 1597 3862 braenii
1617 3800 1669 3860 sui
1690 3815 1746 3860 os·

949 3897 1745 3968 tendetincommunieationeluroris,etilamma

950 3999 1038 4077 ignis
1058 3997 1259 4060 devorantis.
1280 3999 1351 4058 Hoc
1370 3997 1445 4068 erit,
1471 4012 1545 4057 cum
1565 3995 1745 4067 dicet21to

949 4097 1121 4160 maledicta·
1135 4099 1173 4158 ta
1187 4099 1302 4171 iguem
1315 4096 1498 4168 aetornum,
1512 4095 1575 4156 etc.
1593 4091 1654 4173 (t).

1649 233 1729 294 1190
1857 295 1861 300 .

102 4221 263 4283 deiaecata
287 4223 423 4298 sanguis
439 4224 561 4287 Christi
576 4225 765 4303 est,1nqu0
781 4225 895 4288 delec-

103 4318 273 4391 tabuntur,
303 4335 378 4382 eum
393 4321 581 4399 intelligant
596 4324 740 4402 qualiter
754 4325 896 4400 sangui·
1190 4273 1331 4334 SERMO
1357 4272 1503 4334 CCXLV

103 4431 179 4477 nem
207 4433 303 4478 suum
328 4419 478 4481 Christus
502 4419 639 4483 renuere
665 4422 788 4494 voluit,
811 4423 897 4484 idest
951 4398 993 4455 ¹³⁰
1015 4394 1127 4454 (ΝΟΜ
1147 4394 1257 4468 ¹⁰q⁰⁰¹⁸
1287 4395 1406 4464 “mimi
1430 4392 1465 4450 ‘¹⁰
1491 4394 1684 4463 2252551522
1714 4401 1746 4451 et

986 4483 1106 4542 canibus
1123 4483 1245 4554 diaboli;
1262 4483 1383 4556 qualiter
1395 4481 1593 4554 adiuvamura
1610 4481 1743 4551 Domino,

102 4529 188 4575 mort
204 4530 263 4591 1³¹'0
279 4531 340 4576 ⁰1⁵·
986 4584 1015 4632 et
1028 4575 1182 4632 liberamur
1196 4570 1232 4630 ab
1245 4571 1289 4630 bis
1300 4571 1420 4646 laqueis.

144 4615 187 4672 Io
207 4617 271 4685 bis,
288 4629 364 4688 quoa
377 4615 468 4676 dicto
489 4617 571 4677 sunt
595 4620 680 4679 mibi
702 4635 760 4695 ρον
775 4617 896 4680 isaiam

105 4708 169 4787 (43,
188 4710 438 4788 14)=⁴<P¹¹01>t01'
456 4728 516 4775 VOS
533 4715 608 4775 misl
627 4716 662 4775 11¹
682 4715 895 4792 Babylffllem,
953 4729 1078 4791 Atttma
1103 4727 1224 4788 nostro
1249 4726 1338 4788 simet
1358 4737 1484 4800 passer
1502 4725 1623 4798 erepto
1638 4725 1690 4786 est
1703 4727 1745 4787 de

104 4808 138 4869 et
150 4807 281 4870 detraxi
296 4810 407 4871 vectes
425 4811 616 4882 universos,
630 4815 664 4874 et
678 4813 849 4874 Chaldaeos
863 4813 897 4872 in
992 4831 1111 4898 laqueo
1141 4823 1345 4886 penneltum
1373 4839 1384 4882 .·
1403 4827 1545 4896 laqueus
1573 4823 1745 4886 eotatrttus

105 4906 248 4967 navibus
264 4907 334 4968 suis
347 4907 541 4984 gloriantes.
555 4911 725 4987 »Propter
734 4926 805 4982 vos,
818 4911 899 4973 dicit
991 4923 1053 4995 est,
1068 4923 1102 4984 et
1114 4935 1175 4983 taos
1189 4921 1325 4982 liberati
1340 4935 1472 4981 sumus.
1490 4919 1594 4998 (Psal.
1612 4923 1682 4995 123,
1696 4921 1743 5002 7.)

105 5004 217 5076 Pater,
244 5005 320 5066 misi
335 5005 456 5067 Filium
481 5021 591 5068 rneum
622 5007 656 5068 iu
682 5006 896 5086 Babylonem,
1482 5038 1486 5044 ·

106 5102 191 5164 idest
203 5102 238 5164 in
254 5103 423 5178 mundum,
440 5107 473 5166 at
486 5103 617 5166 detraxi
631 5107 741 5168 vectes
758 5107 896 5169 unirer·
991 5103 1066 5161 Vox
1079 5099 1145 5160 ista
1159 5099 1344 5176 Martyrum
1358 5098 1418 5170 est,
1433 5098 1489 5176 qui
1500 5101 1605 5178 erepti
1619 5103 1746 5164 suntde

106 5215 172 5268 sos,
199 5199 285 5263 roes
310 5203 422 5264 omnia
448 5203 682 5280 impedimenta
709 5203 899 5277 aestumat
951 5203 1071 5273 urceo
1091 5197 1304 5258 venenatam
1325 5195 1448 5274 nequer
1462 5199 1652 5260 venantium
1670 5203 1747 5274 sunt.

144 5348 273 5415 (i)l)an
289 5349 316 5418 2,
332 5350 404 5407 ater
417 5351 463 5408 35

145 5419 186 5492 (2)
205 5420 305 5488 lCon,
323 5421 365 5486 it,
381 5423 426 5477 53.

145 5490 186 5560 (3)
209 5489 299 5556 isaiae,
315 5489 358 5546 25.
376 5491 402 5547 5.

144 5563 184 5632 (i)
199 5561 268 5618 Gen.
280 5560 306 5629 3,
325 5560 455 5632 (ορκον
471 5564 551 5621 Vere.
567 5579 653 5635 groea.
666 5564 751 5623 Lxx.

988 5346 1149 5418 (divulga
1167 5359 1232 5400 nox

990 5421 1031 5482 (5)
1052 5417 1151 5474 blattis.
1168 5415 1212 5478 25,
1226 5416 1270 5472 di.

990 5485 1274 5560 mmmmm
