4184 6410
161 277 222 360 oti
542 275 650 338 PARS
678 275 822 338 PRIMA.
839 299 880 322 -θ
900 273 1120 338 Expostulo
1152 275 1196 338 IN
1227 276 1430 346 PSALMOS.
1710 223 1712 234 Ι
1745 279 1805 340 678

163 438 326 498 Innocens
350 433 514 508 manibus,
536 437 569 497 θῖ
594 435 717 499 mundo
744 436 853 498 corde.
881 437 956 498 Non
1050 431 1097 498 De
1120 435 1185 498 istu
1199 433 1431 499 benedictione
1444 437 1565 499 dlcltur
1579 437 1614 499 in
1638 439 1803 502 Deutero-

163 534 253 596 enim
280 531 404 595 suflicit
417 547 491 594 esse
505 533 716 595 innocentem
740 533 905 606 manibus,
927 532 957 593 si
1011 531 1123 594 nomio
1139 530 1254 611 (33,13
1269 533 1303 594 et
1316 530 1369 612 14)
1385 547 1420 594 :c
1434 536 1481 595 De
1495 533 1725 596 benedictione
1738 538 1806 598 Do-

163 629 263 692 corde
277 630 377 692 luerit
389 631 463 707 quis
477 630 684 707 immundus3
699 630 786 692 unde
807 630 956 692 Michaeas
1012 628 1094 689 mini
1109 628 1200 689 terra
1215 631 1307 706 ejus3
1325 646 1344 689 a
1358 630 1486 707 supple,
1501 631 1651 708 repletur
1664 633 1751 694 :siit
1764 633 1806 696 de

163 727 208 806 (2,
225 726 258 806 i)
276 749 283 788 :
299 730 369 802 Vae,
393 727 450 804 qui
465 727 619 804 cogitatis
634 728 771 804 inutile;
788 727 956 790 nonenim
1012 726 1119 802 pomis
1132 725 1397 801 coeli,etrore,et
1410 726 1530 805 abysso
1542 728 1744 808 subjacente.
1757 733 1804 791 De

162 826 243 888 dicit
255 826 404 896 noxium,
422 826 508 902 quod
533 829 641 903 maJus
654 829 715 898 θεῖ,
741 826 797 887 sed
813 826 954 886 inutile:
1012 823 1119 900 pomis
1138 823 1305 886 lluctuum
1317 825 1410 895 solis,
1423 825 1456 885 et
1470 826 1597 886 lunae.»
1612 828 1714 888 Poma
1728 827 1804 888 coeli

161 927 201 986 Et
222 923 408 1000 operamini
434 922 558 984 malum
584 923 619 983 in
642 922 807 984 cubilibus
821 922 955 996 vestris,
1012 920 1106 996 coeli;
1120 921 1153 982 ct
1167 935 1264 998 poma
1278 921 1370 994 solis,
1387 925 1421 983 et
1435 921 1523 984 lunae
1541 943 1548 982 ι
1565 922 1632 985 duo
1646 925 1806 986 notantur

161 1022 248 1084 idest
262 1021 296 1081 in
316 1019 471 1082 cordibus
486 1041 493 1080 ε
508 1021 542 1082 θῖ
554 1022 666 1083 tamen
686 1021 769 1081 illud
795 1019 957 1082 maniies-
1011 1018 1068 1079 bic
1079 1033 1252 1095 pomorum
1260 1021 1501 1095 genera.Poma
1510 1020 1585 1082 coeli
1595 1021 1805 1084 suntiructus

159 1120 229 1182 tum
245 1120 313 1192 est;
330 1117 418 1180 unde
439 1118 613 1197 sequitur:
633 1120 671 1179 ln
690 1119 764 1179 luce
792 1117 956 1180 matutina
1012 1116 1807 1192 aeternaagloriae.Pomasolis,etlunaesuntiruc·

161 1216 290 1279 iaciunt
299 1215 392 1278 illud.
419 1216 519 1286 Quasi
535 1215 646 1277 dicat:
663 1215 820 1286 Quamvis
833 1214 906 1276 haec
920 1215 956 1274 in
1011 1213 1064 1274 tus
1081 1213 1232 1292 justitiae.
1254 1217 1354 1276 Poma
1368 1214 1444 1276 coeli
1459 1214 1629 1278 habebunt
1644 1219 1756 1281 Sancti
1772 1221 1807 1281 in

160 1313 291 1377 occulto
306 1311 417 1374 cordis
429 1313 549 1388 agatis,
563 1313 753 1375 tamenDco
769 1312 814 1374 ita
830 1312 955 1390 patent,

161 1411 370 1488 tanquamin
384 1410 460 1471 luce
483 1409 556 1470 haec
582 1409 737 1486 ageretis.
756 1409 853 1470 'Pales
877 1409 960 1468 illu-

163 1509 248 1570 dunt
271 1507 424 1580 Domino,
441 1506 498 1584 qui
522 1506 674 1569 velantes
688 1506 808 1568 faciem
821 1505 955 1578 Christi,

162 1607 198 1670 et
222 1605 392 1669 dicentes:
409 1607 622 1680 Propbeiiee
645 1607 759 1679 nobis,
788 1607 866 1678 quis
893 1603 956 1676 est,

163 1707 223 1778 qni
238 1704 271 1765 te
280 1703 457 1778 percussit
472 1700 542 1781 (lli
570 1704 617 1763 De
644 1701 760 1764 eodem
787 1701 909 1762 dicitur
922 1701 958 1761 in

164 1797 354 1862 Proverbiis
366 1798 480 1878 (11,ae
494 1803 528 1861 et
538 1797 591 1877 21)
604 1820 612 1858 ε
628 1796 890 1861 «abominabile
906 1799 959 1860 θεῖ

163 1897 304 1960 Domino
329 1912 387 1960 cor
400 1911 552 1974 pravum.
578 1897 698 1958 Manus
721 1895 755 1956 ln
776 1909 877 1956 manu
891 1909 958 1955 non

163 1996 229 2058 erit
239 1995 400 2056 innocens
413 1994 539 2070 malus3
556 1993 762 2078 Quasifldlcat
777 2014 784 2052 ι
802 1991 959 2065 Quamvis

161 2093 207 2156 sit
216 2092 370 2155 manibus
386 2091 560 2163 innocens,
575 2091 675 2153 corde
688 2092 799 2152 minen
815 2103 882 2152 non
895 2089 960 2151 erit

163 2191 336 2264 innocens,
364 2189 450 2268 quod
477 2189 606 2250 malitia
632 2188 765 2264 plenum
785 2189 848 2249 θεῖ.
867 2186 960 2264 ltJ'ice

164 2303 245 2363 orgo
258 2301 344 2356 eam,
369 2287 406 2348 ut
418 2286 464 2347 sis
480 2285 602 2348 mundo
617 2285 728 2357 corde,
745 2285 832 2345 sicut
846 2283 958 2344 mani-

165 2384 227 2446 bus
242 2385 413 2446 innocens.
431 2382 525 2446 Unde
537 2383 691 2446 ieremias
707 2381 752 2462 (4,
763 2379 831 2459 iil:
841 2397 860 2442 ‹
871 2381 959 2442 Lava

163 2497 186 2544 a
201 2482 328 2544 malitia
340 2495 398 2542 cor
410 2483 516 2553 tuum,
529 2483 565 2544 ut
577 2479 670 2541 salua
686 2479 746 2542 ilas
761 2499 769 2540 a
786 2493 958 2557 usquequo

165 2577 385 2641 morabuntur
399 2578 433 2638 in
447 2581 480 2640 te
496 2578 713 2654 cogitationes
728 2576 861 2638 noxiaei
875 2593 894 2636 s

206 2678 363 2754 Sequitur
376 2699 384 2737 ι
398 2678 540 2744 ouinon
549 2677 679 2750 occepit
692 2679 867 2737 invenem
882 2675 962 2736 eni-

164 2789 258 2838 mam
280 2789 393 2848 mem,
422 2772 508 2851 quod
535 2773 615 2835 iacit
644 2773 700 2850 qui
729 2787 797 2833 non
820 2771 962 2848 negligit

165 2871 342 2935 scientiam
353 2871 423 2932 liei.
437 2867 690 2949 Sapientiae(13‚
702 2868 734 2948 1)
744 2869 871 2932 :ellani
885 2869 963 2929 sunt

165 2985 282 3032 omnes
297 2969 460 3040 homines,
473 2967 638 3046 inquibus
652 2983 719 3029 non
729 2967 843 3030 subest
855 2967 962 3028 scien·

167 3069 215 3128 ila
230 3067 337 3129 Dei.»
365 3065 494 3140 Subest,
520 3065 610 3137 dicit,
635 3063 730 3143 quasi
757 3063 959 3127 tundamen-

165 3166 248 3226 tum.
264 3163 440 3242 Sequitur:
456 3163 557 3226 «Nec
565 3161 694 3241 juravit
707 3163 743 3224 in
756 3162 832 3224 dolo
845 3161 961 3239 proxi-

168 3277 223 3324 mo
251 3277 359 3323 suc.»
384 3261 446 3333 Qui
466 3275 581 3322 curam
606 3261 794 3323 animarum
818 3261 958 3336 accepit,

170 3363 237 3421 Deo
252 3355 415 3436 siquidem
421 3359 525 3435 jurat,
540 3357 627 3420 idest
637 3357 776 3420 tirmiter
786 3356 958 3433 promittit,

166 3456 382 3535 quodomnes
408 3453 538 3517 animas
564 3455 629 3515 sibi
650 3455 856 3527 commissas,
883 3456 961 3516 tan-

165 3552 386 3632 quam'bonus
411 3552 536 3629 pastor,
553 3554 621 3613 Deo
635 3552 812 3628 injudicio
830 3566 959 3628 reprea-

165 3650 329 3726 sentabit3
356 3650 445 3711 unde
468 3649 504 3710 iu
529 3646 721 3712 Proverbiis
737 3646 781 3726 (6,
809 3647 867 3728 l)=
890 3649 960 3709 «sl

165 3749 383 3828 spoponderis
396 3761 455 3824 pro
470 3746 578 3808 amico
589 3747 658 3818 tuo,
673 3745 818 3808 defixisti
826 3761 960 3809 manum

166 3850 257 3910 tuam
276 3845 363 3922 apud
389 3845 629 3906 extraneum.»
652 3844 802 3919 Defigere
826 3857 960 3903 manum

164 3947 217 4007 est
243 3943 384 4005 firmiter
408 3941 613 4020 promittere,
635 3941 765 4002 animas
793 3939 856 4000 sibi
881 3939 961 4000 sub-

167 4043 255 4104 ditas
267 4041 397 4102 solicite
412 4040 590 4111 instruere,
614 4040 647 4102 et
661 4039 729 4100 Deo
744 4037 961 4100 committenti

167 4138 317 4201 reddere.
333 4137 373 4200 lit
386 4137 470 4200 bene
497 4136 629 4208 dicitur,
651 4135 738 4212 apud
749 4137 959 4196 extraneum.

166 4239 255 4298 Deus
281 4235 382 4310 enim,
409 4249 477 4296 non
501 4234 660 4311 tanquam
685 4231 874 4304 familiaris,
902 4231 959 4294 sed

166 4337 325 4409 tanquam
340 4335 520 4394 extraneus
534 4346 594 4408 pro
609 4331 671 4403 eis,
688 4329 873 4392 districtam
891 4329 961 4391 exi·

166 4429 224 4504 gei
235 4428 397 4490 rationem
410 4427 511 4501 eboc,
526 4429 562 4489 ln
575 4431 670 4506 cuijus
684 4442 802 4490 manus
820 4441 878 4490 eas
889 4443 961 4488 cus·

167 4523 342 4588 lodiendas
356 4522 504 4586 tradidit
516 4524 611 4587 Unde
624 4528 709 4587 Osee
722 4523 766 4604 (9,
780 4523 814 4604 8)
827 4542 861 4586 :s
873 4525 959 4601 Spe·

166 4622 298 4688 culalor
319 4619 479 4698 Ephraim
502 4635 578 4682 cum
601 4623 670 4683 Deo
684 4637 758 4683 meo
773 4643 780 4682 ε
796 4621 961 4698 propbeta

166 4721 274 4782 iactus
285 4720 335 4781 est
347 4717 485 4794 laqueus
496 4717 603 4778 rulnae
618 4733 638 4778 s
650 4719 775 4795 populi.
788 4719 959 4780 Constitu-

166 4821 221 4880 tus
233 4816 321 4879 enim
331 4816 490 4892 tanquam
502 4813 691 4891 speculator
700 4814 734 4875 ln
745 4826 880 4890 gregem
894 4817 961 4876 Do-

167 4915 260 4987 mini,
275 4929 349 4976 cum
365 4910 501 4974 deberet
527 4913 600 4989 ejus
626 4913 737 4989 paries
752 4925 854 4987 agere
868 4929 876 4985 ;
891 4925 960 4973 nou

166 5011 309 5084 Domini,
324 5010 382 5072 sed
395 5023 474 5071 suas
489 5010 569 5086 agit,
581 5009 669 5072 etita
679 5008 786 5071 iactus
797 5011 848 5072 est
859 5009 958 5071 ruina

168 5109 300 5187 populi3
317 5109 351 5170 θῖ
364 5107 441 5169 ideo
454 5123 521 5169 non
531 5106 674 5184 accipiet
694 5107 960 5170 benedictionem

167 5209 357 5278 eliomino,
374 5219 473 5282 quam
496 5205 641 5278 accipiet
655 5204 712 5281 qui
734 5217 801 5265 non
817 5206 912 5281 jurat
923 5209 961 5266 in

167 5303 961 5376 unoprocimo,iitnocensmentdns,etinunco

167 5401 281 5462 corn.

204 5597 358 5674 (imaus.
375 5599 420 5671 ao,
438 5602 480 5658 us.

1012 1309 1134 1384 tuturo,
1147 1312 1225 1389 quia
1239 1299 1480 1388 aeternaglori'a
1489 1313 1692 1376 reficientur.
1705 1317 1808 1379 Poma

1012 1408 1104 1482 solis,
1121 1411 1155 1472 et
1169 1409 1268 1482 lunae,
1283 1410 1370 1472 idest
1384 1409 1511 1472 tructus
1521 1412 1662 1488 justitiae
1684 1411 1807 1476 lrabeat

1012 1505 1230 1584 inpraesenti.
1246 1508 1474 1570 Pervetcalor
1493 1509 1530 1570 in
1554 1509 1636 1578 sole,
1661 1509 1809 1574 abundat

1012 1602 1179 1665 humor-in
1194 1604 1284 1666 luna.
1302 1607 1397 1668 Luna
1423 1606 1474 1668 est
1496 1605 1666 1682 Ecclesia3
1691 1608 1742 1670 sol
1757 1609 1809 1672 est

1013 1701 1085 1778 ipso
1102 1699 1263 1774 cbristus,
1287 1703 1329 1764 ad
1356 1706 1451 1781 cujus
1467 1705 1625 1777 calorem,
1639 1705 1806 1770 mediante

1013 1797 1152 1860 humore
1180 1799 1416 1877 lacrymarum,
1441 1801 1475 1864 et
1501 1801 1686 1864 devotionis
1720 1806 1805 1881 ejus,

1013 1895 1228 1971 generantur,
1246 1899 1279 1959 et
1291 1896 1487 1959 nutriuntur
1499 1897 1535 1958 ln
1550 1899 1707 1974 praesenti
1723 1899 1809 1963 truc·

1013 1987 1218 2069 tusjustitiae
1234 2009 1294 2071 per
1307 1994 1367 2057 Dei
1388 1995 1543 2070 gratiam,
1561 1998 1594 2058 et
1621 1995 1808 2061 doctrinam

1013 2092 1097 2166 ejus.
1113 2091 1154 2150 iit
1174 2089 1260 2152 bene
1273 2091 1364 2154 inter
1386 2106 1484 2170 poma
1504 2095 1581 2156 coeli
1605 2095 1685 2156 suni
1710 2111 1808 2173 poma

1015 2187 1202 2260 fructuum,
1232 2188 1391 2264 quisunt
1418 2189 1549 2252 labores
1578 2207 1736 2270 operum,
1771 2194 1807 2255 in

1015 2282 1135 2360 quibus
1155 2283 1337 2357 laboribus,
1362 2287 1459 2363 quasi
1487 2288 1522 2348 ln
1544 2287 1628 2349 cibis
1654 2288 1807 2352 dulcibus

1014 2381 1174 2444 delectari
1209 2378 1388 2456 debemus,
1427 2386 1524 2461 Juxta
1561 2385 1644 2446 illud
1682 2387 1808 2449 Psalmi

1016 2476 1100 2557 (127,
1118 2477 1152 2557 2)
1170 2478 1365 2542 :cLabcros
1389 2497 1549 2543 manuum
1570 2485 1705 2545 tuarum
1727 2486 1806 2562 quia

1015 2576 1242 2650 manducabis,
1254 2577 1371 2640 beatus
1386 2593 1433 2653 es,
1450 2582 1484 2641 et
1496 2579 1580 2642 bene
1594 2581 1655 2643 tibi
1668 2581 1810 2646 eninm

1014 2657 1098 2736 bene
1113 2689 1211 2751 poma
1237 2674 1328 2748 solis,
1344 2676 1378 2738 ot
1391 2676 1480 2738 lunae
1502 2679 1654 2754 apposita
1682 2665 1809 2743 suntin

1015 2784 1102 2844 rore,
1117 2773 1150 2834 et
1164 2771 1285 2850 abysso
1302 2772 1511 2851 subjacente;
1532 2777 1610 2852 quia
1625 2791 1685 2854 per
1698 2791 1808 2840 rorem

1015 2869 1160 2931 coelestis
1184 2870 1314 2946 gratian
1331 2873 1366 2933 et
1391 2872 1632 2950 perabyssum,
1650 2873 1735 2936 idest
1750 2891 1811 2952 per

1015 2965 1152 3026 flumina
1177 2966 1393 3041 procedentia
1420 2968 1461 3030 de
1480 2968 1602 3044 christi
1617 2970 1808 3034 effossola-

1014 3063 1097 3136 tere,
1110 3063 1268 3126 videlicet
1281 3077 1343 3142 per
1365 3067 1575 3128 sacramenta
1590 3068 1760 3144 Baptismi,
1776 3071 1812 3132 et

1015 3160 1234 3223 Eucharistiae
1262 3162 1490 3236 conferuntur,
1511 3165 1545 3226 et
1568 3168 1811 3242 conservantur

1014 3259 1050 3320 in
1073 3255 1181 3320 nobis¹
1194 3258 1322 3322 tructus
1347 3260 1436 3336 vitas,
1463 3262 1496 3324 et
1519 3262 1670 3338 justitiae.
1693 3264 1811 3327 Simile

1014 3354 1090 3416 vide
1105 3353 1141 3414 ln
1168 3355 1369 3434 Apocalypsi
1386 3357 1537 3430 ioannis,
1556 3358 1613 3434 qui
1635 3359 1720 3421 vidit
1738 3359 1809 3421 tlu-

1015 3449 1117 3523 vium,
1140 3453 1175 3513 et
1207 3467 1251 3514 ex
1275 3453 1416 3530 utraque
1439 3457 1533 3530 parte
1559 3454 1654 3516 fluuii
1680 3455 1809 3531 lignum

1015 3549 1104 3620 vitae,
1129 3547 1275 3610 afferens
1299 3549 1443 3611 fructum
1467 3565 1564 3612 suurn
1590 3549 1649 3630 (2).
1672 3553 1809 3616 Pluvius

1015 3645 1079 3706 iste
1093 3645 1145 3707 θεῖ
1167 3645 1289 3707 lluvius
1304 3646 1555 3720 misericordiae,
1571 3648 1697 3710 habens
1712 3651 1810 3728 quasi

1015 3741 1098 3801 duas
1116 3742 1220 3818 ripae,
1232 3744 1266 3805 θῖ
1279 3743 1315 3802 in
1328 3743 1436 3804 medio
1449 3743 1576 3819 lignum
1596 3745 1740 3808 fructum
1756 3749 1811 3809 ai-

1015 3838 1137 3907 ierens,
1155 3839 1233 3915 qula
1245 3854 1306 3900 nos
1322 3839 1430 3916 pascit
1439 3841 1591 3902 Christus
1602 3843 1637 3902 ln
1648 3847 1808 3920 praesenti

1015 3951 1075 4012 per
1096 3935 1240 3998 fructum
1262 3937 1414 4013 justitie,
1441 3939 1476 3998 et
1497 3938 1533 3999 in
1547 3938 1659 4004 futuro
1674 3941 1810 4006 satiabit

1015 4046 1076 4111 pcr
1089 4031 1233 4097 trucium
1245 4033 1521 4110 aeternaegloriae.

1279 4293 1420 4355 SERMO
1441 4294 1542 4356 XLII.

1015 4441 1056 4498 lie
1077 4439 1202 4498 adventu
1216 4439 1268 4498 liei
1294 4437 1411 4515 duplici,
1429 4441 1459 4498 in
1478 4457 1535 4514 quo
1557 4443 1763 4514 misericordis,
1779 4452 1808 4504 θῖ

1049 4529 1165 4592 ventas.
1182 4527 1224 4586 lie
1251 4529 1461 4602 requirentibus
1475 4531 1648 4601 testimonla,
1671 4539 1700 4590 et
1718 4539 1805 4592 ῖθεῖθ·

1051 4620 1180 4675 mentum
1194 4617 1267 4690 ojus.

1019 4759 1195 4822 Unioersce
1207 4763 1273 4822 oie
1287 4761 1427 4823 Domini
1440 4763 1681 4826 misericordie
1696 4764 1731 4825 ct
1744 4779 1807 4828 ec-

1054 4857 1156 4932 ritos,
1181 4857 1438 4932 requirentibus
1453 4858 1699 4922 testamentum
1719 4865 1805 4939 ejus,

963 4999 971 5014 .
1055 4954 1089 5016 et
1101 4953 1300 5017 testimonie
1313 4958 1399 5029 eins
1417 4941 1586 5034 (Psal24,
1603 4954 1667 5038 10.)

1055 5105 1311 5168 Αθθιιθθῖθθῖθι·
1333 5105 1389 5166 bic
1412 5105 1508 5168 nobis
1523 5122 1543 5167 a
1559 5109 1726 5186 Propheta
1742 5110 1809 5173 duo

1015 5202 1188 5274 adventus,
1210 5217 1297 5263 unus
1312 5201 1348 5264 in
1367 5201 1566 5278 humilitate,
1596 5207 1683 5269 alter
1705 5207 1739 5268 in
1754 5223 1810 5285 po-

1014 5301 1149 5374 ῖθεῖθῖθ,
1163 5313 1250 5360 unus
1271 5300 1306 5360 in
1328 5301 1593 5376 mansuetudine,
1611 5304 1698 5368 alter
1713 5305 1809 5367 inri-
1842 5291 1847 5300 ’

1014 5397 1804 5474 gore3unusinmisericordia,aliusinveritate.

927 5642 935 5662 ,
1046 5597 1187 5674 (ilbpoc.
1204 5599 1249 5668 22,
1265 5599 1319 5656 let
1333 5601 1358 5658 i.
