4152 6388
311 211 371 274 227
742 219 775 280 S.
799 219 1020 282 sitnnctscl
1040 222 1268 286 ASSISIM'IS
1290 225 1521 288 OPUSCULA.
1896 234 1970 296 228

310 371 400 434 todi:
416 372 488 450 ipse
500 389 579 436 vero
589 375 700 438 custos
716 375 977 442 misericorditer
986 381 1101 458 provi-

311 469 387 530 deat
401 470 444 542 ei,
466 471 643 548 sicutipse
667 473 767 536 vellet
787 476 957 552 provideri
979 475 1042 538 sibi
1065 479 1100 538 iu

310 567 476 629 consimili
491 585 582 628 casu.
599 571 638 630 nt
652 570 708 630 isti
724 572 856 648 penitus
873 589 939 634 non
956 574 1101 636 habeant

309 665 504 740 potestatem
522 665 716 743 injungendi
741 669 843 730 aliam
858 671 1098 747 poenitentiam,

309 761 374 821 nisi
386 761 478 822 illam
494 783 501 822 ε
518 764 620 837 Vade,
646 766 679 826 et
699 765 768 826 noli
791 767 933 845 amplius
948 783 1098 845 peccare.

307 859 374 919 ista
389 858 453 930 lac,
468 861 502 921 et
514 861 601 922 vale.

564 1077 767 1138 EPISTOLA
789 1079 846 1138 tx.

339 1208 391 1266 ra
408 1209 641 1280 provinciales
659 1210 798 1270 ονοοιο
811 1212 991 1272 minonem
1007 1208 1066 1288 (1).
1093 1193 1096 1201 '

306 1335 443 1392 Prolatus
465 1349 523 1393 non
546 1337 583 1394 sit
601 1351 786 1410 personarum
816 1347 959 1413 acceptor,
988 1347 1017 1398 et
1041 1355 1098 1399 non

373 1421 456 1481 facile
471 1439 521 1498 per
530 1433 659 1483 sanctem
675 1425 867 1484 obedientlam
880 1429 1036 1502 precipiat.

345 1549 524 1611 Dilectisin
536 1551 666 1613 Christo
678 1552 835 1614 iratribus
846 1553 1010 1617 ministris
1026 1571 1100 1634 pro-

305 1646 506 1708 vincialibus
516 1649 652 1710 Ordinis
667 1651 845 1712 Minorum.

342 1746 380 1805 in
396 1745 558 1820 regimine
571 1749 693 1819 vestre,
716 1747 837 1810 tratres
857 1749 1015 1822 ministri,
1032 1750 1098 1810 duo

303 1857 363 1902 vos
376 1841 538 1919 deprecor
553 1865 560 1902 :
578 1844 738 1916 Primum,
755 1845 841 1922 quod
857 1861 924 1906 non
936 1847 1009 1908 sitis
1021 1863 1099 1923 per-

303 1953 461 2000 sonarum
471 1940 715 2016 acceptatorem
728 1943 921 2016 secundum,
932 1944 1019 2021 quod
1030 1960 1097 2004 non

303 2035 506 2113 praecipiatis
514 2036 613 2098 facile
622 2054 681 2116 per
692 2042 841 2102 sanctam
850 2040 1074 2103 obedientiam
1087 2064 1095 2104 ι

304 2133 381 2210 quia
395 2133 457 2194 boc
470 2135 520 2195 est
532 2135 643 2196 statim
651 2136 798 2211 gladium
808 2138 999 2215 evaginare,
1009 2139 1096 2216 quod

304 2246 371 2292 non
387 2229 483 2294 debet
495 2231 579 2300 lieri,
591 2233 658 2294 nisi
670 2233 801 2296 matura
816 2234 1093 2310 consideratione,

303 2329 336 2392 et
348 2343 469 2404 magna
484 2330 670 2392 occasione.
683 2333 721 2392 ln
734 2331 910 2406 mandatis,
919 2333 1093 2406 moderati,

301 2425 337 2486 in
349 2428 553 2504 peccatores,
565 2425 809 2503 misericordes,
821 2429 1038 2492 condonando
1050 2431 1097 2492 la·

302 2522 395 2596 ciles,
412 2523 446 2586 in
466 2523 557 2586 victu
580 2525 798 2608 abstinentes
814 2527 850 2587 in
869 2528 990 2590 vestitu
1007 2544 1094 2606 pau-

301 2636 410 2697 peres,
432 2621 467 2682 in
491 2621 602 2684 verbis
624 2624 801 2696 mansueti,
825 2626 893 2686 Deo
916 2626 949 2687 et
974 2625 1094 2687 officiis

302 2719 425 2780 vestris
440 2718 554 2779 ddeles
576 2721 693 2781 estote.
711 2723 761 2781 Ex
775 2721 931 2798 operibus
948 2722 1050 2784 verba
1062 2723 1095 2786 et

304 2817 469 2892 praecepta
492 2816 611 2888 eruite,
629 2817 657 2876 si
680 2817 781 2879 vultis
806 2817 892 2896 quod
917 2818 1038 2882 subditi
1052 2836 1095 2882 ex

303 2911 415 2974 verbis
430 2913 551 2974 vestris
566 2911 718 2975 iacienda
737 2914 942 2991 depromant,
959 2916 992 2977 et
1006 2917 1092 2994 quod

301 3025 358 3072 ore
369 3009 561 3088 praecipitis,
577 3009 628 3072 1111
648 3027 748 3090 opere
763 3012 961 3092 compleant.
977 3013 1094 3076 Valete

301 3107 337 3168 in
352 3109 502 3170 Domine.

565 3262 768 3323 EPISTOLA
788 3261 828 3322 X.

420 3395 472 3454 Ad
483 3393 671 3467 capitulum
682 3399 844 3472 paoercia
858 3397 900 3456 II
912 3393 973 3477 (2).

301 3525 334 3583 ln
352 3523 407 3582 bac
425 3523 545 3596 epistola
569 3521 670 3582 iratres
685 3539 746 3582 sote
765 3525 925 3584 vocationis
945 3524 1092 3596 admonet,

336 3614 365 3670 1ο
379 3627 413 3671 ee
427 3626 611 3686 perseverare
631 3611 806 3684 adhortatur,
822 3621 853 3672 et
870 3615 988 3688 Regula
999 3615 1094 3674 obser·

335 3702 472 3772 tantiam,
489 3699 617 3759 divinum
636 3701 743 3762 cultum
767 3710 795 3760 et
814 3699 939 3762 officium
960 3703 1094 3763 omnibus

334 3788 525 3850 commendat.

340 3915 544 3980 Reverendis
559 3918 591 3980 et
607 3917 747 3981 mulium
769 3917 949 3996 diligendis
973 3918 1091 3982 tratri-

336 4064 378 4136 11)
391 4064 506 4124 Eadem
516 4077 587 4137 ques
597 4065 625 4121 in
634 4073 805 4146 argumento
814 4065 949 4138 Epistola
963 4065 1093 4139 septima

302 4137 525 4220 assignavimus,
538 4134 585 4218 ds·
597 4143 713 4194 auctore
733 4134 818 4217 tropus
839 4135 925 4220 nobis
939 4144 1092 4210 suppetunt

302 4215 427 4264 rationes
439 4204 586 4264 dubitandi
603 4221 610 4262 :
636 4219 690 4262 nec
703 4219 782 4262 emm
802 4207 877 4276 apud
890 4207 976 4264 airum
990 4221 1090 4279 quem·

302 4277 389 4359 piam,
401 4289 485 4359 quam
500 4274 574 4346 apud
586 4273 740 4358 ltebolledq
750 4279 860 4360 iperc,
869 4276 916 4334 lib.
925 4278 961 4347 ii,
974 4292 1037 4350 cap.
1046 4279 1090 4362 21,

301 4361 366 4406 eam
382 4359 510 4403 mvemre
523 4353 682 4416 potuimus3
692 4359 742 4401 cur
756 4347 821 4402 licet
833 4345 951 4430 dignam
967 4355 1089 4405 auctori·

301 4425 400 4502 tatem
413 4423 462 4474 aut
472 4429 582 4487 equam
598 4415 683 4472 tidem
698 4429 806 4488 negare
815 4431 871 4474 uon
884 4419 1015 4486 velimus,
1025 4433 1089 4476 sus·

302 4502 449 4642 iiiiii
457 4488 1091 4644 {titilllliittttltiillidatur

300 4627 1090 4784 soliditatumtitilletterelle!

300 4781 354 4831 tur.
369 4773 429 4830 Nisi
440 4772 562 4853 velimus
574 4770 680 4838 dicore,
701 4785 737 4827 ex
759 4771 910 4829 collatione
924 4773 969 4843 27,
994 4773 1091 4856 lunda-

300 4839 858 4998 aaipertimescimus
877 4857 1090 4998 rueram

299 4983 347 5127 1111
368 4981 789 5138 t¹¹itl¹lltttiittlllll
803 4992 974 5138 1111113
987 5055 1090 5112 itte

299 5124 1090 5269 altimetriaz‘tetliatrpt‘eir}

299 5269 423 5324 Martum.
439 5267 586 5337 utriusque
596 5265 724 5348 impreco.
737 5273 816 5350 tract.
833 5266 1090 5350 221joetindistino-

298 5347 356 5396 tam
372 5336 408 5395 ab
422 5335 541 5409 epistola
566 5337 608 5404 tr,
625 5351 653 5392 m
666 5351 747 5408 cupos
767 5351 906 5409 prmctpto
921 5337 996 5422 banc
1016 5353 1088 5409 pree-

300 5409 400 5482 ilgunt.
422 5410 475 5490 Per
493 5421 524 5463 te
539 5414 634 5463 tamen
648 5407 848 5490 ¹reponendam
869 5406 1002 5466 duximus
1021 5421 1088 5464 cum

299 5477 496 5552 ltodulph,l1b.
510 5476 761 5562 il,iol.nub1237‚⁸
773 5486 800 5562 et
814 5477 967 5562 Rebelledo
978 5481 989 5537 1
1002 5484 1087 5562 part,

298 5549 334 5609 ib.
361 5553 397 5622 ll,
423 5563 485 5622 cap.
509 5546 556 5617 ld,
583 5561 618 5604 eo
634 5547 709 5622 quod
735 5547 898 5606 distinctum
927 5556 964 5607 stt
982 5556 1086 5606 utrius·

1154 381 1216 443 bus
1225 377 1404 458 universis,
1423 389 1478 448 Fr.
1491 387 1691 450 Franciscus
1704 389 1739 451 in
1752 391 1890 455 Christo
1900 409 1969 456 sa-

1155 481 1269 543 lutens.

1193 580 1323 640 Nomen
1339 580 1399 642 bei
1420 581 1608 654 audientes,
1625 583 1764 649 adorate
1777 601 1854 648 eum
1879 603 1965 649 cum

1154 676 1274 738 timore
1298 679 1331 738 et
1357 681 1547 742 reverentia
1570 683 1667 756 proni
1687 681 1722 742 in
1745 685 1849 744 terra.
1877 685 1965 746 Ideo

1154 773 1247 836 misit
1256 791 1317 835 vos
1339 775 1426 836 Deus
1450 777 1485 836 in
1506 777 1664 839 mundum
1685 781 1896 854 universum,
1921 785 1966 846 ut

1154 870 1256 932 verbo
1275 873 1309 934 et
1327 887 1427 949 opere
1440 873 1765 938 detistestimonium
1778 880 1855 939 voci
1866 883 1963 956 ejus,

1154 969 1187 1028 et
1209 967 1339 1030 iacietis
1355 985 1472 1032 omnes
1486 972 1574 1033 scire
1594 973 1680 1050 quod
1696 989 1763 1036 non
1785 977 1839 1038 est
1863 975 1963 1038 alius

1155 1063 1411 1141 praeteripsum.
1429 1067 1656 1145 indisciplina
1677 1073 1710 1132 et
1731 1073 1848 1133 sancta
1874 1072 1967 1134 obe-

1155 1159 1517 1239 dientiaperseverat03
1543 1168 1576 1226 et
1596 1181 1671 1243 quae
1691 1168 1900 1243 promisistis
1919 1172 1960 1232 ei

1154 1255 1241 1318 bono
1255 1260 1437 1336 proposito,
1452 1261 1632 1337 adimplete
1649 1264 1846 1338 peremnia.
1873 1268 1961 1335 Oro,

1154 1352 1240 1414 sicut
1252 1371 1398 1431 possum,
1414 1358 1607 1430 generalem
1627 1360 1831 1433 ministrum,
1849 1364 1890 1424 ut
1905 1361 1964 1424 ia-

1153 1451 1221 1512 ciat
1234 1453 1395 1528 Regulam
1408 1453 1452 1514 ab
1463 1455 1617 1518 omnibus
1632 1456 1879 1521 inviolabiliter
1894 1460 1963 1522 ob-

1153 1550 1293 1610 servari.
1311 1551 1478 1614 Etclerici
1490 1552 1602 1614 dicant
1621 1554 1771 1616 divinum
1794 1556 1959 1620 Ot’tlcium

1153 1661 1227 1706 cum
1240 1646 1416 1709 devotione
1428 1663 1540 1710 coram
1560 1653 1639 1724 Deo,
1659 1668 1725 1714 non
1739 1654 1959 1718 attendentes

1152 1743 1330 1804 melodiam
1350 1747 1453 1818 vocis,
1471 1747 1529 1807 sed
1545 1750 1797 1812 consonantiam
1813 1753 1954 1815 mentis.

1153 1839 1285 1902 Ethene
1300 1841 1409 1904 valete
1422 1843 1457 1904 in
1473 1845 1625 1908 Domino.

1377 2093 1579 2154 urrerem
1598 2095 1645 2156 xi
1659 2093 1720 2176 (a).

1323 2227 1375 2287 Ad
1392 2227 1580 2301 capitatam
1596 2235 1769 2305 generate.

1150 2355 1295 2428 Precipua
1316 2355 1538 2430 precedentium
1552 2358 1719 2430 litterarum,
1735 2361 1765 2420 iu
1778 2361 1825 2420 bis
1842 2364 1952 2423 iterum

1185 2451 1321 2516 tanquam
1338 2445 1481 2517 religiosis
1495 2447 1564 2502 viris
1579 2451 1753 2518 necessaria,
1773 2453 1889 2524 repetit.
1899 2456 1955 2511 De·

1184 2531 1274 2589 bitum
1287 2533 1315 2590 in
1326 2534 1403 2590 cultu
1417 2542 1446 2592 et
1459 2533 1555 2592 officio
1580 2534 1678 2594 divino
1692 2537 1842 2597 observari
1862 2551 1952 2615 rogat

1184 2619 1322 2679 honorem
1330 2635 1339 2694 ;
1353 2619 1486 2679 eumdem
1501 2621 1607 2681 divinis
1618 2626 1781 2686 nominibus
1793 2636 1822 2686 et
1832 2631 1951 2702 scriptis

1185 2708 1322 2768 exbiberi.
1348 2711 1497 2782 Regulam,
1524 2712 1744 2787 regularemque
1762 2715 1949 2790 disciplinam

1185 2797 1286 2856 iratres
1299 2799 1402 2857 sectari
1413 2797 1586 2858 adhortetur.

1189 2934 1393 2996 Reverendis
1426 2936 1460 2997 et
1492 2935 1631 2998 multum
1658 2937 1853 3015 diligendiS,
1881 2943 1949 3003 mi-

1149 3031 1255 3094 nistro
1269 3032 1430 3108 generali,
1445 3036 1479 3095 et
1492 3035 1623 3096 caeteris
1635 3034 1795 3098 iratribus
1811 3038 1948 3102 Ordinis

1148 3131 1326 3202 lituorum,
1347 3127 1453 3192 trater
1475 3131 1674 3194 Franciscus
1687 3134 1722 3194 in
1735 3134 1867 3198 Christo
1883 3153 1946 3200 sa-

1148 3229 1260 3290 lutam.

1189 3325 1272 3398 Quia
1287 3326 1343 3404 qui
1358 3341 1402 3387 ex
1413 3328 1481 3389 Deo
1496 3327 1547 3388 est
1561 3325 1662 3388 verba
1678 3327 1737 3390 Dei
1754 3330 1868 3407 audit;
1885 3331 1949 3393 de·

1147 3423 1263 3486 bemus
1289 3422 1427 3500 proinde
1455 3439 1527 3496 nos,
1559 3424 1681 3488 fratres
1706 3427 1943 3504 amantissimi,

1147 3522 1204 3599 qui
1220 3520 1427 3598 spiritualius
1442 3521 1565 3583 divinis
1578 3538 1692 3584 sumus
1703 3523 1823 3586 officiis
1839 3525 1946 3603 depu-

1149 3619 1220 3692 tau,
1246 3634 1313 3680 non
1333 3617 1442 3679 solum
1462 3619 1580 3680 audire
1602 3623 1635 3682 et
1649 3618 1761 3683 iacere
1773 3639 1848 3699 quae
1863 3623 1946 3686 dicit

1148 3721 1246 3790 Deus,
1268 3731 1385 3778 verum
1401 3716 1558 3778 etiamad
1582 3717 1819 3781 insinuandam
1831 3721 1945 3784 inno-

1147 3815 1198 3878 bis
1213 3814 1423 3878 altitudinem
1438 3814 1605 3876 creatoris
1624 3817 1743 3888 nostri,
1766 3818 1847 3880 etin
1869 3819 1942 3896 ipso
2056 3895 2057 3900 ἵ

1147 3913 1385 3991 subjectionem
1400 3913 1559 3986 nostram,
1574 3927 1655 3976 vasa
1668 3914 1865 3978 etoltlcialia
1875 3932 1944 3980 οω-
2056 3933 2057 3958 ³

1147 4077 1203 4192 lit
1215 4061 1939 4214 tristitieitttlle‘iltlttmltt:

1147 4206 1191 4263 nis
1206 4213 1273 4262 ante
1291 4219 1353 4276 epus
1377 4210 1508 4272 mortem,
1534 4204 1579 4260 tila
1600 4204 1685 4276 paulo
1709 4212 1794 4276 ente3
1821 4206 1884 4265 bec
1904 4209 1940 4268 ad

1146 4275 1306 4349 Capitulum
1324 4275 1470 4347 generale,
1491 4273 1537 4330 illa
1563 4272 1599 4330 ad
1617 4275 1782 4333 sacerdotes
1808 4276 1937 4352 Ordinis;

1146 4355 1176 4404 ut
1190 4361 1225 4403 ex
1238 4345 1347 4403 eisdem
1361 4345 1434 4416 apud
1447 4343 1580 4402 eumdem
1595 4345 1684 4403 Rodul
1706 4345 1735 4402 h.
1747 4354 1890 4406 eteorum
1902 4351 1937 4406 ti·

1147 4418 1212 4476 tulis
1227 4417 1272 4473 vel
1287 4415 1520 4499 inscriptionibus
1533 4415 1670 4488 colligere
1684 4362 1760 4500 ficet:

1182 4487 1223 4561 (3)
1240 4489 1309 4544 Eam
1320 4487 1448 4557 capitulo
1463 4483 1576 4542 cuidam
1588 4489 1797 4560 generalemve
1812 4490 1939 4548 secondo

1159 4558 1195 4617 de
1208 4573 1265 4631 quo
1282 4555 1455 4684 Braecedenti
1477 4557 1595 4628 epistola
1612 4559 1787 4615 mentionem
1807 4559 1936 4630 lecimus,

1157 4630 1269 4701 scitque
1306 4627 1371 4684 odul
1395 4626 1643 4697 n.,1m.11,tract.
1663 4629 1696 4684 de
1712 4629 1840 4687 comitiis
1862 4647 1938 4702 panc·

1145 4699 1267 4771 ratitum)
1281 4699 1342 4755 sive
1357 4643 1405 4756 afli
1426 4697 1595 4768 cuicumque
1618 4699 1754 4771 scriptam
1775 4702 1840 4758 colli
1866 4704 1939 4760 imus

1145 4787 1180 4829 ex
1191 4770 1237 4827 illo
1249 4767 1385 4842 periodo:
1404 4769 1503 4828 Clerici
1518 4767 1614 4825 dicant
1625 4769 1755 4826 Officium
1768 4785 1834 4828 enm
1842 4713 1936 4830 {evo-
2055 4773 2056 4779 ’

1145 4845 1231 4910 tione,
1258 4847 1326 4906 etc,
1349 4853 1434 4911 qoam
1462 4853 1476 4895 a
1499 4837 1537 4895 ud
1554 4840 1688 4896 Puerum
1710 4841 1873 4900 invenimus
1888 4843 1935 4902 lib.

1145 4911 1225 4973 conl.
1242 4913 1286 4978 it,
1302 4923 1364 4992 cap.
1374 4911 1400 4978 7,
1416 4907 1468 4966 sub
1552 4909 1651 4967 titulo:
1666 4912 1699 4967 ln
1711 4913 1838 4983 Epistola
1857 4916 1935 4986 capi-

1144 4985 1202 5042 tulo
1215 4981 1343 5056 generali
1354 4979 1471 5037 directe.
1485 4981 1519 5036 Et
1530 4995 1565 5036 ex
1578 4979 1658 5036 titulo
1669 4995 1753 5052 quem
1762 4981 1856 5040 eidem
1870 4999 1937 5066 pre·

1145 5053 1335 5128 dgltuterque
1349 5049 1440 5108 codex
1455 5051 1512 5108 lis.
1538 5051 1628 5108 Aesis.
1644 5065 1731 5123 quem
1750 5053 1847 5110 videre
1861 5055 1934 5114 itaet.

1144 5127 1258 5193 Totam,
1283 5123 1357 5179 sicut
1380 5120 1436 5178 buc
1459 5121 1706 5193 transcripsimus,
1731 5123 1814 5181 nobis
1836 5123 1936 5183 obtulit

1145 5195 1275 5261 Ubertus,
1284 5193 1333 5250 lib.
1343 5193 1377 5259 V,
1384 5206 1447 5263 cap.
1462 5194 1487 5256 ⁷,
1500 5199 1527 5248 et
1537 5199 1655 5264 uterque
1664 5191 1753 5249 codex
1762 5195 1820 5252 its.
1833 5197 1934 5266 Assia,

1143 5260 1566 5328 licetdecimeetduodeclmte,
1577 5276 1649 5334 quas
1661 5263 1688 5319 1ο
1701 5277 1797 5334 οοοιο,
1811 5267 1930 5338 conglo-

1144 5341 1299 5401 meratum,
1325 5333 1485 5390 insertam:
1507 5335 1572 5404 quia
1595 5340 1691 5390 tamen
1714 5334 1777 5390 illas
1803 5334 1840 5392 ab
1861 5337 1933 5394 invi-
2054 5389 2055 5394 ,

1143 5420 1206 5464 cem
1220 5411 1378 5478 separatas,
1393 5411 1421 5460 et
1438 5403 1473 5460 ab
1488 5401 1543 5460 bac
1555 5399 1694 5461 discretas
1710 5403 1843 5475 vidimus,
1860 5407 1934 5492 apud

1143 5483 1343 5544 eosauctores,
1358 5473 1548 5546 quoseisdem
1564 5473 1748 5549 praefigimus,
1760 5475 1835 5534 hanc
1849 5483 1933 5535 etum
2054 5491 2055 5506 ¹

1144 5563 1193 5622 por
1212 5563 1243 5606 sc
1255 5543 1445 5618 separandum
1457 5542 1600 5601 duximus.
