4158 6380
295 285 336 344 75
736 289 791 350 nl>
813 287 950 352 OPERA
972 291 1007 350 S.
1030 289 1251 356 FRANGISCI
1272 291 1499 358 assistatis
1901 285 1947 355 76

295 445 414 508 darent
440 447 482 509 ad
511 446 658 510 membra
683 451 834 526 eorporis
870 449 1086 526 contegenda.
1142 447 1944 532 horribilisdepascendocorroderet,necsubve-

296 544 432 608 Oblatus
454 546 505 607 est
521 547 632 608 autem
654 547 686 607 ei
706 547 885 610 mantellus
908 561 1034 624 pauper
1053 549 1089 609 et
1142 548 1209 608 niri
1224 548 1570 628 posseteidemaliquo
1585 551 1759 612 medicinae
1774 551 1939 622 remedio,

294 643 372 704 vilis
396 643 554 719 agricolae
578 643 757 704 servientis
780 645 946 722 episcopo.
984 647 1086 717 Quem
1142 646 1281 722 contigit
1296 649 1331 708 ut
1352 649 1490 724 propter
1511 650 1701 709 sanctorum
1723 648 1940 724 exposcenda

293 739 365 816 ipse
391 741 562 817 gratanter
596 741 795 818 suscipiens,
821 757 896 803 curn
925 745 1086 804 coemento
1144 743 1274 815 merita,
1288 744 1521 821 Apostolorum
1534 745 1679 806 visitatis
1695 737 1877 816 limInibus
1895 745 1941 806 de

294 837 380 914 quod
394 837 458 899 sibi
475 839 631 910 occurrit,
648 839 835 900 admodum
857 839 966 900 crucis
986 855 1087 901 manu
1142 839 1411 916 peregrinatione
1426 841 1570 912 rediens,
1586 855 1682 904 servo
1696 843 1755 902 bei
1773 856 1939 904 occurre-

293 931 430 1012 propri'e
441 937 671 1012 consignavit:
687 937 928 1014 operimentum
939 937 1086 998 formans
1141 941 1202 1000 ret.
1219 940 1365 1015 Cumque
1381 955 1449 1016 prae
1463 940 1639 1002 devotione
1651 940 1752 1001 vellet
1766 939 1871 1016 ipsius
1883 955 1940 1000 os-

293 1047 386 1094 exeo
406 1033 558 1094 crucifixi
574 1033 730 1105 hominis,
752 1036 785 1096 et
806 1035 962 1112 pauperis
983 1035 1086 1096 semi·
1141 1036 1247 1096 colari
1260 1037 1412 1114 vestigia,
1432 1038 1485 1098 vir
1498 1033 1634 1099 humilis
1652 1037 1715 1099 boc
1730 1047 1795 1098 non
1811 1037 1936 1109 ferens,

292 1131 383 1191 nudi.
401 1131 456 1191 Sic
470 1131 573 1206 igitur
586 1147 703 1192 servus
719 1131 819 1208 Regis
842 1131 998 1194 altissimi
1023 1148 1087 1193 nu·
1141 1133 1286 1194 osculari
1302 1135 1427 1196 volenti
1445 1135 1557 1210 pedes,
1575 1135 1725 1196 osculum
1740 1135 1809 1195 oris
1832 1134 1936 1195 dedit.

293 1228 354 1288 dus
379 1226 517 1288 relictus
536 1229 587 1289 est
602 1225 661 1307 (1),
679 1227 715 1291 ut
740 1229 864 1290 nudum
893 1230 1086 1307 sequeretur
1141 1232 1224 1290 Itum
1248 1232 1359 1292 autem
1378 1232 1588 1308 leprosorum
1604 1245 1720 1292 servus
1734 1231 1937 1295 bracciacus

292 1325 459 1386 Christum
472 1326 660 1396 Dominum,
678 1339 775 1402 quem
791 1323 936 1398 amabat,
950 1327 999 1387 sic
1014 1328 1085 1388 vtti-
1141 1326 1286 1388 mirabili
1308 1329 1431 1405 pietate
1463 1329 1554 1389 illam
1579 1328 1710 1405 plagam
1741 1327 1938 1390 horribilem

292 1438 355 1498 que
376 1435 475 1482 cruce
496 1422 654 1494 munitus,
671 1425 707 1484 ut
724 1423 868 1484 animam
885 1437 980 1484 suam
995 1423 1086 1499 ligno
1140 1439 1198 1485 ore
1224 1439 1319 1486 sacro
1333 1427 1550 1502 contingeret,
1575 1427 1666 1488 omni
1680 1426 1794 1501 fugato
1807 1425 1935 1497 morbo,

292 1517 410 1578 salotis
438 1516 669 1590 committeret,
699 1534 759 1595 per
784 1515 871 1597 quod
901 1519 943 1581 de
970 1521 1085 1581 mundi
1141 1521 1248 1584 subito
1261 1537 1351 1599 aeger
1370 1523 1428 1584 ille
1443 1523 1619 1586 sanitatem
1643 1523 1854 1600 recuperavit
1874 1535 1939 1600 op-

291 1613 467 1691 naufragio
481 1615 592 1676 salvus
607 1616 727 1679 exiret.
1138 1620 1253 1680 tetam.
1271 1620 1392 1682 Nescio
1406 1621 1491 1697 quod
1508 1620 1627 1684 borum
1643 1620 1749 1696 magis
1762 1621 1806 1682 sit
1825 1620 1938 1682 admi-

332 1711 466 1772 Solutus
478 1711 599 1772 exinde
615 1713 729 1772 mundi
750 1713 956 1790 contemptor
975 1713 1085 1774 avin—
1139 1717 1291 1788 randum,
1308 1731 1352 1778 an
1367 1715 1564 1780 humilitatis
1586 1715 1794 1794 promeritas
1814 1717 1849 1778 in
1869 1731 1933 1778 os-

291 1808 376 1868 culis
392 1809 633 1870 mundanarum
650 1810 854 1886 cupidinum,
877 1810 1011 1872 civitate
1026 1826 1084 1872 re·
1140 1815 1214 1876 colo
1233 1816 1301 1876 tam
1320 1811 1475 1890 benigno,
1500 1829 1545 1875 an
1567 1814 1702 1876 virtutis
1725 1814 1935 1891 praeclaritas

290 1905 380 1976 licta,
397 1921 534 1968 securus
547 1907 579 1968 et
602 1907 687 1967 liber
707 1909 870 1969 secretum
895 1908 1084 1970 solitudinis
1139 1913 1173 1973 in
1191 1912 1352 1973 miraculo
1365 1911 1432 1974 tam
1446 1912 1619 1988 stupendo.

290 2004 397 2080 petiit,
412 2006 448 2063 ut
461 2003 553 2064 solus
569 2005 601 2066 et
613 2005 715 2066 silens
727 2020 881 2082 supernae
893 2005 1025 2066 audiret
1039 2006 1085 2066 al·
1179 2009 1349 2071 Punvlatus
1358 2012 1428 2087 jam
1441 2009 1476 2070 in
1490 2009 1615 2071 Christi
1631 2005 1820 2072 bumilitate
1831 2011 1936 2071 Pran-

291 2099 471 2162 locutlonis
499 2117 669 2163 arcanum.
700 2106 849 2180 Dumque
872 2117 931 2180 per
956 2103 1083 2180 sylvam
1139 2101 1258 2180 ciscus,
1275 2106 1523 2170 admemoriam
1545 2106 1674 2169 reducit
1697 2105 1933 2178 obedientiam,

291 2199 467 2276 quamdam
492 2195 708 2272 iterfaciens,
726 2200 842 2260 laudes
858 2200 997 2262 Domino
1014 2201 1083 2261 lln-
1138 2205 1201 2264 sibi
1213 2221 1235 2264 a
1250 2215 1349 2266 cruce
1372 2205 1567 2282 injunctam,
1593 2204 1633 2266 de
1648 2204 1764 2266 Sancti
1779 2205 1935 2266 Damiani

291 2311 356 2371 gua
378 2298 583 2358 Francorum
602 2297 656 2358 vir
671 2297 731 2359 Dei
748 2298 945 2359 Franciscus
961 2296 1084 2360 decan·
1139 2301 1280 2362 ecclesia
1300 2302 1499 2378 reparanda,
1515 2305 1549 2363 et
1561 2299 1719 2378 tanquam
1734 2315 1835 2362 verus
1857 2299 1936 2363 obe-

289 2395 377 2455 taret
402 2409 477 2454 cum
496 2394 616 2471 jubilo,
640 2393 786 2456 latrones
812 2411 913 2472 super
939 2411 1014 2455 eum
1041 2411 1083 2456 ex
1138 2399 1243 2470 diens,
1265 2399 1428 2462 assisium
1453 2399 1563 2470 rediit,
1595 2402 1632 2461 ut
1660 2399 1777 2461 saltem
1802 2399 1935 2460 mendi·

289 2490 411 2553 abditis
427 2491 608 2554 irruerunt.
626 2492 750 2564 Quibus
765 2491 863 2554 ferali
878 2493 989 2554 animo
1009 2494 1083 2569 quis
1137 2497 1255 2568 cando,
1291 2497 1366 2559 voci
1381 2496 1502 2558 divinae
1529 2499 1672 2573 pareret.
1711 2497 1935 2574 Depositaque

291 2589 380 2650 esset
402 2589 695 2664 interrogantibus,
721 2589 774 2650 vir
797 2591 857 2651 Dei
884 2590 1082 2652 confidentia
1138 2594 1227 2654 omni
1241 2593 1443 2655 verecundia
1464 2595 1598 2671 propter
1616 2607 1763 2656 amorem
1774 2595 1933 2672 pauperis

290 2685 419 2762 plenus,
441 2686 634 2762 prophetica
653 2702 734 2748 voce
757 2687 951 2764 respondit:
969 2692 1082 2750 Praeco
1137 2691 1307 2762 crucifixi,
1324 2691 1533 2755 mendicabat
1549 2691 1637 2768 apud
1659 2707 1728 2763 eos,
1750 2691 1839 2754 inter
1848 2709 1934 2770 quos

290 2799 363 2844 sum
375 2785 487 2860 magni
503 2785 614 2859 Regis.
630 2785 673 2846 nt
687 2784 737 2845 illi
757 2786 980 2861 percutientes
1007 2799 1082 2847 eum
1137 2787 1307 2850 abundare
1323 2788 1467 2864 solebat;
1488 2787 1596 2851 debile
1618 2805 1751 2866 corpus,
1781 2789 1932 2852 attritum

289 2881 325 2941 in
346 2879 515 2942 defossum
536 2881 644 2942 locum
664 2881 798 2958 plenum
823 2883 955 2944 nivibus
972 2887 1084 2961 proje-
1133 2885 1285 2962 jejuniis,
1322 2879 1479 2947 oneribus
1521 2883 1668 2962 lapidum
1704 2887 1931 2964 supponendo,

205 2989 210 2996 ·
290 2979 419 3050 cerunt,
441 2978 589 3040 dicentes
609 3002 616 3041 :
633 2982 724 3048 lace,
743 2981 867 3042 rustice
886 2995 996 3058 praeco
1011 2983 1081 3044 Dei.
1138 2983 1301 3044 Praedicta
1321 2981 1425 3059 igitur
1442 2983 1584 3045 ecclesia
1611 2983 1764 3062 (juvante
1794 2997 1832 3046 se
1866 2986 1934 3046 Do-

290 3078 364 3152 Ipse
391 3091 483 3150 vero,
518 3077 748 3138 recedentibus
785 3079 864 3150 illis,
893 3079 1014 3141 exiluit
1041 3073 1082 3140 de
1138 3078 1238 3149 mino,
1261 3079 1296 3139 et
1318 3077 1493 3140 devotione
1521 3078 1644 3139 civium
1666 3077 1858 3158 assistente)
1880 3093 1933 3140 re·

289 3174 397 3245 lovea,
420 3189 605 3252 magnoque
630 3174 838 3236 exhilaratus
865 3176 999 3252 gaudio,
1027 3177 1081 3237 el·
1137 3175 1234 3246 secta,
1266 3187 1308 3236 ne
1337 3179 1410 3252 post
1439 3176 1586 3238 laborem
1630 3191 1750 3254 corpus
1783 3177 1934 3254 torperet

288 3271 367 3332 fiori
380 3271 480 3347 coepit
494 3287 575 3334 voce
588 3288 647 3348 per
662 3287 797 3335 nemora
808 3272 923 3336 laudes
933 3275 1082 3336 Creatori
1137 3274 1283 3350 ignavia,
1296 3274 1467 3336 transtulit
1484 3289 1521 3336 se
1532 3275 1574 3335 ad
1589 3274 1810 3352 reparandam
1825 3274 1935 3336 eccle-

291 3369 439 3429 omnium
460 3383 654 3444 personare.
679 3371 891 3448 veniensque
912 3369 953 3432 ad
978 3373 1084 3449 quod-
1138 3372 1221 3431 siam
1237 3372 1412 3447 quamdam
1427 3371 1516 3433 beati
1541 3372 1934 3448 Petri,longiu1acivi-

290 3466 366 3526 dam
381 3465 527 3526 vicinum
543 3466 743 3536 coenobium,
762 3468 1005 3546 eleemosynam
1021 3485 1083 3545 pe·
1137 3469 1205 3530 tate
1224 3469 1411 3541 distantem,
1442 3469 1483 3530 ob
1505 3467 1715 3531 devotionem
1739 3469 1932 3548 specialem,

291 3563 345 3624 tiit
370 3564 406 3624 ut
424 3563 608 3636 mendicus,
638 3567 671 3626 et
693 3567 821 3642 recepit
842 3569 879 3628 ut
894 3565 1083 3643 incognitus
1138 3581 1236 3642 quam
1256 3565 1298 3626 ad
1320 3563 1552 3643 Apostolorum
1580 3567 1769 3643 Principem
1789 3565 1933 3627 sincerae

288 3661 322 3722 et
332 3660 517 3738 despectus.
533 3663 611 3722 Inde
626 3677 705 3724 vero
718 3664 934 3740 progrediens
951 3664 1085 3726 devenit
1139 3663 1215 3724 fidei
1228 3663 1372 3740 puritate
1387 3663 1533 3739 gerebat.
1546 3667 1615 3726 Hac
1629 3663 1762 3725 tandem
1782 3679 1934 3725 consum-

287 3758 485 3835 Eugubiom,
513 3758 570 3820 ubi
598 3776 617 3820 a
641 3759 784 3837 quodam
807 3762 916 3824 amico
942 3762 1083 3838 pristino
1139 3762 1239 3832 mata,
1255 3761 1407 3838 pervenit
1435 3761 1476 3822 ad
1496 3761 1616 3832 locum,
1637 3761 1694 3838 qui
1715 3761 1933 3823 Portiuncula

287 3857 423 3932 agnitus
445 3858 480 3919 et
504 3860 688 3934 susceptus,
710 3873 856 3935 paupere
870 3859 1031 3931 tunicula,
1048 3861 1085 3921 ut
1139 3858 1271 3930 dicitur,
1288 3859 1322 3921 in
1336 3860 1552 3936 quoecclesia
1567 3857 1769 3920 beatissimae
1781 3857 1934 3935 Virginis

288 3931 412 4016 duristi
424 3956 659 4032 pauperculus,
677 3957 728 4018 est
748 3959 929 4018 contectus.
956 3957 1083 4018 Exinde
1121 3957 1324 4029 ¹Genetricis
1345 3957 1404 4017 Dei
1428 3957 1610 4032 antiquitus
1631 3955 1792 4020 fabricata
1807 3957 1933 4017 extite-

288 4053 391 4114 totius
418 4053 618 4114 humilitatis
642 4054 772 4114 amator
798 4070 835 4114 se
850 4055 1022 4116 transtulit
1042 4051 1083 4115 ad
1139 4053 1206 4126 rat;
1223 4052 1280 4114 sed
1297 4052 1439 4125 deserta,
1452 4055 1532 4114 tunc
1552 4065 1571 4114 a
1589 4053 1724 4115 nemine
1737 4053 1932 4115 curabatur.

289 4149 449 4224 leprosos,
468 4154 605 4225 eratque
629 4165 705 4209 eum
726 4149 804 4220 illis,
829 4147 1084 4225 diligentissime
1139 4152 1242 4221 Quam
1258 4165 1332 4210 cum
1348 4150 1400 4211 vir
1414 4151 1474 4210 Del
1485 4151 1535 4212 sic
1550 4150 1742 4212 derelictam
1757 4151 1935 4227 conspice-

289 4246 440 4305 serviens
462 4243 615 4305 omnibus
638 4247 772 4320 propter
794 4247 908 4305 Deum.
938 4244 1085 4308 Lavabat
1138 4249 1199 4318 ret,
1216 4245 1257 4307 ob
1275 4245 1484 4309 devotionem
1505 4247 1687 4310 ferventem
1710 4263 1809 4324 quam
1829 4245 1936 4308 babe-

288 4343 437 4418 ipsorum
448 4341 559 4418 pedes,
571 4340 697 4416 ligabat
708 4341 831 4413 ulcera,
845 4342 1084 4419 educebatpla·
1138 4343 1194 4406 bat
1208 4344 1248 4405 ad
1264 4343 1437 4406 Dominam
1452 4345 1578 4417 mundi,
1594 4347 1694 4422 coepit
1711 4345 1782 4406 illic
1798 4345 1935 4408 assidue

288 4453 406 4516 garum
436 4438 655 4516 putredinem,
690 4441 723 4498 et
751 4439 880 4500 saniem
908 4438 1082 4516 absterge-
1139 4457 1198 4517 pro
1226 4441 1340 4530 ipsius
1359 4443 1573 4518 reparatione
1607 4443 1743 4504 morari.
1777 4441 1934 4504 sentiens

289 4536 415 4616 bat(2);
428 4535 643 4598 osculabatur
653 4535 753 4596 etiam
769 4551 811 4596 ex
825 4537 977 4598 miranda
988 4537 1084 4600 devo·
1138 4539 1248 4600 autem
1264 4540 1361 4615 juxta
1375 4554 1495 4600 nomen
1509 4540 1617 4615 ipsius
1630 4540 1877 4617 ecclesiaeque
1892 4539 1934 4602 ab

288 4635 380 4696 tione
392 4635 561 4694 ulcerosas
573 4632 688 4709 plagas
699 4633 857 4708 ipsorum,
868 4635 1082 4709 evangelicus
1138 4637 1274 4712 antiquo
1288 4637 1409 4696 Sancta
1422 4636 1529 4697 Maria
1541 4636 1583 4696 de
1592 4637 1728 4712 Angelis
1737 4637 1933 4709 vocabatur,

289 4731 437 4792 medicus
452 4745 531 4790 mox
547 4727 689 4790 futurus.
707 4731 846 4806 Propter
860 4730 946 4807 qood
957 4732 1082 4793 tantam
1138 4733 1365 4808 angelicarum
1381 4733 1427 4793 ibi
1451 4733 1678 4795 visitationum
1696 4734 1932 4812 frequentiam,

289 4827 462 4889 abomino
475 4828 672 4887 consecutus
681 4827 908 4900 estvirtutem,
919 4829 955 4888 ut
966 4829 1002 4888 in
1014 4829 1085 4906 spi·
1139 4830 1254 4906 pedem
1270 4829 1343 4892 fixit
1357 4830 1479 4891 ibidem
1490 4834 1624 4906 propter
1637 4833 1862 4894 reverentiam
1878 4847 1936 4892 an-

290 4923 1084 4999 ritualibusetcorporalibusmorbismirabilifer
1138 4925 1303 5006 gaiorum,
1334 4942 1548 5004 amoremque
1578 4928 1788 5006 praecipuum.
1814 4931 1936 4992 Matris

289 5021 516 5098 expurgandis
538 5021 725 5082 mirabilem
745 5021 929 5082 efficaciam
948 5022 1082 5084 obtine·
1139 5024 1273 5086 Christi.
1286 5027 1381 5084 Hunc
1391 5025 1500 5084 locum
1513 5024 1710 5086 virsanctus
1722 5027 1855 5088 amavit
1864 5043 1936 5104 prae

289 5121 351 5180 ret.
367 5117 521 5180 Referam
537 5134 638 5178 unum
655 5118 695 5178 de
711 5120 835 5190 multis,
847 5120 933 5196 quod
949 5120 1080 5191 accidit,
1138 5121 1269 5182 caeteris
1292 5121 1374 5182 locis
1393 5120 1507 5182 mundi
1525 5143 1533 5181 ε
1550 5121 1605 5182 hic
1622 5123 1745 5184 etenim
1760 5123 1936 5186 humiliter

288 5216 354 5276 viri
365 5215 424 5276 Dei
435 5216 523 5277 fama
536 5216 743 5292 postmodum
753 5216 853 5278 latius
866 5215 1080 5277 clarescente.
1138 5217 1247 5293 coepit,
1274 5217 1328 5278 bic
1354 5218 1501 5279 virtuose
1530 5217 1679 5294 proiecit,
1705 5219 1760 5280 bic
1789 5219 1937 5283 feliciter

289 5315 370 5374 Gom
398 5315 486 5373 enim
507 5314 697 5392 cujusdam,
717 5315 758 5375 de
781 5313 939 5374 comitatu
967 5313 1084 5389 Spole·
1139 5313 1545 5376 consummavit:uuncin
1559 5318 1665 5376 morte
1681 5315 1842 5379 fratribus
1856 5320 1937 5380 tan·

288 5413 426 5480 tano‚0s
437 5413 563 5489 pariter
573 5415 605 5474 et
616 5413 787 5484 maxillam
800 5410 936 5472 morbus
949 5410 1082 5488 quidam
1139 5426 1237 5488 quam
1249 5410 1379 5486 Virgini
1395 5411 1604 5482 carissimum
1621 5413 1878 5478 commendavit.

326 5613 367 5686 (¹)
390 5614 468 5686 Sap„
486 5629 512 5672 Χ·
1175 5613 1216 5685 (²)
1237 5611 1423 5678 Videatur,
