4152 6388
74 277 137 338 253
606 272 715 336 PARS
737 271 882 334 PRIMA·
896 297 939 326 .-
952 271 1182 344 EPISTOLAE·
1653 277 1717 339 254

76 452 152 511 eos;
173 435 206 496 et
216 432 334 496 emens
348 448 423 514 cum
438 448 505 496 uno
519 431 606 496 iuste
621 432 758 508 nodoso,
775 435 808 498 θ1
822 451 875 498 ca·
929 436 1038 498 terro.
1056 434 1099 497 ut
1112 447 1261 496 amemus
1274 433 1308 496 te
1322 433 1390 496 toto
1412 433 1523 508 corde,
1539 434 1572 498 te
1590 450 1723 513 semper

74 534 172 610 piens
192 548 254 594 nos
275 547 335 609 per
350 531 556 609 cappucium‚
574 531 615 592 ad
634 533 758 594 terram
774 549 875 610 super
910 537 913 544 ’
929 531 1115 609 cogitando,
1129 548 1173 594 ex
1183 533 1252 594 tota
1267 533 1378 594 anima
1390 532 1423 596 te
1437 548 1568 609 semper
1582 534 1720 596 deside-

76 631 184 693 lutum
197 630 231 692 et
240 629 334 689 nives
345 629 508 706 proJiciet,
521 630 555 690 et
567 628 681 692 taliter
690 647 750 691 nos
760 630 874 694 verbe·
928 631 1046 704 rando,
1070 647 1113 692 ex
1138 631 1208 691 iota
1236 631 1346 692 mente
1376 645 1490 692 omnes
1519 631 1723 694 intentiones

75 729 166 790 rabit
180 743 255 788 cum
270 725 357 788 iuste
367 727 536 803 praedicto,
553 729 638 804 quod
652 729 798 806 undique
811 743 873 790 nos
928 729 1059 792 nostras
1081 729 1122 790 ad
1136 730 1170 790 te
1182 727 1367 804 dirigendo,
1391 729 1424 790 et
1447 729 1607 792 honorem
1628 731 1721 794 tuum

75 826 186 904 plagis
202 822 373 902 implebit:
391 823 420 884 si
435 823 484 885 toi
499 825 597 896 mala,
618 825 647 884 si
660 827 711 887 tot
730 825 872 902 injurias
927 827 1121 907 inomnihus
1131 825 1320 904 quaerendo,
1331 828 1365 888 ei
1375 827 1580 888 exomnibus
1594 828 1721 890 viribus

75 927 111 986 et
126 923 267 984 verbera
284 939 358 984 cum
374 922 497 997 gaudio
509 922 702 993 toleramus,
720 923 875 984 conside·
928 925 1062 996 nostris,
1072 939 1186 984 omnes
1197 925 1327 986 vireset
1337 939 1455 984 sensus
1465 925 1586 987 animae
1596 927 1629 988 et
1639 941 1718 988 cor-

74 1023 192 1082 rantes
212 1019 297 1098 quod
317 1035 432 1097 poenas
459 1019 580 1082 Christi
601 1019 767 1082 benedicti
789 1020 875 1081 tole-
929 1023 1020 1100 poris
1028 1022 1064 1084 in
1072 1021 1267 1098 obsequium
1275 1021 1502 1094 tuiamoris,el
1512 1023 1720 1084 noninaliud

74 1135 155 1182 rare
170 1121 202 1181 et
216 1119 349 1195 portare
361 1117 534 1192 debemus;
551 1117 671 1190 scribe,
690 1117 722 1180 et
734 1119 812 1180 nota
828 1117 874 1180 di·
928 1119 1157 1197 expendendo.
1173 1120 1212 1182 Et
1234 1119 1404 1195 proximos
1422 1121 1554 1181 nostros
1572 1135 1721 1184 amemus

33 1213 35 1232 ³
74 1219 232 1293 ligenter,
260 1215 346 1294 quod
371 1215 419 1276 ibi
442 1216 492 1277 est
515 1215 661 1292 perfecta
682 1215 810 1278 laetitia.
834 1216 875 1277 ut
928 1218 1014 1279 sicut
1028 1217 1259 1294 nosmetipsos,
1274 1231 1389 1278 omnes
1408 1217 1450 1280 ad
1465 1233 1613 1280 amorem
1627 1219 1722 1280 tuum

73 1315 158 1376 audi
172 1313 443 1376 conclusionem:
461 1314 551 1374 Inter
565 1313 677 1376 omnia
693 1313 873 1377 carismata
928 1330 987 1391 pro
1001 1314 1127 1376 viribus
1141 1314 1317 1387 trahendo,
1339 1314 1379 1375 de
1394 1314 1491 1377 bonis
1507 1315 1651 1378 aliorum
1661 1315 1719 1376 -si-

76 1412 195 1474 Sancti
217 1410 371 1488 Spiritus,
398 1426 471 1487 quae
496 1410 646 1472 Christus
673 1410 779 1473 servis
804 1411 873 1471 suis
928 1415 983 1475 cut
1002 1411 1042 1474 de
1056 1413 1181 1476 nostris
1200 1412 1386 1486 gaudendo,
1409 1412 1445 1473 in
1469 1413 1566 1474 malis
1581 1427 1719 1489 compa-

75 1508 256 1580 concessit,
271 1508 304 1569 et
318 1508 490 1580 concedet,
508 1509 713 1585 praecipuum
729 1508 779 1569 est
797 1508 874 1569 vin-
928 1509 1050 1582 tiendo,
1068 1512 1101 1572 et
1115 1509 1242 1571 nemini
1255 1510 1357 1570 ullam
1370 1509 1533 1570 offensam
1553 1509 1717 1572 iaciendo.

75 1624 156 1669 cere
179 1607 334 1684 seipsum,
352 1607 385 1667 et
406 1605 548 1667 libenter
568 1607 703 1683 propter
721 1608 826 1666 Deum
841 1605 874 1666 et
927 1611 1062 1669 Panem
1077 1609 1236 1668 nostrum
1249 1608 1504 1680 qnotidianam
1520 1606 1648 1668 scilicet
1663 1606 1719 1668 di-

73 1706 251 1767 caritatem
283 1703 342 1764 Dei
368 1702 546 1781 opprobria
576 1703 753 1764 sustinere.
787 1705 873 1764 Nam
928 1705 1049 1766 lectum
1064 1705 1186 1766 Filium
1199 1705 1292 1766 tuum
1308 1704 1484 1766 Dominum
1499 1706 1649 1766 nostrum
1669 1707 1721 1766 Je-

73 1803 112 1864 in
142 1801 295 1862 omnibus
333 1801 543 1862 mirabilibus
583 1800 784 1878 supradictis
812 1815 873 1860 nos
928 1819 1001 1864 sum
1023 1802 1206 1873 Christum,
1230 1805 1275 1862 dn
1295 1805 1512 1874 nodisnodie,
1533 1801 1569 1862 in
1595 1818 1722 1864 memo-

71 1900 218 1976 gloriari
234 1914 500 1975 nonpossumus,
517 1899 677 1976 quianon
694 1900 772 1960 sunt
792 1913 873 1958 nos·
928 1900 1033 1972 riam,
1068 1900 1101 1960 et
1128 1899 1404 1975 intelligentiam,
1435 1898 1469 1959 et
1496 1899 1720 1961 reverentiam

71 2001 141 2070 tra,
158 1997 216 2060 sed
239 1997 319 2058 Dei:
342 1999 430 2064 Quid
450 2000 543 2058 enim
563 1999 676 2068 habes,
693 1999 781 2070 cuod
804 2010 872 2056 iton
928 1998 1064 2070 amoris,
1081 1997 1229 2074 quemad
1243 2011 1304 2060 nos
1319 1995 1446 2068 habuit,
1468 1997 1501 2057 et
1518 2011 1720 2074 eorumquae

71 2096 259 2170 mucciani
288 2097 326 2156 Si
350 2094 467 2156 aniene
494 2094 667 2167 accepisti,
694 2095 775 2168 qnid
796 2097 872 2168 plo·
928 2111 987 2172 pro
1001 2094 1097 2157 nobis
1112 2094 1206 2166 dixit,
1224 2096 1257 2157 et
1276 2093 1366 2166 lecit,
1391 2094 1424 2155 et
1446 2094 1590 2156 sustulit.
1612 2095 1659 2156 Et
1673 2097 1722 2158 di·

71 2198 199 2264 maris,
213 2196 313 2267 qnasi
327 2208 395 2255 raon
407 2195 601 2266 acceperis?
618 2190 646 2270 (1
658 2193 745 2262 Gon,
763 2205 809 2261 iv,
825 2189 872 2268 7.)
927 2195 1025 2256 mitte
1041 2197 1136 2254 nobis
1158 2194 1271 2254 debita
1291 2193 1430 2264 noriam
1458 2207 1517 2268 per
1544 2193 1636 2254 tuam
1657 2192 1723 2254 mi·

73 2293 142 2354 Sed
169 2292 206 2352 in
234 2306 333 2352 cruce
366 2289 593 2352 tribulationis
620 2291 653 2352 et
680 2275 872 2350 afflictionis
929 2289 1145 2353 sericordiam
1159 2289 1374 2362 ineffabilem,
1387 2291 1420 2350 et
1430 2289 1597 2366 passionis
1609 2288 1722 2351 dilecti

71 2403 257 2466 possumus
273 2387 424 2465 gloriari,
441 2386 617 2465 quiaillud
637 2388 688 2450 est
706 2386 869 2448 nostrum.
928 2389 1006 2450 Filii
1025 2389 1074 2451 tui
1100 2387 1233 2449 Domini
1252 2387 1358 2448 nostri
1377 2389 1456 2448 Jesu
1472 2385 1595 2448 Christi
1610 2385 1719 2448 virtu·
1842 2459 1846 2464 ¹

70 2489 116 2548 Et
134 2487 210 2550 ideo
227 2485 312 2548 dixit
327 2487 505 2563 Apostolus
522 2507 529 2545 :
545 2487 632 2548 Mihi
653 2485 770 2546 antem
785 2482 873 2546 obsit
927 2490 1008 2560 tem;
1025 2486 1058 2547 et
1078 2502 1137 2563 per
1153 2483 1354 2548 beatissimae
1372 2483 1521 2560 Virginis
1535 2483 1661 2556 Mariae,
1685 2482 1719 2545 et

68 2587 236 2661 pariari,
270 2587 339 2646 nisi
371 2587 410 2646 in
443 2598 545 2648 onice
576 2584 717 2645 Domini
748 2581 871 2644 nostri.
928 2583 1076 2644 omnium
1088 2583 1268 2645 electorum
1283 2583 1416 2644 tuorum
1429 2581 1591 2644 meritust
1606 2581 1716 2644 inter-

71 2681 216 2761 (Galai,
229 2697 276 2754 vr,
291 2679 356 2760 14.)
928 2683 1125 2744 cessionem.
1134 2679 1722 2744 Sienteinosdimiitimnsdebitori-

929 2783 989 2842 bns
1002 2779 1151 2842 nostris:
1167 2779 1200 2839 et
1216 2778 1302 2855 quod
1318 2793 1384 2839 non
1399 2776 1497 2854 plene
1509 2775 1717 2850 dimittimus,

928 2880 964 2938 tu
985 2877 1124 2938 Domine
1143 2874 1195 2937 iac
1214 2891 1275 2936 nos
1295 2874 1392 2952 plene
1407 2873 1585 2946 dimittere,
1603 2875 1639 2935 ut
1653 2873 1722 2934 ini·

928 2975 1032 3037 micos
1051 2974 1181 3036 nostros
1202 2973 1337 3050 propter
1359 2973 1392 3034 te
1416 2971 1582 3033 veraciter
1600 2970 1723 3048 diliga-

928 3089 1012 3145 mus,
1030 3073 1062 3134 et
1091 3087 1149 3148 pro
1169 3071 1218 3131 eis
1236 3070 1323 3147 apud
1335 3071 1368 3132 te
1386 3068 1504 3130 devote
1525 3067 1717 3130 interceda-

160 2899 214 2959 lv.
252 2897 433 2971 neposne
454 2896 543 2958 beati
562 2895 677 2970 patris
697 2908 805 2968 stepen

220 2995 416 3056 orationem
443 2995 661 3055 Dominicann
671 2989 730 3070 (1).

116 3165 231 3228 Pater
251 3165 371 3226 nomer
391 3161 581 3224 beatissime
596 3161 630 3224 et
650 3159 871 3222 sanctissime.

68 3262 220 3324 Creator
234 3263 357 3332 noster,
377 3260 576 3336 Redemptor
593 3258 718 3331 noster,
735 3259 768 3318 et
783 3258 872 3318 Con-

67 3361 211 3422 solator
225 3359 349 3420 noster.
373 3360 474 3426 Quies
488 3361 526 3420 in
539 3359 642 3430 coetn,
664 3356 700 3418 in
722 3355 872 3431 Angelis,

65 3460 117 3521 in
134 3457 278 3530 Sanctis,
294 3457 489 3518 illuminaus
506 3471 563 3519 eos
584 3455 627 3516 ad
639 3453 688 3516 tui
703 3452 872 3529 cognitio-

60 3571 168 3618 nem.
186 3555 269 3628 Quia
290 3557 327 3617 tu
348 3553 486 3616 Domine
508 3553 567 3614 lux
591 3561 637 3624 es,
660 3551 874 3612 inflammans

59 3670 137 3717 eos
153 3652 196 3714 ad
210 3667 357 3714 amorem
372 3652 465 3713 tuum
480 3650 629 3712 divinum
646 3670 653 3710 ε
671 3649 749 3726 quia
764 3649 801 3708 tu
815 3649 876 3708 Do·

58 3751 170 3816 mine
185 3764 325 3812 amores
338 3749 542 3820 inhabitans,
561 3750 593 3809 et
604 3747 748 3823 implens
761 3761 818 3806 eos
833 3743 874 3804 ad

58 3840 876 3924 beatitudinem:quietu,Domine,summumbo·

60 3963 160 4012 num
183 3961 231 4018 es,
252 3947 285 4007 et
305 3946 467 4008 aeternum
487 3943 622 4014 bonum,
646 3956 746 4017 aquo
759 3938 875 4008 ,omnia

59 4047 179 4117 bona,
196 4045 229 4106 ot
251 4043 324 4104 siue
348 4058 413 4120 quo
433 4041 562 4102 nullum
585 4039 720 4100 bonum.
746 4037 876 4099 Sancti-

34 4152 37 4160 '
59 4143 206 4219 ficetur
222 4153 347 4218 nomen
367 4139 479 4201 iusim:
498 4136 706 4199 Clariilcetur
723 4136 759 4196 in
779 4132 874 4194 nohis

59 4239 200 4304 notitia
219 4230 288 4310 tua,
317 4237 352 4300 ut
378 4251 627 4314 cognoscamus
644 4250 717 4311 quae
733 4232 776 4294 sit
791 4232 874 4293 lati-

57 4339 157 4404 tudo
178 4335 416 4398 beneiiciorum
434 4335 578 4406 tuorum,
598 4331 771 4408 longitudo
791 4345 872 4408 pro-

55 4437 271 4506 missorum,
284 4432 470 4494 sublimitas
485 4429 679 4508 majestatis,
697 4429 729 4490 et
741 4425 875 4505 protun-

55 4537 157 4599 dum
178 4529 572 4609 judiciorumndoeniat
594 4541 741 4604 repnnni
764 4527 871 4586 tirum.

54 4635 116 4697 Ut
134 4643 259 4706 regnes
274 4629 309 4691 in
325 4627 421 4689 nobis
436 4625 649 4704 pergratiam
662 4625 764 4696 tuam,
781 4625 814 4684 et
828 4613 885 4682 ia-'

53 4733 149 4795 cias
166 4742 228 4788 nos
243 4727 359 4788 uenire
382 4724 424 4785 ad
445 4738 585 4800 regnum
610 4723 714 4792 tuum,
740 4717 797 4780 ubi
824 4719 874 4780 est

51 4829 122 4894 tui
148 4823 237 4886 visio
261 4821 452 4895 manifesta,
483 4821 532 4882 tui
556 4819 689 4880 dilectio
714 4816 870 4894 perlecta,

51 4925 122 4992 tui
152 4922 296 4984 societas
322 4921 431 4992 beata,
454 4919 504 4980 tui
519 4917 632 4980 fruitio
656 4915 870 4994 sempiterna.

46 5023 159 5090 Fial
184 5020 343 5081 uoluntas
371 5019 442 5089 luc,
471 5016 560 5078 sicini
585 5017 623 5075 in
648 5017 748 5084 coeio,
777 5012 810 5074 el
836 5013 874 5072 tn

103 5185 158 5265 (i)
187 5189 259 5246 Eam
282 5185 388 5243 habent
411 5183 493 5256 quasi
514 5197 625 5245 omnes.
652 5181 699 5254 qui
717 5181 763 5238 vel
780 5177 874 5250 aliqua

46 5267 140 5339 ejus
158 5257 301 5330 Opusoula
322 5257 393 5314 colle
416 5269 474 5324 ere,
491 5252 585 5311 uelde
602 5252 664 5324 eius
687 5252 752 5312 Vita
775 5263 873 5322 egere.

44 5344 96 5400 ln
121 5329 258 5405 pluribus
272 5269 415 5386 tament}
653 5395 659 5406 Ι

104 5399 307 5478 graphorum,
320 5406 380 5456 turn
395 5412 431 5455 ex
443 5397 581 5454 verietate
596 5395 759 5451 lectionum.

101 5473 158 5552 (2)
175 5469 248 5530 iliud
270 5469 481 5540 desumpsimus
504 5481 539 5523 er
557 5466 661 5530 Firm„
677 5463 766 5536 prima
783 5468 873 5534 purte,

410 5327 563 5398 increpant,
581 5330 640 5380 tum
661 5337 697 5380 ex
714 5335 811 5378 errore
829 5327 871 5393 ty·
930 5331 947 5388 p

929 3187 1012 3242 mus,
1034 3170 1120 3231 nulii
1144 3168 1267 3230 malum
1286 3183 1346 3245 pro
1368 3167 1456 3228 malo
1482 3166 1670 3239 reddamus,
1687 3167 1721 3228 et

929 3269 1080 3332 omnibus
1100 3269 1135 3329 in
1160 3269 1193 3330 te
1218 3266 1374 3343 prodesse
1401 3263 1604 3328 studeamus.
1618 3266 1663 3326 Ei
1677 3279 1722 3326 ne

928 3382 991 3430 nos
1005 3369 1148 3430 inducas
1159 3368 1196 3426 in
1212 3365 1437 3427 tentationem
1445 3381 1458 3438 ;
1479 3362 1653 3436 occultam,
1667 3361 1722 3424 vel

929 3465 1154 3538 manifestam
1171 3461 1325 3534 subitam,
1342 3460 1396 3523 vei
1409 3461 1643 3538 importunam.
1655 3461 1723 3522 Sed

928 3568 1036 3627 libera
1054 3575 1116 3624 nos
1137 3577 1159 3624 o
1177 3565 1278 3633 nenio,
1300 3558 1481 3637 praeterito,
1502 3557 1721 3635 praesentiat

929 3662 1051 3724 futuro.
1066 3657 1194 3731 Arnen,
1209 3659 1400 3734 spontanee,
1418 3656 1451 3718 et
1464 3655 1580 3732 gratis.

989 3931 1028 3990 V.
1043 3929 1185 3988 -Laus
1200 3924 1338 3986 Domini
1351 3923 1415 3984 Dei
1427 3921 1587 3984 citissimi
1600 3917 1661 4000 (2).

968 4129 1017 4187 Tu
1032 4139 1067 4186 es
1090 4122 1225 4184 sanctus
1238 4117 1396 4180 Dominus
1407 4117 1506 4201 Deus.
1518 4117 1567 4177 'Pu
1582 4131 1617 4178 es
1630 4118 1719 4177 Deus

930 4225 1077 4294 deorum,
1099 4220 1156 4298 qui
1178 4218 1268 4279 solus
1299 4215 1382 4277 sacis
1406 4213 1585 4275 mirabilia.
1607 4217 1656 4275 Tu
1685 4229 1721 4275 es

930 4322 1035 4385 sortis.
1051 4322 1101 4382 Tu
1116 4334 1150 4378 es
1167 4330 1318 4392 magnus.
1334 4315 1383 4374 Tu
1407 4329 1443 4374 es
1460 4311 1653 4374 attissimus.
1672 4313 1722 4372 'thr

930 4418 1150 4496 omnipotens.
1186 4415 1235 4474 Tu
1267 4427 1303 4472 es
1336 4411 1431 4488 paler
1465 4410 1611 4481 sanctus,
1649 4411 1722 4469 Rex

929 4517 1005 4580 coeli
1021 4516 1054 4576 et
1067 4512 1179 4575 terrae.
1195 4513 1244 4571 Tu
1271 4523 1306 4570 es
1333 4509 1441 4570 trinus
1457 4510 1490 4568 et
1513 4521 1599 4567 unus
1620 4506 1720 4565 Deus.

928 4618 977 4676 Tu
1003 4628 1039 4674 es
1064 4611 1182 4681 bonne,
1199 4623 1296 4670 omne
1316 4605 1451 4676 bonum,
1473 4617 1637 4662 summum
1660 4600 1722 4662 bo-

928 4727 1018 4783 num,
1043 4707 1182 4770 Domine
1203 4707 1302 4774 Deus,
1328 4717 1414 4762 unus
1436 4702 1469 4762 et
1485 4714 1595 4760 verus.
1621 4699 1670 4758 Tu
1683 4713 1721 4759 es

929 4823 1033 4879 amor,
1059 4804 1092 4867 et
1115 4803 1248 4865 caritas.
1270 4803 1319 4860 Tu
1334 4795 1509 4875 sapientia.
1532 4798 1581 4856 Tu
1606 4793 1721 4855 humi-

929 4897 1017 4970 litas.
1041 4905 1150 4964 Tuas
1175 4891 1347 4977 patientia.
1363 4897 1413 4956 Tu
1434 4909 1470 4954 es
1495 4891 1719 4970 pulchritudo.

928 5009 977 5066 Tu
991 5019 1027 5064 es
1038 4997 1211 5062 securitas.
1221 4997 1270 5057 Tu
1280 5009 1316 5055 es
1324 4992 1430 5070 quies.
1446 4993 1494 5050 Tu
1505 5006 1541 5052 es
1549 4989 1718 5066 gaudium.

929 5169 1008 5232 Coni.
1034 5165 1214 5238 duodecime,
1229 5162 1322 5234 capite
1339 5157 1449 5240 quinto,
1465 5172 1500 5214 ee
1514 5153 1647 5214 Bibliotb.
1666 5162 1720 5215 oei.

928 5245 993 5301 Pet.
1011 5249 1069 5298 tem
1098 5234 1224 5316 Laudem
1243 5245 1330 5314 poam
1350 5231 1531 5298 Orationem
1548 5243 1587 5311 ex
1611 5227 1719 5287 heboli.

950 5315 1019 5371 '³⁰³⁸
1033 5305 1373 5436 ''i'itiiliiiiilni
1389 5300 1465 5428 atr
1479 5301 1720 5440 illinitis:

929 5383 1050 5514 ffiffljqp
1064 5395 1244 5508 nemnem
1265 5449 1410 5502 caractere
1430 5442 1535 5513 scripta
1560 5413 1722 5496 asseruntur

44 5554 120 5612 tol.
141 5543 187 5601 19.
205 5543 326 5599 Pisanus
340 5540 411 5595 libro
430 5535 566 5604 secundo,
586 5533 668 5593 truci.
686 5536 711 5602 i,
728 5533 775 5606 qui
789 5534 875 5590 estin
930 5527 959 5583 in
977 5527 1124 5584 Convemu
1148 5515 1376 5600 Diuilranoisci
1393 5509 1560 5594 Assisiensi.
1572 5511 1643 5568 Eam
1660 5510 1722 5582 ipso

42 5617 182 5686 ordine
204 5613 248 5682 23,
271 5609 518 5669 honorationem
548 5606 652 5664 haheat
673 5604 743 5662 libro
772 5602 874 5676 primo,
930 5595 987 5654 vidi
999 5607 1075 5654 auno
1084 5589 1163 5660 1619,
1175 5587 1397 5661 diligentiusque
1411 5582 1572 5640 obseruari.
