4158 6380
319 235 361 298 23
752 235 807 298 AD
828 233 966 298 OPERA
988 235 1021 298 S.
1045 235 1265 300 FRANGISCI
1286 238 1514 304 assistam
1920 245 1963 308 24

320 391 459 456 humani
481 392 615 470 generis
636 391 786 456 abstersa
806 391 883 456 labe
897 392 968 457 rita
988 395 1113 473 prodiit
1186 401 1397 464 Guidmtmas
1412 405 1535 478 Papia,
1552 403 1691 465 ordinis
1707 403 1744 466 S.
1756 401 1943 478 Domintoi,

319 490 527 562 mortalibus,
555 505 637 568 quos
661 491 760 567 primi
785 492 935 569 parentis
960 507 1056 556 error
1075 493 1111 555 in
1356 499 1528 576 theotopms
1541 502 1767 564 Parisicasts.

321 588 481 650 aeternum
496 587 692 664 peremerat.
707 587 756 649 Ita
769 589 880 650 autem
894 587 1009 660 tuisse,
1024 603 1113 666 prae-

319 683 470 761 terquam
480 684 565 762 quod
577 698 632 744 res
640 683 714 760 ipsa
723 684 960 762 inspicehatnr,
970 685 1113 748 Alexan·

320 784 380 847 der
392 800 520 862 quoque
538 785 687 862 quartus,
706 786 887 862 Gregorius
904 787 1034 860 Nonus,
1049 787 1112 848 Ni-

1204 645 1255 706 37.
1278 644 1408 708 Dicitur
1418 646 1460 707 de
1469 645 1637 725 aliquibus
1649 647 1777 710 devotis
1789 649 1957 726 personis,

1166 739 1252 818 quod
1274 743 1451 806 sensenmt
1470 741 1636 806 interdum
1658 744 1840 806 maximum
1857 745 1958 808 dolo-

318 883 433 944 colaus
455 882 596 956 Tertius,
616 883 805 959 Apostolica
824 883 1022 946 auctoritate
1038 884 1111 947 tes-
1165 853 1236 899 rem
1260 837 1297 951 in.
1318 839 1482 952 {mihim
1505 841 1655 918 pedibu*
1683 842 1717 904 ⁰t
1740 840 1857 954 lateri
1879 845 1960 904 ω’

1166 948 1265 1011 quam
1287 935 1335 998 1h1
1358 935 1554 1000 hahmssent
1571 938 1725 1009 vulnera,
1745 939 1780 1002 et
1800 940 1958 1016 sagmata

317 977 378 1042 iifl
402 980 489 1041 suni·
520 981 545 1040 0
578 979 750 1057 Sinss'flm
776 995 908 1054 ΝΜ
937 979 1111 1059 fiamque
1165 1031 1387 1095 Christizsed
1407 1034 1604 1098 tamennon
1627 1036 1674 1099 ita
1695 1036 1858 1114 impressa
1879 1053 1959 1099 cor·

318 1075 478 1138 divinitus
495 1075 625 1139 intusal
646 1078 672 1137 0
692 1076 792 1139 unica
810 1093 923 1138 rerum
941 1077 1112 1140 excellen-
1263 1130 1270 1144 .
1672 1133 1679 1146 .

318 1171 521 1236 &simarum
536 1173 750 1236 excellentia!
775 1175 877 1235 Ferre
895 1175 1110 1238 manciacum
1165 1129 1626 1240 porahter,seuv1s1b1hter,
1653 1134 1741 1196 sicut
1759 1132 1883 1197 tactum
1904 1135 1958 1196 est

1164 1242 1199 1288 m
1214 1242 1354 1304 corpore
1365 1227 1455 1292 beati
1469 1229 1651 1302 Francisci,
1663 1229 1697 1292 et
1708 1230 1808 1308 hujus
1820 1231 1956 1308 generis

1163 1321 1227 1384 tuit
1240 1324 1277 1384 B.
1291 1323 1472 1386 catharina
1487 1323 1527 1386 do
1544 1325 1652 1399 Senis,
1668 1341 1741 1403 quaa
1760 1325 1883 1402 legitur
1897 1342 1957 1388 ro-

1162 1435 1261 1495 gasse
1275 1421 1462 1494 Dominum,
1482 1423 1519 1484 ut
1544 1437 1611 1484 non
1630 1423 1831 1500 apparerent
1853 1424 1953 1486 exte-

1162 1517 1233 1578 rius
1242 1517 1408 1595 stigmata.
1421 1516 1547 1599 (Serra.
1559 1521 1600 1582 dc
1609 1519 1728 1582 sancto
1738 1521 1954 1598 branciaco.)

315 1268 352 1332 in
367 1285 590 1348 corpoream,
605 1269 653 1332 ita
667 1271 704 1332 ut
718 1269 840 1348 inspici
854 1271 1013 1349 tangique
1026 1287 1110 1349 pos-

315 1369 389 1430 sent
401 1367 498 1444 sigaa
508 1367 579 1441 illa,
595 1366 715 1445 quibus
726 1367 870 1444 pretium
881 1367 1025 1430 conferri
1039 1368 1110 1430 nul·

316 1463 386 1526 lum
399 1465 526 1541 potest:
542 1464 578 1525 in
591 1463 711 1542 quibus
721 1465 839 1542 juncta
854 1464 1031 1527 Divinitati
1046 1465 1111 1526 hu-

315 1561 470 1632 manitas,
494 1561 571 1621 dnm
586 1575 646 1637 per
668 1576 709 1623 ea
729 1563 869 1623 moriem
888 1561 1026 1639 accepit,
1048 1578 1107 1625 sa-

313 1657 416 1720 lutem
454 1657 624 1735 vitamque
655 1658 822 1720 terrarum
860 1658 932 1720 orbl
967 1659 1104 1736 peperit

313 1753 398 1834 (Lib.
414 1755 501 1826 V111,
520 1755 711 1816 Factorum
724 1755 962 1830 dictorumque
976 1771 1108 1820 merno-

312 1855 424 1920 rabit„
438 1865 511 1928 cap.
528 1849 580 1930 x.)

1161 1713 1308 1776 Sanctus
1333 1715 1591 1788 Boaaoaniura,
1615 1717 1789 1791 policratis
1814 1717 1955 1778 Ordinis

1458 1813 1647 1874 Minorum.

1199 1961 1251 2022 38.
1273 1961 1316 2021 Hl
1328 1961 1406 2024 sunt
1420 1959 1472 2041 (ut
1484 1961 1526 2024 ad
1538 1961 1679 2038 gloriam
1692 1962 1752 2024 Ilei
1763 1961 1951 2040 loquamur,

342 2084 510 2148 mmm
523 2085 767 2156 Remmium,
781 2083 963 2149 Metam
974 2089 1069 2149 mu·
1159 2071 1227 2118 non
1241 2056 1405 2137 nostram)
1419 2058 1484 2120 duo
1498 2075 1619 2136 magna
1633 2059 1814 2121 luminaria
1826 2057 1887 2140 (1),
1900 2076 1954 2122 or-

1158 2152 1244 2228 bem,
1261 2171 1334 2232 quae
1349 2155 1474 2218 lumine
1488 2156 1627 2229 coelesii,
1644 2157 1795 2219 sedentes
1811 2157 1845 2218 in
1856 2158 1955 2219 tene-

1157 2250 1228 2314 bris
1242 2254 1275 2314 et
1289 2252 1406 2325 umbra
1419 2253 1545 2326 mortis,
1562 2253 1684 2332 ubique
1695 2255 1862 2316 terrarum
1877 2255 1953 2316 illu·

1157 2349 1296 2422 minant,
1308 2351 1343 2412 ei
1354 2350 1555 2413 ministrant.
1571 2351 1615 2412 Hi
1627 2353 1705 2414 suni
1716 2351 1790 2414 duae
1802 2351 1890 2414 iubae
1901 2350 1950 2432 (2)

653 2480 811 2544 Gomon·
824 2485 975 2546 Lovams
988 2485 1104 2546 habita
1157 2446 1230 2507 vari
1244 2447 1347 2508 Mosis
1362 2446 1484 2508 Christi
1504 2447 1564 2509 Dei
1587 2447 1705 2522 nostri,
1726 2463 1866 2526 quorum
1884 2451 1952 2510 mi-

1157 2541 1296 2606 nisterio
1322 2543 1568 2605 multitudinem
1593 2544 1789 2621 populorum
1808 2547 1879 2622 iarn
1907 2543 1951 2607 ad

1157 2653 1253 2700 suum
1270 2639 1473 2716 principium
1493 2641 1699 2703 convocavit
1723 2642 1766 2702 Hi
1788 2643 1866 2705 sunt
1883 2640 1952 2705 duo

1157 2734 1335 2798 Cherubim
1350 2733 1417 2816 (3),·
1431 2737 1522 2814 pleni
1537 2737 1675 2800 scientia
1691 2740 1805 2800 mutuo
1821 2755 1857 2801 se
1870 2754 1949 2801 res-

420 2827 563 2888 Marcus
586 2827 746 2887 Mammas
764 2825 987 2899 spalatensis.
1156 2833 1329 2910 pictoriae,
1346 2833 1424 2895 dum
1441 2833 1528 2896 idem
1548 2835 1706 2907 sentiunt,
1718 2837 1756 2918 ¹et
1775 2836 1847 2898 alas
1867 2851 1949 2898 suas

1156 2929 1371 2993 extendentes
1385 2931 1427 2992 ad
1438 2931 1609 3009 populum,
1623 2932 1700 2993 dum
1712 2933 1822 3010 ipsum
1836 2933 1948 2998 verbis

349 2289 400 2350 35.
423 2287 494 2348 Hoc
518 2286 650 2363 signnm
680 2287 828 2350 omnium
856 2289 1039 2350 maximum
1063 2303 1104 2352 ac

310 2383 493 2461 singulare,
509 2384 542 2446 et
557 2383 652 2462 quasi
671 2383 910 2460 prodigiorum,
927 2401 1024 2448 sacra
1043 2386 1103 2448 illa

310 2481 465 2558 stigmata
478 2480 623 2543 fuorunt.
638 2479 652 2560 (

308 2580 490 2640 Dorainica
503 2575 686 2656 seraper.)

345 3029 396 3091 36.
415 3028 478 3092 Sed
493 3025 571 3108 quid
589 3044 677 3091 nuno
691 3027 731 3090 de
746 3029 789 3102 te,
804 3029 899 3106 pater
910 3029 1099 3100 Francisce,
1155 3026 1190 3088 et
1217 3027 1378 3104 exemplis
1404 3029 1592 3106 protegunt,
1619 3030 1653 3091 et
1675 3029 1867 3094 discurrunt
1890 3048 1947 3094 se-

308 3125 435 3189 dicaml
445 3127 611 3200 Quantum
624 3125 685 3188 tibi
696 3141 827 3204 quoque
841 3125 949 3188 adhuc
962 3127 996 3188 in
1009 3127 1100 3189 terra
1154 3121 1297 3187 cn'ndum
1312 3124 1509 3188 obedientiae
1524 3126 1682 3200 volatum,
1699 3143 1799 3204 super
1813 3143 1947 3191 omnem

306 3223 439 3300 degenti
459 3225 517 3285 tua
542 3222 681 3285 contulit
704 3223 959 3300 contemplatio?
978 3223 1099 3290 Vidisti
1155 3221 1311 3300 populum
1324 3223 1545 3285 disseminare
1564 3223 1737 3286 scientiam
1752 3225 1945 3288 salutarem.

306 3317 487 3396 fulgentem
501 3319 683 3382 salvatoris
698 3319 805 3384 nostri
821 3335 969 3396 crucem3
985 3320 1099 3383 vidisti
1153 3319 1196 3380 Hi
1209 3320 1288 3381 sunt
1299 3318 1401 3382 ubera
1414 3335 1545 3398 sponsas
1555 3317 1614 3400 (4),
1629 3336 1673 3382 ox
1682 3321 1801 3398 quibus
1813 3324 1947 3399 parvuli

306 3418 457 3479 sanctum
489 3416 627 3495 seraph,
657 3433 677 3478 a
706 3433 770 3494 quo
800 3417 1001 3494 seraphicus
1032 3418 1099 3479 dici
1153 3415 1188 3476 in
1199 3416 1330 3479 Christo
1341 3417 1394 3478 lac
1406 3418 1538 3493 sugunt,
1550 3433 1615 3495 quo
1625 3419 1817 3481 nutriantur
1825 3421 1858 3482 ot
1867 3437 1947 3498 aug·

306 3514 469 3575 meruisti.
487 3514 566 3575 Inde
581 3513 642 3576 tibi
657 3514 822 3590 singulari
837 3513 979 3592 quodam
993 3514 1100 3594 privi-
1152 3512 1263 3574 menta
1289 3512 1454 3589 recipiant
1474 3514 1510 3573 in
1535 3514 1688 3575 salutem.
1713 3515 1756 3575 Hi
1777 3517 1856 3578 sunt
1879 3517 1945 3579 duo

305 3609 406 3688 logio,
444 3611 627 3673 Dominicae
660 3611 889 3673 crucifixionis
926 3611 1098 3674 cicatrices
1153 3609 1214 3670 tilii
1228 3609 1293 3671 olei
1309 3608 1496 3687 splendoris
1508 3608 1567 3690 (5),
1582 3611 1638 3688 qui
1652 3610 1815 3676 assistunt
1826 3614 1943 3674 Domi-

306 3708 525 3785 corporaliter
546 3707 725 3772 vindicasti
746 3729 753 3769 ε
774 3711 811 3772 ut
834 3711 928 3786 cujtm
949 3723 1097 3786 pauper·
1152 3707 1441 3769 natoriuniversae
1454 3709 1567 3784 terrae3
1584 3709 1729 3786 prompti
1742 3709 1782 3770 ad
1798 3713 1870 3788 ejns
1883 3711 1944 3772 im·

305 3806 418 3878 tatem,
431 3805 729 3878 mansuetudinem,
747 3805 968 3868 humilitatem
985 3805 1097 3868 fueras
1152 3804 1291 3882 perium,
1304 3820 1511 3883 quocumque
1521 3805 1675 3868 voluntas
1685 3808 1714 3884 ej
1720 3823 1758 3867 ns
1768 3823 1825 3868 eos
1838 3808 1945 3870 duxe-

306 3903 469 3976 imitatus,
485 3905 558 3980 ejus
583 3902 682 3966 etiam
705 3902 906 3966 beatissima
930 3904 1096 3980 passionis
1151 3901 1196 3963 rit
1213 3917 1306 3963 suam
1328 3902 1528 3978 legationem
1546 3901 1694 3980 implere.
1718 3905 1761 3966 Hi
1782 3907 1860 3967 sunt
1878 3905 1943 3968 duo

306 4000 402 4076 signa
416 4001 451 4061 in
466 4001 630 4074 manibus,
647 3999 683 4061 in
702 3999 820 4071 latere,
840 4000 877 4061 in
890 4000 1029 4078 pedibus
1041 4016 1098 4063 re-
1150 3998 1252 4061 tastes
1267 3999 1390 4061 Christi
1401 3998 1460 4079 (6),
1473 3999 1529 4075 qni
1541 3998 1647 4060 saccis
1660 4001 1850 4080 amiotijam
1861 4019 1944 4080 prae-

304 4095 421 4170 terres
447 4099 578 4160 etcum
604 4097 708 4159 Paulo
732 4096 872 4174 gloriari
895 4113 1021 4174 posses,
1045 4099 1097 4160 di·
1151 4096 1274 4171 dicant,
1283 4097 1316 4158 et
1324 4095 1551 4159 testimonium
1559 4095 1734 4173 perhibent
1743 4099 1889 4162 veritati.
1900 4102 1941 4162 Hi

304 4209 404 4256 oens:
430 4196 747 4266 carisiacensem
773 4209 853 4257 sum
877 4199 984 4258 cruci.
1015 4199 1097 4258 Vivo
1151 4193 1313 4255 suntduae
1328 4192 1433 4256 stellae
1446 4191 1576 4266 lucidae,
1594 4210 1667 4271 qaae
1682 4196 1864 4258 secundum
1880 4201 1944 4275 Sy-

304 4290 422 4352 autcm
443 4293 523 4363 jam
550 4304 620 4352 non
645 4304 718 4367 epo,
750 4292 837 4352 oioit
860 4305 943 4354 vcro
978 4295 1016 4354 in
1040 4308 1096 4355 me
1150 4289 1943 4371 billinumllaticinium,hahentspeciosquatuor

304 4388 473 4450 curatas.
490 4384 625 4466 (Galat,
641 4400 681 4460 11,
698 4385 764 4466 20.)
780 4390 1097 4452 Mihiautemohsii
1150 4385 1358 4460 animalium,
1385 4387 1421 4448 in
1446 4387 1563 4450 diebus
1590 4389 1783 4451 novissimis
1808 4393 1943 4454 nomine

302 4487 451 4560 adomari
465 4487 534 4546 nisi
551 4487 590 4546 io
605 4499 709 4547 cruce
727 4487 868 4548 Domini
886 4487 1000 4548 nostri
1012 4485 1096 4550 lesu
1149 4484 1235 4560 Agni
1256 4484 1491 4558 vociterantes,
1511 4485 1545 4547 in
1569 4484 1786 4548 directionem
1805 4488 1945 4551 humili·

304 4581 443 4654 Christi,
453 4597 522 4656 par
532 4597 634 4656 quem
646 4583 732 4644 mihi
745 4585 895 4646 mundus
905 4585 1096 4657 amcitiam
1148 4579 1239 4654 tatis,
1256 4581 1289 4643 et
1303 4582 1502 4644 uoluntariae
1516 4583 1738 4660 paupertatis.
1751 4583 1882 4663 (apua
1898 4591 1943 4648 ad

303 4679 366 4752 est,
392 4680 426 4741 et
448 4694 510 4756 apo
537 4681 666 4741 mundo
686 4696 697 4740 :
725 4693 787 4755 epo
812 4683 906 4742 caim
930 4681 1096 4757 stipmata
1150 4681 1860 4758 orancsPraedicatorcsetdriaorcs,apad
1872 4689 1942 4745 Pe-

303 4777 838 4852 Dominilcsuincorporemco
856 4775 1093 4858 porto.(1bid.,
1150 4775 1247 4839 tmcm
1270 4779 1510 4852 Rodutphtum,
1533 4776 1590 4838 lib.
1616 4779 1656 4850 11,
1679 4777 1772 4842 Hist.
1797 4782 1940 4857 Serapi.

302 4887 349 4944 vr,
367 4873 415 4946 14,
430 4872 497 4953 21.)
517 4876 542 4934 O
562 4873 691 4936 felicem
706 4889 849 4948 servum,
866 4876 920 4936 cui
936 4875 1094 4937 Dominus
1149 4871 1264 4952 relig.)

301 4969 439 5032 tradidit
451 4971 596 5048 quinque
607 4972 747 5033 talentai
766 4973 809 5036 Ut
822 4971 941 5049 quibus
954 4973 1011 5034 ille
1024 4989 1096 5050 per·

301 5067 406 5129 ditum
421 5068 590 5146 reparavit
605 5069 776 5142 mundum,
792 5067 847 5130 hic
859 5068 1025 5132 labentem
1039 5087 1096 5132 ro-

302 5167 436 5242 pararet
450 5165 647 5228 Ecclesiamt
666 5163 752 5244 (Lib.
770 5167 811 5238 11,
827 5167 1007 5230 Dictorum
1016 5170 1094 5242 sac·

302 5264 369 5325 tor.
386 5265 673 5335 memorabilium,
691 5278 718 5324 c.
736 5260 783 5342 t.)
1188 5263 1239 5324 39.
1263 5262 1334 5324 Duo
1354 5261 1390 5324 hi
1402 5263 1594 5330 Dominicus
1611 5267 1644 5330 et
1658 5268 1868 5342 Franciscus,
1885 5285 1942 5331 or-

337 5409 379 5484 (l)
395 5411 511 5482 Genea,
525 5425 545 5468 1.
1185 5411 1226 5551 (l)
1246 5413 1337 5483 Ceut,
1354 5428 1391 5470 tv.

350 5486 367 5540 2
392 5483 490 5552 Num..
504 5498 533 5540 x.
1197 5483 1214 5540 5
1242 5483 1373 5556 zachar..
1388 5499 1425 5542 tv.

337 5487 367 5630 i3
396 5551 497 5624 Exod,
511 5567 576 5611 xxv.
1129 5607 1132 5616 ,
1184 5555 1212 5627 (6
1240 5554 1424 5627 Apocal.,x1.

1151 5017 1295 5077 thomas
1320 5017 1458 5087 Boziata,
1487 5018 1766 5094 conprcpatmnir
1788 5021 1942 5083 oratorii

1452 5113 1644 5189 presbpter.
