4152 6388
102 287 250 350 fes.

99 445 289 522 prostratus
304 457 417 504 coram
432 457 522 515 arca,
545 442 580 504 in
595 459 660 520 qua
681 443 894 506 custodieba-

23 550 29 571 '
98 545 166 614 tur,
184 557 259 603 eam
283 541 496 602 exosculatus
511 541 614 602 multa
629 541 706 602 vota
720 541 847 602 obtulit
861 541 895 601 et

100 637 254 698 donaria.
270 635 370 698 Addit
382 635 537 697 Alhertus
563 633 734 698 stadensis
754 636 895 698 Pontifi-

100 749 173 797 cem
188 749 262 796 cum
279 733 504 794 cardinalibus
515 747 635 808 corpus
648 734 771 810 exipsa
781 733 894 794 tumba

99 832 249 904 levasse·;
280 829 422 891 fortasse
445 829 478 890 id
500 829 634 902 factum,
661 831 697 892 ut
718 830 896 892 satisfieret

99 927 324 989 cardinalium
348 927 382 988 et
404 927 557 988 virorum
583 927 770 1004 principum
794 927 892 998 votis,

95 1025 315 1101 viderentque
327 1023 362 1084 in
378 1023 507 1100 integro
520 1039 659 1101 corpore
679 1024 821 1102 pulchra
836 1024 895 1084 illa

100 1121 226 1183 Christi
239 1120 395 1196 vestigia.

139 1219 350 1280 adnotarunt
381 1217 494 1293 plures
529 1217 682 1279 auctores
713 1217 896 1279 canoniza-

95 1315 202 1377 tionis
225 1314 366 1376 formam
389 1315 422 1376 et
446 1314 706 1388 solemnitatem
731 1331 840 1393 neque
862 1313 895 1375 id

96 1413 233 1484 mirum,
251 1413 329 1488 quia
350 1412 438 1473 ultra
463 1426 578 1473 omnes
602 1411 663 1473 fuit
681 1413 839 1484 maxima,
860 1412 898 1474 ut

97 1509 274 1571 adnotavit
284 1512 432 1571 loannes
447 1508 487 1590 dp
502 1509 671 1571 Florentia
686 1504 896 1586 in'opusculo

77 1607 142 1668 ‘de
157 1607 221 1667 hac
239 1620 276 1667 re
295 1607 363 1666 MS.
380 1606 487 1682 primo
509 1622 552 1667 ex
575 1606 721 1668 insolitis
737 1622 898 1668 caeremo-

97 1704 179 1775 niis,
201 1719 277 1764 nam
301 1717 448 1779 eousque
470 1704 618 1765 recitatis
639 1703 897 1780 approbatisque

98 1801 135 1862 in
151 1800 279 1862 secreto
299 1799 522 1860 cardinalium
541 1800 740 1862 consistorio
758 1801 903 1862 canoni-.

95 1898 198 1960 zaudi
211 1897 392 1970 miraculis,
405 1897 656 1959 adscribebatur
668 1897 792 1974 absque
805 1897 897 1960 tanto

97 1995 264 2072 apparatu
285 2010 423 2056 numero
442 1997 643 2058 sanctorum.
666 1994 828 2067 Secundo,
855 2010 898 2056 ex

94 2094 194 2155 tanta
212 2093 383 2155 Pontificis
399 2091 603 2168 dignatione,
622 2093 657 2154 ut
676 2092 899 2169 personaliter

96 2207 176 2252 cum
188 2189 258 2252 tota
270 2191 365 2251 curia
380 2191 511 2251 venerit
525 2189 566 2250 ad
582 2190 645 2251 hoc
666 2207 786 2252 munus
798 2190 896 2251 Assi-

96 2287 199 2359 sium,
217 2287 316 2363 atque
332 2286 401 2363 ipse
415 2285 480 2347 viri
496 2287 602 2347 sancti
614 2287 717 2348 vitam
735 2287 767 2347 et
782 2286 897 2348 laudes

96 2384 141 2444 ad
175 2383 334 2460 populum
372 2383 505 2454 dixerit,
542 2383 685 2460 plurima
720 2399 898 2445 recensens

95 2495 222 2557 magna
241 2480 345 2542 animi
369 2480 604 2552 teneritudine,
634 2496 707 2557 quae
731 2481 898 2542 viventem

96 2577 211 2639 adhuc
237 2576 355 2639 fecisse
379 2577 463 2638 vidit
486 2579 544 2638 aut
564 2578 720 2653 coguovit
741 2593 784 2639 ex
806 2579 898 2639 arcta

94 2691 175 2737 cum
190 2691 230 2736 ec
242 2673 501 2736 necessitudine.
519 2675 703 2758 Terti0„ex
717 2675 898 2751 praesentia

95 2773 252 2850 corporis
267 2772 373 2849 ipsius
395 2772 502 2833 sancti
518 2772 634 2849 patris,
655 2774 742 2850 quod
757 2772 898 2834 fortasse

95 2870 219 2947 paucis
243 2870 301 2930 aut
330 2868 434 2930 nullis
468 2867 740 2931 canonizatorum
775 2871 895 2932 evenit.

95 2967 238 3040 Quarto,
255 2982 298 3028 ex
317 2966 460 3044 plurima
481 2967 693 3030 attestatione
707 2968 740 3029 et
756 2966 896 3029 concla-

93 3064 249 3126 mationa
259 3063 654 3141 hominumipsorumque
663 3063 896 3132 cardinalium,

94 3162 158 3240 qui
187 3161 265 3224 ante
290 3160 461 3222 biennium
490 3161 642 3223 sanctum
670 3162 779 3223 virum
802 3162 898 3224 vide-

93 3261 190 3329 runt,
220 3258 456 3334 coguoverunt,
491 3259 749 3334 stigmatizatum
775 3259 898 3336 proba-

92 3357 189 3418 runt.
214 3357 264 3416 Ex
283 3354 335 3415 his
351 3343 576 3440 fidelissimus,
598 3357 688 3417 omni
706 3357 898 3434 acceptione

92 3455 210 3529 major
229 3452 322 3514 testis
345 3451 407 3513 fuit
427 3452 619 3528 Raynaldus
643 3468 686 3515 ex
709 3453 896 3523 comitibus,

97 3547 279 3612 Pontificis
307 3563 421 3625 nepos,
455 3549 511 3626 qui
546 3550 623 3610 ante
654 3549 897 3612 cardinalatum

96 3647 285 3708 Francisco
301 3645 477 3706 familiaris
488 3644 563 3728 fuit,
578 3647 611 3707 et
624 3647 659 3707 in
672 3648 814 3709 viventis
828 3661 899 3709 cor·

97 3758 187 3822 pore
212 3743 367 3818 stigmata
397 3743 577 3820 perspexit,
610 3744 702 3806 velut
733 3745 805 3822 ipse
827 3747 896 3821 jam

96 3839 271 3906 Pontifex,
295 3837 487 3900 Alexander
513 3839 556 3900 lV
578 3841 804 3913 renunciatus,
835 3859 898 3918 pu-

92 3937 193 4000 blica
205 3935 366 3999 concione
382 3935 468 3998 dixit
481 3936 522 3997 ad
535 3936 705 4014 populum.

196 4231 426 4292 11.-BUL1.A
448 4231 801 4295 CANONIZATIONIS

160 4331 283 4433 sancti
300 4373 491 4443 Frocctsci,
511 4375 653 4446 ejusque
670 4375 738 4434 diet
756 4373 836 4447 festi

406 4469 559 4530 instituti
582 4512 590 4528 .

138 4617 322 4692 Gregorius
357 4618 545 4695 episcopus,
577 4634 704 4683 servus·
724 4637 896 4684 servorum

92 4715 174 4787 Dei,
191 4715 254 4776 etc.
356 4748 361 4761 κ

137 4810 295 4872 Miranda
316 4811 407 4872 circa
431 4827 492 4872 nos
515 4811 637 4873 divinae
662 4814 795 4890 pietatis
818 4816 895 4892 dig-

91 4909 206 4979 natio,
236 4907 270 4969 et
298 4907 543 4970 inaestimabilis
574 4909 707 4972 dilectio
734 4913 894 4986 caritatis

667 286 990 378 Pnonncouurm.
1013 316 1053 331 -
1073 285 1182 346 vira.

1684 283 1742 343 194

930 444 1035 517 «dem,
1064 443 1236 521 operarios
1263 443 1364 502 etiam
1389 442 1425 501 in
1460 441 1636 502 undecima
1660 440 1746 502 hora

949 541 1153 612 transmittit,
1169 541 1206 600 ut
1220 539 1450 616 superfluitate
1463 538 1636 614 palmitum
1652 553 1745 599 rese-

950 641 1035 710 cata,
1052 640 1085 699 et
1099 636 1350 698 vitulaminibus
1365 636 1490 712 spuriis
1508 635 1638 714 radices
1659 635 1745 698 altas

950 752 1017 797 non
1041 733 1207 804 dantibus,
1233 749 1363 795 necnon
1386 733 1534 794 sentibus
1555 733 1743 808 extirpatis,

951 832 1094 894 fructum
1117 845 1253 892 suavem
1278 829 1396 892 efferat
1419 831 1452 892 et
1469 829 1666 907 jncundum,
1689 829 1746 906 qui

951 928 1054 1007 praelo
1079 928 1249 1005 patientia
1276 926 1457 988 defaecatus
1485 928 1521 987 in
1550 927 1746 990 aeternitatis

951 1026 1123 1088 cellarium
1143 1023 1388 1108 transferatur:
1409 1024 1579 1100 impietate
1594 1023 1743 1100 profecto

950 1123 1041 1185 velut
1064 1123 1139 1198 igni
1162 1137 1335 1192 succensa,
1360 1122 1395 1182 'et
1424 1119 1623 1196 frigescente
1652 1119 1745 1182 cari-

950 1223 1018 1287 tate
1043 1221 1234 1290 multorum,
1254 1219 1291 1278 in
1313 1218 1461 1294 ejusdem
1486 1219 1666 1278 maceriam
1690 1217 1743 1278 di-

951 1317 1124 1390 ruendam,
1138 1315 1344 1378 irruentibus
1359 1301 1575 1388 Philis'thaeis,
1592 1314 1745 1392 portione

950 1415 1093 1477 terrenae
1104 1403 1309 1475 ¹cadentibus
1324 1395 1515 1488 voluptatis.

992 1515 1075 1573 Ecce
1086 1512 1121 1571 in
1136 1512 1219 1572 hora
1230 1509 1405 1570 undecima
1416 1509 1586 1577 Dominus,
1602 1509 1746 1586 quicum

952 1607 1069 1670 diluvii
1085 1623 1170 1686 aqna
1192 1607 1315 1668 terram
1328 1606 1465 1677 deleret,
1483 1595 1610 1682 justum
1625 1621 1685 1682 per
1695 1606 1746 1684 ¹li·

951 1721 1063 1780 gnum,
1098 1703 1377 1780 contemptibilem
1408 1702 1616 1778 gubernavit,
1647 1715 1748 1780 super

951 1795 1074 1864 sortem
1098 1803 1267 1878 justorum
1292 1801 1420 1882 virgam
1445 1800 1653 1877 peccantium
1680 1816 1747 1862 non

951 1900 1155 1975 relinquens,
1172 1898 1333 1959 excitavit
1348 1913 1481 1960 servum
1497 1910 1594 1958 suum
1612 1897 1747 1970 beatum
1796 1975 1799 1982 .

952 1997 1168 2058 franciscum
1200 1995 1310 2057 virum
1338 1995 1453 2072 utique
1479 1994 1661 2056 secundum
1690 2010 1749 2056 cor

953 2111 1060 2165 suum,
1088 2093 1176 2170 apud
1204 2091 1424 2183 cogitationes
1448 2091 1588 2153 divitum
1613 2092 1747 2168 lampa-

952 2191 1026 2251 dem
1042 2189 1174 2266 quidem
1196 2191 1432 2264 contemptam,
1453 2188 1510 2262 sed
1534 2189 1687 2265 paratam
1705 2188 1748 2248 ad

953 2291 1081 2364 tempus
1105 2285 1275 2356 statutum,
1303 2285 1396 2345 illam
1429 2285 1621 2350 invincem
1653 2301 1749 2346 suain

953 2385 1097 2457 mittens,
1118 2385 1155 2444 ut
1175 2399 1219 2444 ex
1237 2382 1306 2458 ipsa
1330 2381 1444 2458 spinas
1460 2383 1494 2443 et
1511 2397 1630 2458 vepres
1655 2382 1748 2444 evel-

953 2483 1047 2554 leret,
1064 2481 1239 2558 prostratis
1254 2480 1347 2540 illam
1367 2478 1638 2556 impugnantibus
1661 2480 1745 2540 Phi·
1833 2526 1836 2539 .

953 2579 1079 2651 listaeiS,
1092 2577 1312 2640 illuminando
1321 2576 1475 2653 patriam,
1486 2578 1520 2638 et
1533 2577 1746 2640 reconciliari

953 2679 1031 2750 Dec,
1048 2675 1281 2738 exhortatione
1296 2674 1412 2735 sedula
1428 2673 1678 2749 commonendo.

993 2772 1054 2846 Qui
1067 2773 1181 2835 audita
1194 2771 1333 2833 interius
1345 2785 1426 2833 voce
1442 2771 1616 2832 invitantis
1633 2769 1744 2844 amici,

952 2863 1253 2947 impigersu'rgens,
1262 2868 1520 2931 mundivincula
1529 2868 1743 2938 blandientis,

953 2969 1048 3046 quasi
1063 2968 1150 3029 alter
1165 2970 1316 3038 Samson,
1334 2966 1442 3042 gratia
1463 2965 1577 3027 divina
1592 2981 1747 3043 praeven-

952 3069 1005 3128 tus
1032 3065 1166 3142 dirupit,
1197 3067 1233 3126 et
1258 3065 1379 3140 spiritu
1409 3063 1549 3126 fervoris
1574 3066 1745 3140 concepto,

952 3164 1104 3241 asinique
1128 3163 1261 3239 arrepta
1282 3160 1486 3232 mandibula,
1509 3161 1747 3238 praedicatione

952 3261 1115 3338 siquidem
1130 3260 1286 3337 simplici,
1301 3258 1404 3319 nullis
1418 3258 1596 3320 verborum
1612 3275 1748 3337 persua·
1796 3260 1799 3266 '

952 3358 1100 3419 sibilium
1112 3357 1267 3418 humanae
1278 3355 1452 3432 sapientiae
1466 3356 1634 3418 coloribus
1647 3358 1748 3422 adcr-

951 3457 1042 3527 nata,
1059 3454 1118 3516 sed
1131 3455 1244 3515 tamen
1260 3453 1319 3514 liei
1331 3454 1453 3516 virtute
1469 3454 1605 3530 potenti,
1622 3456 1679 3532 qui
1694 3456 1748 3516 iu-

952 3552 1047 3612 firma
1073 3550 1187 3612 mundi
1214 3550 1318 3626 eligit,
1348 3551 1384 3611 ut
1406 3549 1505 3612 fortia
1531 3567 1747 3629 quaecumque

952 3647 1143 3718 confundat,
1170 3663 1238 3710 non
1270 3648 1404 3708 tantum·
1429 3647 1533 3714 mille,
1561 3648 1617 3708 sed
1643 3650 1748 3711 multa

951 3745 1058 3807 millia
1068 3743 1358 3814 philisthinorum,
1371 3759 1410 3804 eo
1422 3743 1478 3820 qui
1489 3745 1596 3819 tangit
1606 3747 1745 3816 montes,

951 3841 985 3901 et
998 3839 1173 3914 fumigant,
1194 3836 1347 3908 faciente,
1364 3837 1555 3914 prostravit,
1576 3840 1609 3900 et
1623 3839 1658 3900 in
1672 3841 1747 3916 spi-

951 3938 1035 3998 ritus
1059 3935 1253 3997 servitutem
1279 3934 1418 4009 redegit,
1445 3935 1556 4018 carnis
1579 3935 1748 4000 illecebris

951 4035 1050 4096 antea
1069 4033 1265 4094 servientes.
1285 4031 1412 4102 Quibus
1427 4031 1517 4093 vitiis
1540 4034 1689 4122 mortuis,
1716 4039 1749 4096 et

951 4135 1019 4194 Deo
1031 4129 1231 4202 viventibus,
1241 4131 1312 4206 jam
1325 4144 1392 4190 non
1405 4129 1499 4217 ipsis,
1514 4145 1655 4208 quorum
1670 4148 1748 4209 pars
1763 4161 1766 4170 v

951 4229 1096 4307 pessima
1118 4227 1227 4305 periit,
1245 4242 1288 4288 ex
1308 4226 1502 4288 mandibula
1523 4229 1596 4306 ipsa
1611 4245 1748 4306 egressa

952 4327 1086 4404 copiosa
1101 4327 1151 4388 est
1170 4339 1268 4402 aqua,
1287 4323 1453 4398 reficiens,
1471 4324 1621 4402 abluens,
1641 4330 1674 4390 et
1694 4327 1709 4388 f
1728 4361 1747 4374 -

951 4424 1101 4487 cundans
1122 4423 1245 4499 lapsos,
1262 4421 1425 4494 sordidos,
1449 4424 1483 4484 et
1501 4425 1657 4485 arentes:
1674 4441 1748 4502 quae
1856 4505 1859 4512 .

951 4523 987 4583 in
1001 4522 1103 4585 vitam
1114 4522 1273 4582 aeternam
1287 4519 1411 4581 saliens
1424 4520 1550 4601 absque
1562 4523 1701 4597 argento
1714 4529 1749 4584 et

951 4617 1209 4682 commutatione
1223 4617 1336 4694 aliqua
1355 4617 1543 4699 potestami
1559 4634 1566 4678 :
1581 4611 1682 4698 'cujus
1696 4620 1748 4680 ri-

951 4717 1020 4780 vuli
1034 4717 1133 4792 louge
1146 4714 1279 4791 lateque
1297 4694 1577 4786 diffusi,'vineam
1592 4715 1745 4790 irrigant,

951 4829 1055 4891 usque
1066 4813 1108 4874 ad
1119 4827 1211 4874 mare
1222 4810 1386 4888 palmites,
1402 4811 1436 4872 et
1448 4826 1552 4888 nsque
1567 4812 1607 4874 ad
1623 4812 1748 4876 flumen

951 4910 1152 4990 propagines
1168 4907 1411 4972 extendentem.
1822 4896 1827 4904 '

91 5022 166 5085 qua
188 5005 311 5066 Filium
332 5020 391 5081 pro
413 5021 510 5067 servo
529 5005 667 5069 tradidit
690 5008 893 5082 redimendo,
990 5009 1052 5071 Hic
1080 5007 1222 5084 denique
1246 5006 1350 5083 patris
1372 5006 1480 5068 nostri
1503 5005 1647 5071 Abrahae
1669 5010 1748 5073 imi·

90 5103 189 5165 dona
217 5117 287 5188 snae
315 5102 540 5164 miserationis
568 5119 635 5166 non
663 5091 831 5179 deserens,
864 5110 897 5169 et
949 5107 1038 5169 tatus
1057 5075 1209 5180 vestigia,
1235 5104 1346 5165 mente
1370 5103 1412 5164 de
1434 5104 1536 5178 terra,
1562 5106 1595 5167 et
1618 5123 1745 5184 cogna-

87 5201 234 5263 vineam
263 5198 400 5260 dextera
426 5203 498 5277 ejus
524 5201 706 5278 plantatam
738 5204 895 5267 continua
949 5205 1041 5265 tione
1060 5218 1131 5274 sua,
1154 5216 1284 5262 necnon
1306 5201 1403 5261 domo
1426 5202 1530 5278 patris
1554 5205 1625 5279 ejus
1644 5219 1746 5282 egre-

88 5291 307 5372 protecticne
328 5307 541 5364 conservans,
564 5294 600 5354 in
618 5295 710 5356 illam
726 5297 782 5373 qui
799 5298 895 5359 salu·
950 5299 1056 5372 diens,
1076 5299 1183 5362 iturus
1199 5297 1234 5361 in
1250 5299 1373 5380 terram
1390 5299 1570 5379 quamlsibi
1585 5303 1745 5364 Dominus

88 5389 207 5452 briter
233 5388 340 5464 ipsam
366 5387 532 5462 excolant,
558 5393 740 5456 evellentes
763 5398 896 5457 sarculo

88 5504 137 5550 ac
162 5501 308 5558 vomere,
328 5501 392 5565 quo
412 5489 553 5564 samgar
574 5492 749 5553 sexcentos
774 5493 898 5554 Philis-

87 5586 207 5647 thaecs
227 5584 404 5660 percussit,
426 5585 540 5661 spinas
560 5588 594 5648 et
613 5587 753 5650 tribulos
772 5605 814 5651 ax
832 5607 895 5653 ea-

248 5727 363 5776 rerunt.
384 5729 460 5773 roan
476 5715 524 5775 Vl.

951 5397 1063 5458 divina
1094 5395 1314 5472 inspiratione
1345 5399 1556 5463 monstraret,
1584 5401 1619 5460 ut
1644 5415 1749 5476 expe-

951 5495 1052 5556 ditius
1071 5494 1221 5561 currerel
1242 5493 1283 5554 ad
1301 5492 1452 5554 bravium
1467 5495 1652 5556 vocationis
1672 5511 1744 5558 coe-

951 5582 1055 5665 restit,
1072 5595 1105 5653 et
1119 5606 1178 5668 per
1199 5592 1373 5665 angustam
1391 5593 1519 5668 portam
1536 5594 1645 5668 posset
1660 5593 1745 5654 faci-

1480 5757 1486 5770 ι
1591 5723 1605 5778 7
