4152 6388
329 287 390 348 223

331 445 406 524 plus
425 443 599 522 acquirere
618 455 715 520 quam
740 439 913 518 quasiv1t3
937 440 970 501 ot
984 437 1118 502 similia.

331 545 456 620 corpus
483 539 654 602 comedent
675 553 818 609 vermes,
833 538 979 599 animam
1001 551 1120 598 corro-

331 641 409 702 dent
436 639 617 710 daemonos3
639 636 672 697 et
697 636 746 697 sic
775 635 890 712 perdet
915 635 1062 695 animam
1090 635 1122 694 et

331 752 451 812 corpus
466 735 600 811 propter
614 733 677 794 hoc
691 731 792 794 breve
805 732 974 793 saeculum.

368 836 437 908 Ego
452 831 557 893 irater
574 830 773 892 Franciscus
789 829 898 890 minor
913 843 1029 889 servus
1044 842 1122 888 ves-

328 933 380 994 ter
402 944 484 1004 rogo
508 933 541 990 et
562 927 699 989 obsecro
720 927 757 987 iii
772 927 922 998 caritate,
940 941 1012 1003 quae
1034 928 1124 986 Dens

286 1065 290 1070 =
329 1027 390 1098 est,
406 1027 526 1087 etcum
542 1024 712 1087 voluntate
734 1023 906 1086 osculandi
926 1022 1025 1100 pedes
1039 1037 1121 1083 ves-

328 1126 408 1196 tros,
424 1123 510 1200 quod
526 1123 597 1184 liaeo
608 1121 709 1184 verba
725 1123 758 1183 et
771 1122 840 1182 alia
863 1119 994 1182 Domini
1016 1119 1122 1180 nostri

327 1225 408 1287 lesu
423 1222 557 1293 Christi,
574 1237 649 1283 cnm
664 1219 851 1282 humilitate
866 1219 899 1280 ot
917 1219 1055 1280 caritate
1069 1231 1122 1278 ve·

328 1321 398 1382 litis
408 1319 570 1396 recipere,
579 1317 712 1395 operari
722 1318 754 1378 et
762 1309 1121 1378 observare.Etomnes

328 1416 391 1488 illi,
406 1416 462 1492 qui
475 1431 514 1477 ea
528 1415 672 1490 benigne
683 1413 850 1490 recipiunt
870 1413 903 1474 et
917 1410 1118 1486 intelligunt,

329 1529 370 1576 ea
385 1511 517 1574 mittant
531 1511 608 1572 aliis
618 1512 654 1571 in
664 1509 863 1586 exemplum.
881 1509 916 1570 Si
931 1509 966 1570 in
980 1509 1030 1570 eis
1045 1524 1122 1585 per-

330 1609 560 1672 severaverint
575 1623 680 1686 usqne
694 1607 729 1667 in
743 1607 853 1679 duem,
874 1605 1049 1668 benedicat
1063 1621 1121 1666 eos

330 1707 439 1778 Pater,
452 1707 485 1767 et
499 1704 617 1780 Filius,
627 1706 661 1765 st
676 1703 818 1780 Spiritus
832 1704 985 1766 Sanctus.
1002 1705 1119 1764 Amen.

583 1936 787 1998 EPISTOLA
808 1937 866 1996 ΙΙΙ.

406 2073 458 2132 Ad
479 2069 615 2132 beatum
634 2069 824 2131 Antonium
845 2071 886 2130 de
904 2071 1038 2130 Padus.

327 2201 433 2269 Noluit,
444 2197 564 2258 docendi
577 2198 776 2268 munusobire,
788 2199 844 2256 nisi
858 2197 973 2257 obtenta
989 2201 1022 2257 D.
1037 2201 1121 2264 Fran·

363 2289 432 2346 cisci
446 2289 570 2357 licentia,
585 2288 631 2344 cui
646 2301 697 2360 per
716 2285 771 2344 boc
793 2287 962 2361 Epistolinm
988 2289 1019 2346 B.
1041 2295 1121 2361 pater

363 2377 513 2449 respondit
527 2376 580 2449 (l).

367 2502 546 2563 Carissimo
562 2518 634 2564 meo
645 2501 893 2564 iratriAntonio
904 2502 1007 2564 trater
1019 2503 1121 2563 Fran-

327 2598 437 2661 ciscus
448 2599 483 2659 in
498 2599 629 2660 Christo
646 2599 799 2660 salutem.

367 2696 482 2756 Placet
496 2695 578 2755 milii
593 2694 680 2772 quod
695 2697 819 2756 sanctae
834 2695 1024 2771 Theologiae
1035 2695 1121 2757 litte·

326 2807 383 2854 ras
398 2791 556 2853 iratribus
571 2793 812 2868 interpreteris,
827 2792 873 2854 ita
886 2794 997 2854 tamen
1013 2795 1048 2855 ut
1061 2809 1121 2854 ne-

327 2905 391 2967 que
414 2890 449 2950 in
473 2892 517 2957 te,
539 2903 648 2966 neque
672 2889 708 2949 iii
732 2889 863 2950 caeteris
885 2888 987 2967 (quod
1013 2889 1120 2951 velie·

326 2986 455 3048 mentor
466 2984 579 3066 cupio)
593 2987 809 3061 extinguatur
820 2989 943 3049 sanctae
959 2987 1120 3049 orationis

326 3083 463 3160 spiritus
487 3085 585 3161 juxta
607 3083 768 3160 Regulam
790 3099 888 3161 quam
914 3084 1118 3162 profitemur.

325 3179 419 3241 Vale.

582 3305 784 3366 EPISTOLA
806 3305 860 3408 lv.

344 3438 397 3498 Ad
412 3436 546 3498 beclem
560 3439 733 3513 virginem
749 3440 888 3499 ctorem
903 3439 939 3502 ct
951 3439 1100 3500 coeteras

507 3547 648 3596 sorores
661 3537 695 3596 S.
711 3537 876 3596 Demtartt
887 3533 946 3613 (2).

371 3663 504 3720 Sororum
520 3663 548 3721 S.
563 3663 651 3721 clare
665 3677 733 3721 cura
750 3678 765 3720 a
782 3661 916 3722 iratribus
930 3662 1071 3722 habenda.

365 3788 553 3851 carissima
570 3790 677 3852 sorori
691 3789 808 3861 Clarae,
826 3790 858 3851 et
873 3790 1004 3852 caeteris
1019 3805 1118 3851 soro-

323 3885 416 3976 ribus
432 3887 547 3950 Sancti
566 3887 731 3961 Damiani,
746 3885 850 3950 irater
864 3888 1063 3949 Franciscus
1082 3887 1118 3949 in

325 3983 457 4046 Christo
473 3985 626 4046 salutem.

374 4124 400 4194 tl
419 4124 490 4180 lllud
513 4125 596 4182 nobis
621 4124 748 4183 obtulere
769 4125 869 4182 Latino
893 4125 1029 4184 idiomate
1060 4126 1116 4184 llo·

324 4192 362 4249 dii
375 4193 435 4264 pb,
451 4193 499 4250 lib.
514 4197 525 4251 l
543 4196 617 4252 risa
633 4197 749 4264 Serapli.
772 4195 874 4266 Retia,
890 4196 917 4252 lii
933 4197 995 4256 vita
1012 4198 1044 4254 D.
1056 4198 1115 4254 Aa·

324 4270 397 4330 ton.;
415 4263 545 4319 sedulius
559 4265 588 4320 iii
603 4265 676 4321 ilict.
692 4263 791 4321 itidein
813 4265 974 4336 Serapttco,
992 4267 1020 4323 in
1035 4268 1116 4323 Com·

325 4337 410 4388 ment.
420 4335 458 4390 sd
468 4334 591 4403 eiusdem
603 4335 708 4402 Vitem,
718 4336 746 4390 in
759 4342 845 4406 caput
854 4336 882 4403 9,
891 4350 970 4393 nuni.
981 4339 994 4392 l
1004 4353 1011 4392 :
1021 4337 1115 4405 etalii,

325 4403 453 4486 Hispano
468 4418 546 4472 vero,
562 4405 716 4474 Marianus,
730 4403 778 4462 lib.
796 4407 830 4472 V,
846 4419 910 4477 cap.
926 4407 953 4474 ti,
970 4414 998 4463 et
1013 4405 1115 4464 tiebol-

324 4473 388 4530 ledo
409 4473 456 4530 lib.
470 4475 520 4543 lV,
534 4475 653 4546 capta,
665 4475 730 4531 licet
745 4489 846 4533 omnes
854 4474 1053 4534 diversimode.

360 4515 403 4628 (il
420 4545 500 4628 lianc
511 4544 546 4602 ad
561 4559 592 4603 se
603 4552 630 4602 et
642 4545 791 4626 consocias
803 4560 870 4602 suas
881 4545 995 4604 boatum
1007 4553 1116 4618 patroni

325 4630 475 4690 scripsisse
491 4616 575 4689 paulo
591 4624 653 4688 post
672 4629 798 4685 ipsarum
813 4619 1041 4686 conversionem,
1058 4625 1114 4675 tes·

322 4695 397 4746 tatur
423 4686 505 4745 beata
525 4688 608 4760 virgo
629 4686 720 4754 Clara,
734 4701 797 4760 cap.
825 4687 852 4755 6,
878 4689 976 4760 primae
1000 4689 1116 4762 llegulie

760 281 792 342 S.
816 279 1038 341 FRANCISCI
1058 277 1286 340 assistatis
1308 275 1538 338 crescunt.

1915 275 1982 335 224

1216 437 1299 510 Qula
1332 437 1465 500 Domini
1499 434 1719 514 inspiratione
1751 434 1881 497 lecistis
1914 451 1982 496 vos

1177 535 1263 596 illias
1287 538 1320 598 et
1344 534 1484 596 ancillas
1509 533 1684 604 altissimi,
1713 533 1834 594 summi
1858 534 1981 608 Regis,

1178 634 1286 694 Patris
1302 633 1456 700 coelestis,
1474 633 1507 694 et
1522 631 1660 708 spiritui
1677 631 1799 692 Sancto
1815 645 1877 692 vos
1892 629 1981 690 des-

1176 729 1342 808 ponsastis
1376 730 1491 792 vivers
1525 729 1706 791 secundum
1733 727 1983 804 perfectionem

1176 827 1283 890 sancti
1298 826 1481 903 Evangelii,
1497 826 1585 897 volo,
1606 827 1640 888 et
1660 826 1817 902 promitto
1832 841 1896 902 per
1910 841 1979 896 me,

1177 927 1210 987 et
1233 924 1353 988 iratres
1377 941 1467 986 ineos
1494 939 1623 1000 semper
1646 923 1771 984 habere
1795 923 1838 983 de
1861 923 1979 994 vobis,

1176 1026 1334 1100 tanquam
1349 1021 1391 1084 de
1407 1021 1488 1098 ipsis
1506 1036 1621 1082 curam
1635 1021 1841 1097 diligentem,
1859 1021 1896 1080 et
1907 1019 1983 1080 sol-

1176 1121 1383 1182 licitudinem
1396 1119 1586 1197 specialem.
1603 1119 1718 1180 Valete
1734 1117 1769 1178 in
1784 1117 1946 1180 Domino.

1442 1333 1644 1394 epistota
1664 1333 1704 1393 V.

1425 1468 1478 1528 Ait
1498 1468 1636 1528 eoadem
1655 1461 1714 1546 (3).

1286 1599 1428 1658 Avlrtiite
1442 1596 1565 1670 iacoepta
1580 1609 1639 1653 non
1653 1593 1857 1653 recedendum.

1215 1723 1404 1786 carissima
1420 1723 1527 1784 sorori
1543 1721 1660 1792 Clarae,
1677 1722 1710 1782 et
1724 1719 1855 1782 caeteris
1873 1735 1977 1782 soro-

1175 1821 1266 1884 ribus
1283 1823 1315 1882 S.
1332 1819 1485 1882 Damiani
1499 1820 1535 1880 iii
1550 1819 1680 1880 Christo
1695 1817 1847 1879 salutem.

1215 1921 1282 1996 Ego
1296 1917 1400 1980 irater
1409 1916 1607 1978 Franciscns
1618 1915 1776 1994 parvulus
1786 1914 1865 1976 volo
1878 1917 1976 1992 sequi

1175 2017 1278 2079 vitain
1315 2017 1348 2080 et
1385 2015 1613 2093 paupertatem
1647 2013 1800 2075 altissimi
1836 2013 1976 2074 Domini

1176 2115 1281 2176 nostri
1309 2117 1390 2176 Jesu
1417 2113 1552 2184 Christi,
1583 2114 1616 2173 st
1645 2113 1718 2188 ejus
1747 2110 1976 2171 sanctissimae

1176 2211 1303 2284 Matris,
1316 2213 1348 2273 et
1359 2224 1574 2287 perseverare
1588 2209 1622 2268 in
1635 2224 1674 2269 ea
1688 2207 1842 2284 usquein
1856 2207 1974 2267 tinem.

1175 2311 1309 2386 inrogo
1324 2325 1383 2370 vos
1406 2323 1520 2369 omnes
1536 2307 1687 2368 dominas
1699 2309 1809 2372 'meas
1831 2307 1866 2366 et
1887 2320 1974 2365 coii-

1175 2407 1286 2468 silium
1303 2405 1343 2468 do
1358 2404 1463 2478 vobis,
1480 2405 1517 2466 ut
1532 2405 1565 2464 iii
1585 2405 1649 2465 ista
1669 2403 1885 2464 sanctissima
1903 2403 1974 2463 vita

1175 2507 1208 2567 st
1222 2506 1416 2582 paupertate
1436 2517 1566 2578 semper
1587 2501 1718 2563 vivatis.
1743 2501 1782 2562 Et
1800 2500 1974 2562 custodire

1174 2617 1234 2664 vos
1250 2602 1400 2674 multum,
1423 2615 1466 2662 ne
1489 2600 1641 2661 doctrina
1659 2597 1712 2661 vel
1737 2597 1882 2660 consilio
1903 2596 1973 2657 ali-

1175 2701 1269 2778 ciu'us
1285 2699 1326 2760 ab
1340 2699 1414 2776 ipsa
1426 2699 1461 2758 iii
1476 2699 1671 2776 perpetuum
1686 2695 1856 2757 ullatenus
1872 2710 1972 2756 rece-

1175 2797 1271 2859 datis
1285 2795 1401 2858 Valate
1415 2795 1451 2857 in
1466 2795 1616 2856 Domina.

1430 3019 1633 3080 EPISTOLA
1653 3018 1708 3078 VI.

1174 3155 1226 3216 Ad
1236 3154 1387 3228 tratrem
1396 3155 1510 3214 Ellam
1527 3151 1632 3212 toties
1646 3151 1780 3212 ordinis
1796 3151 1974 3210 otcarliim
2049 3111 2050 3118 ἵ

1435 3253 1632 3325 generalem
1646 3245 1705 3326 (4).

1174 3381 1306 3441 Otlensus
1318 3395 1354 3438 ne
1369 3377 1507 3438 attendas.
1522 3379 1658 3436 Prolatus
1671 3375 1800 3435 subditos
1815 3383 1973 3450 peccantes

1433 3467 1559 3541 benigne
1573 3467 1707 3541 corrigat.

1214 3594 1408 3658 Reverendo
1434 3593 1470 3653 iii
1494 3592 1624 3654 Christo
1647 3591 1745 3668 patri,
1768 3589 1867 3652 tratri
1888 3590 1970 3650 Elias

1173 3693 1275 3756 totius
1290 3691 1423 3761 Ordinis
1435 3690 1574 3762 vicario,
1591 3688 1694 3751 trater
1715 3689 1919 3749 Franciscus
1934 3689 1970 3748 iii

1174 3791 1305 3853 Christo
1321 3789 1472 3851 salutem.

1214 3888 1341 3958 Frater,
1367 3885 1422 3948 det
1443 3883 1502 3947 tibi
1524 3884 1683 3945 Dominus
1707 3899 1802 3944 suain
1815 3885 1967 3944 sanctam

1172 3983 1447 4046 benedictionem.
1471 3986 1508 4044 ln
1533 3979 1686 4043 omnibus
1712 3981 1759 4042 sis
1774 3982 1918 4057 patiens,
1936 3983 1969 4040 et

1173 4125 1337 4194 retraheret,
1354 4139 1385 4182 se
1397 4122 1592 4196 fidejussorem
1614 4129 1642 4179 et
1662 4121 1890 4194 procurationem
1907 4121 1967 4178 lore

1172 4211 1237 4254 cuia
1258 4194 1388 4255 iratribus
1409 4194 1468 4252 suis
1491 4192 1694 4276 temporalibus
1718 4193 1863 4264 promisit,
1891 4191 1966 4264 quod

1171 4283 1206 4324 us
1226 4282 1261 4324 ue
1276 4265 1311 4323 sd
1329 4271 1441 4348 tempus
1461 4263 1566 4323 Urbani
1577 4265 1615 4322 IV
1628 4260 1746 4320 fideliter
1764 4261 1965 4335 adimplerunt.

1207 4282 1247 4464 ᾧ)
1268 4339 1349 4394 llaiic
1364 4335 1460 4392 itidem
1481 4349 1517 4390 eii
1536 4333 1637 4390 eodem
1659 4347 1722 4414 cap.
1741 4334 1769 4398 a,
1786 4334 1886 4405 prinas
1909 4335 1963 4390 lle-

1193 4422 1248 4464 uae
1262 4408 1447 4467 Clarissariiiii
1462 4405 1646 4472 extraximus,
1663 4419 1745 4475 euius
1761 4405 1894 4460 meminit
1911 4407 1963 4460 lle-

1170 4421 1293 4547 bellede,
1309 4477 1357 4534 lib.
1373 4479 1397 4545 1,
1418 4483 1491 4548 part.
1509 4491 1539 4542 ii,
1554 4488 1618 4558 cap.
1639 4475 1684 4543 28,
1696 4481 1724 4531 et
1743 4475 1851 4542 Pisen,
1862 4474 1913 4530 lib.
1927 4477 1963 4543 ll,

1172 4549 1317 4619 conform.
1331 4549 1358 4616 6,
1373 4554 1453 4619 parte
1466 4561 1495 4614 ii,
1509 4544 1562 4602 sub
1574 4545 1619 4602 liis
1629 4545 1723 4603 verbis
1735 4561 1742 4600 :
1756 4546 1826 4603 Cum
1839 4542 1875 4602 ad
1890 4560 1963 4602 nior-

1170 4627 1227 4675 tem
1257 4617 1447 4674 infirmaretur
1470 4616 1570 4672 beatus
1591 4624 1681 4687 pater,
1706 4615 1787 4673 Clara
1809 4615 1893 4688 virgo
1916 4630 1965 4688 per

1170 4687 1323 4760 quemdam
1351 4685 1525 4760 significavit
1548 4686 1575 4742 ei
1605 4685 1779 4742 desiderium
1807 4693 1836 4742 et
1866 4695 1963 4742 votum

323 4758 520 4837 Clarissarum,
537 4771 624 4830 quain
639 4771 690 4828 pro
705 4771 738 4813 ea
754 4765 781 4814 ct
796 4757 966 4830 sequacibus
983 4761 1014 4816 Β.
1036 4767 1116 4831 pater
1169 4773 1253 4815 suuin
1272 4765 1301 4814 et
1321 4757 1529 4826 consociorum,
1552 4771 1609 4828 quo
1628 4757 1752 4813 maxime
1776 4757 1964 4828 peroptabant
2047 4755 2048 4826 ζ

323 4829 501 4900 conscripsit.
523 4831 564 4884 Ειι
587 4826 689 4884 eodem
709 4828 811 4898 eapite,
840 4835 868 4885 et
882 4829 999 4901 llegula,
1049 4844 1115 4886 uani
1170 4843 1235 4886 euni
1250 4827 1357 4896 videre,
1374 4836 1526 4900 antequam
1539 4825 1615 4883 diem
1634 4825 1778 4884 clauderet
1793 4833 1962 4884 extremum.
2047 4827 2048 4852 ¹

323 4897 406 4960 nobis
422 4913 479 5024 prae
500 4899 612 4956 ceteris
632 4898 759 4956 obtulere
784 4899 917 4956 Firmum.
932 4900 1016 4956 triani
1060 4899 1114 4969 rd.,
1169 4901 1294 4968 Quarum
1309 4907 1375 4956 voto
1395 4905 1508 4972 propter
1522 4897 1694 4956 infirmitatis
1708 4897 1901 4954 intensionem
1916 4913 1960 4955 sa-

323 4974 404 5029 tract.
439 4969 679 5042 ,partisquintae,
696 4967 879 5026 Euchiridion
901 4971 962 5026 sive
983 4971 1115 5028 Manuale
1169 4969 1300 5027 tisiacere
1322 4983 1379 5026 non
1403 4969 1512 5036 valens,
1534 4970 1589 5026 scri
1611 4969 1647 5025 sit
1667 4968 1756 5026 Clarae
1773 4972 1803 5024 et
1818 4968 1964 5026 sororibus

323 5043 488 5122 ltlinoruin,
500 5047 528 5096 et
545 5041 670 5122 itanum.
689 5037 812 5123 ordinis,
829 5047 909 5124 tract.
931 5041 958 5109 2,
975 5055 1040 5122 eain
1061 5041 1116 5098 bue
1170 5039 1205 5098 ad
1227 5041 1451 5097 consolationem
1475 5053 1573 5095 earum
1591 4983 1732 5106 qitteram,
1758 5039 1787 5094 in
1802 5053 1858 5110 qua
1878 5037 1963 5096 dabat

323 5120 565 5182 transcripsimus.
581 5107 1017 5184 Euchiridioneregionehupus
1032 5112 1114 5182 Epis·
1168 5110 1397 5168 benedictionem
1420 5123 1513 5176 suain,
1531 5116 1585 5166 eto.
1604 5111 1639 5166 Et
1659 5115 1691 5166 nt
1711 5107 1855 5165 tristitiam
1872 5109 1960 5180 dopo·

323 5185 394 5265 tolie¹
407 5187 436 5237 et
456 5182 611 5262 sequentis,
635 5181 765 5262 apposuit
784 5181 814 5262 iii
829 5181 959 5307 margine
977 5198 985 5238 :
1006 5182 1116 5238 Littera
1169 5190 1278 5250 nerent,
1293 5180 1422 5254 promisit
1435 5195 1467 5236 se
1480 5186 1543 5252 post
1556 5186 1676 5236 mortain
1691 5178 1727 5236 ab
1741 5179 1797 5235 illis
1811 5178 1847 5235 ad
1861 5181 1960 5236 viden·

322 5257 394 5310 beati
409 5253 565 5307 Francisct.
580 5252 662 5307 llano
680 5264 770 5307 sacris
789 5265 892 5324 virgini
914 5267 948 5308 us
965 5251 1114 5324 scripsisse
1168 5251 1245 5308 duni.
1271 5251 1352 5310 Unde
1380 5249 1491 5308 illaruin
1517 5251 1673 5306 litterarum
1695 5248 1748 5306 lias
1769 5247 1962 5320 fragmentum

322 5323 418 5392 credo,
443 5336 507 5377 suin
529 5328 556 5377 ta
571 5335 737 5402 occasione
766 5335 800 5377 ex
824 5335 929 5404 inagna
958 5336 1056 5380 earum
1085 5323 1114 5379 iii
1168 5337 1233 5380 esse
1250 5321 1421 5394 judicamus,
1443 5321 1472 5377 in
1494 5320 1595 5392 quibus
1617 5318 1652 5376 ad
1674 5319 1807 5376 virtutnui
1825 5335 1958 5390 perseve-

323 5399 413 5477 Deum
425 5337 607 5473 confidentia,
618 5404 673 5463 qua
685 5391 713 5446 in
729 5405 794 5448 enai
808 5390 927 5449 tirmiter
935 5394 1071 5474 reposita,
1084 5394 1114 5450 ia
1168 5392 1290 5450 rentiam
1302 5407 1352 5448 eas
1367 5391 1504 5474 bortatur,
1518 5399 1546 5448 et
1560 5390 1708 5448 sollicitius
1722 5397 1815 5462 rogat,
1833 5397 1961 5464 utquam

322 5474 418 5526 stricta
432 5461 570 5530 custodia,
586 5475 728 5518 summam
749 5468 944 5533 paupertatem
966 5479 994 5520 in
1010 5479 1111 5536 perpe·
1169 5465 1232 5522 iiice
1271 5471 1335 5520 runt
1349 5470 1447 5530 vitam,
1463 5460 1625 5518 observent.

321 5545 400 5596 tuum
416 5539 575 5616 vorarunt:
591 5546 627 5588 ne
642 5537 818 5614 veropostea
834 5533 964 5605 aliqualis
978 5533 1111 5592 easdiill·
1204 5533 1233 5663 {a
1263 5535 1344 5590 lianc
1365 5531 1451 5589 babet
1474 5531 1640 5614 liudulphus
1662 5529 1734 5588 libro
1756 5529 1896 5600 secundo,
1913 5531 1958 5590 iol.

322 5608 418 5670 dantia
437 5617 512 5663 circa
533 5609 600 5664 lita
624 5615 786 5660 necessaria
807 5615 822 5660 a
848 5611 947 5662 sancto
968 5607 1113 5678 proposito
1168 5606 1206 5662 nii
1230 5605 1314 5664 iliti.
1331 5605 1401 5662 llam
1418 5600 1453 5661 ad
1472 5601 1618 5660 biennium
1638 5609 1703 5659 anie
1723 5606 1804 5659 susm
1827 5610 1958 5674 mortem,
