4226 6406
793 857 1172 987 APPENDIX

634 1386 638 1395 ⁸
701 1456 1001 1548 onnseonn
1059 1457 1251 1548 nonin.

354 1759 398 1806 DE
421 1757 600 1806 OPUSCULIS
627 1758 750 1806 DUBIIS.

188 1875 273 1935 Nolui
285 1876 392 1934 baoaria
408 1876 503 1944 certis,
521 1889 575 1932 nec
588 1873 659 1932 salsa
679 1875 755 1933 veris
775 1873 950 1945 admiscera3

154 1979 192 2024 ne
206 1979 293 2038 quarn
314 1965 360 2022 illa
376 1971 519 2020 merentur
534 1971 562 2022 et
576 1963 759 2022 obtinuerunt
773 1963 869 2034 iidem,
885 1978 951 2020 cum

152 2053 248 2112 dubiis
263 2061 399 2112 vocentur
410 2057 437 2108 in
452 2051 579 2110 dubium.
595 2052 717 2110 Proinde
729 2059 883 2126 sequentes
898 2051 951 2110 hos

152 2157 314 2216 sermones,
340 2140 464 2214 binaque
488 2140 533 2200 his
548 2141 657 2200 adnexa
673 2143 808 2214 opuscula
829 2158 845 2200 a
864 2157 949 2214 supe·

152 2231 275 2289 rioribus
292 2231 435 2288 discrevi:
449 2236 604 2302 suppetunt
622 2231 699 2288 enini
721 2232 846 2288 rationes
868 2228 949 2288 dubi·

151 2319 233 2377 tandi
247 2319 282 2376 dc
297 2326 422 2387 auclore,
448 2333 519 2390 quas
537 2317 608 2391 ipsis
623 2318 813 2390 preligemus.
835 2319 895 2377 Nec
907 2326 950 2376 ta-

151 2422 220 2464 men
244 2405 306 2463 heo
321 2408 438 2463 omniuo
459 2405 624 2478 rejicienda,
648 2413 696 2464 aut
724 2407 837 2479 penitus
861 2407 945 2464 omit·

150 2494 239 2554 tenda
255 2494 325 2553 mihi
340 2494 517 2564 videbantur,
531 2493 678 2564 dumerat,
695 2497 743 2566 qui
759 2496 805 2553 illa
819 2496 948 2554 Francis·

151 2600 188 2642 co
208 2583 391 2642 adscriberet.
418 2583 534 2642 llliusna
556 2584 622 2652 sint,
639 2598 676 2640 an
691 2583 817 2654 alterius,
837 2584 951 2642 lectoris

151 2679 215 2731 esto
226 2671 373 2745 judicium.

190 3083 414 3143 saumones
435 3081 598 3143 enavns
619 3084 655 3144 Β.
680 3059 914 3145 nannorsor.

148 3233 261 3292 Notuln
285 3236 311 3290 ct
337 3230 496 3290 testimonio
521 3232 554 3288 dc
580 3232 625 3290 bis
655 3233 828 3290 sermonibus
855 3232 948 3305 dequo,

272 3321 300 3382 S.
322 3320 470 3378 Fronoisci
483 3321 657 3378 sermonibus
677 3321 829 3392 inponere.

187 3446 219 3505 ld
232 3444 301 3503 mihi
316 3443 511 3518 obrepitdubii
520 3445 595 3503 circa
609 3451 754 3502 auctorem
768 3447 947 3516 Sermonum,

149 3535 229 3610 quod
246 3535 337 3593 solum
357 3533 432 3607 apud
452 3533 627 3591 Ludovioum
643 3532 826 3591 liebolladum
842 3535 947 3592 Necte·

148 3627 253 3692 riuum,
270 3637 327 3680 non
346 3629 404 3679 tam
421 3620 590 3690 iocundum,
610 3636 695 3694 quam
710 3619 864 3679 facundum
880 3637 946 3680 nos·

148 3721 259 3771 trorum
275 3726 370 3768 rerum
384 3709 627 3778 concinnatorem,
643 3723 693 3766 eus
710 3709 806 3766 videre
826 3709 946 3779 licuerit,

148 3803 208 3873 lp.
224 3813 341 3857 suornm
365 3797 578 3856 chronicorum.
598 3800 681 3856 Juvat
697 3798 786 3855 etiam
807 3799 946 3870 suspicio·

147 3903 218 3948 nam
243 3887 328 3944 nimis
344 3888 418 3944 culta
437 3894 473 3943 et
498 3891 610 3958 compta
640 3886 794 3958 Hispanico
824 3885 946 3957 phrasis,

148 3977 266 4037 Beticis
292 3975 479 4048 scriptoribus
500 3981 557 4032 tarn
575 3982 668 4048 grata,
687 3989 773 4046 quam
789 3972 945 4045 familiaris,

148 4081 239 4140 quam
251 4081 308 4139 ego
326 4067 454 4122 Latinam
475 4063 593 4122 reddidi.
618 4065 772 4122 Plurimam
789 4071 886 4121 tamen
901 4079 945 4122 re·

146 4155 249 4214 dolent
263 4153 406 4213 Francisoi
416 4153 575 4211 doctrinam
590 4153 785 4225 superioribus
799 4155 948 4226 Opusculis

148 4244 327 4304 adnotatam.
344 4241 516 4302 Crediderim
534 4241 619 4312 ¹hunc
641 4258 675 4300 ex
702 4243 781 4300 vario
804 4243 947 4301 Francisci

146 4334 287 4407 dogmate
301 4331 355 4389 hos
368 4331 403 4389 ad
421 4347 503 4389 suurn
516 4331 665 4403 ingenium
680 4340 707 4389 et
726 4332 829 4404 stylum
850 4331 946 4405 dispo-

144 4425 242 4482 suisse
267 4423 435 4489 Sermones;
463 4421 638 4493 multamque
660 4421 774 4478 illorum
797 4419 947 4478 materiam

146 4511 295 4572 Franciaoi
312 4525 385 4579 esse,
402 4507 524 4566 sormam
538 4523 607 4566 vero
620 4516 648 4566 et
662 4508 878 4581 dispositionem
890 4511 944 4567 lie-

144 4599 262 4660 bolledl.
292 4601 362 4667 Neo,
383 4595 458 4671 quod
485 4596 520 4655 ad
540 4599 692 4655 Sermones
719 4598 833 4666 attinet,
858 4599 946 4655 ullum

145 4697 218 4766 puto
234 4689 346 4746 calamo
363 4695 478 4744 notasse
500 4686 695 4754 Franciscum,
710 4685 761 4744 sed
776 4685 853 4744 serio
872 4702 945 4760 pre·

144 4780 237 4838 misso
251 4777 389 4834 orationis
403 4781 431 4833 et
445 4790 535 4832 sacre
548 4775 700 4847 Scripturas
717 4774 810 4832 studio
832 4773 943 4833 lorven·

143 4877 190 4927 ter
214 4873 376 4929 eructasse,
399 4863 534 4937 quidquid
556 4863 677 4936 Spiritus
704 4863 839 4922 dictabat.
864 4865 946 4937 ipsas

142 4957 233 5016 etiam
264 4954 433 5012 collationes
455 4954 624 5010 monasticos
646 4953 777 5024 superius
794 4953 944 5025 repositas,

143 5059 205 5105 non
223 5052 282 5102 tam
306 5041 454 5110 chartulis,
479 5057 564 5114 quam
585 5040 788 5114 discipulorum
803 5042 945 5100 mentibus

143 5131 376 5199 commendasse,
412 5130 583 5200 existimem,
620 5130 655 5188 ab
693 5131 806 5202 illisque
833 5131 944 5188 calamo

142 5227 332 5296 excepisset
349 5218 384 5276 ad
399 5233 452 5277 nos
464 5219 666 5289 transmissas;
683 5220 722 5277 uti
735 5226 764 5277 et
779 5218 815 5276 de
826 5219 942 5292 quibus-

142 5312 211 5372 dam
235 5309 402 5367 indubitatis
416 5308 476 5366 suis
498 5307 637 5380 Operibus
652 5323 719 5365 suos
736 5307 836 5366 iecisse
854 5306 940 5366 discl-

143 5402 236 5474 pulos,
257 5397 343 5456 relect
358 5395 518 5455 bernardus
532 5398 621 5469 Epist.
647 5398 689 5466 l8,
707 5398 735 5452 in
760 5397 827 5454 llnc.
850 5397 940 5456 Nihil·

144 5490 260 5546 ominus
272 5501 410 5560 magnum
423 5486 518 5558 egisse
528 5485 742 5558 predicatorem
760 5487 942 5544 Francisouru

144 5578 172 5634 in
187 5576 308 5634 diuersis
324 5573 421 5632 mundi
444 5573 547 5646 plagis,
572 5575 599 5630 in
620 5575 681 5645 ipsa
702 5573 779 5642 urbo,
803 5573 879 5632 orbis
892 5591 940 5632 oa-

1006 1741 1074 1813 pite,
1094 1749 1123 1799 et
1142 1743 1171 1799 ln
1200 1757 1340 1801 concessu
1360 1753 1577 1817 purpuratorum
1590 1754 1713 1819 patrum,
1741 1749 1803 1823 ipsc

1005 1845 1102 1888 coram
1122 1831 1259 1889 Pontiiioc
1279 1831 1315 1890 ad
1332 1833 1385 1890 viri
1404 1835 1548 1906 loquelam
1571 1834 1801 1910 obstupescente,

1006 1919 1132 1992 plerique
1147 1919 1272 1980 reiorum
1291 1922 1457 1995 Scriptores.
1481 1925 1575 1982 Unum
1591 1925 1710 1998 subjicio
1724 1925 1801 1983 Tho·

1006 2023 1060 2066 me
1084 2009 1268 2084 spalatensis,
1285 2019 1313 2068 et
1333 2012 1452 2069 alterurn
1474 2014 1589 2071 lienrioi
1608 2014 1706 2074 Willot
1727 2015 1803 2072 testi-

1006 2099 1144 2168 monium,
1164 2108 1194 2158 ut
1217 2101 1316 2172 quales
1341 2099 1446 2159 luerint
1478 2103 1621 2160 Francisci
1650 2105 1803 2162 Sermones

1006 2188 1106 2244 Lector
1129 2187 1280 2260 expendat.

1008 2409 1097 2468 Verbo
1114 2409 1220 2468 Thoosae
1244 2409 1428 2481 Spalatensis,
1454 2411 1524 2469 ciuis
1549 2416 1575 2470 ct
1601 2413 1796 2470 archidiaconi

1039 2499 1159 2554 coolcsioe
1170 2498 1342 2556 cathedralis
1355 2501 1460 2570 Epatii,
1473 2501 1531 2559 sinc
1546 2501 1666 2572 Spoleti,
1677 2502 1710 2558 dc
1719 2502 1803 2560 bento

1040 2587 1381 2658 Franciscoprordioontc.

1039 2739 1102 2812 Ego
1117 2737 1241 2796 Thomas
1254 2738 1325 2796 civis
1340 2738 1515 2812 Spalatensis
1537 2746 1566 2797 et
1582 2739 1801 2800 archidiaconus

1004 2825 1132 2899 eiusdem
1145 2827 1268 2884 civitatis
1283 2826 1455 2885 cathedralis
1469 2827 1608 2899 ecclesie,
1628 2845 1704 2887 anno
1720 2832 1799 2900 lito,

1005 2914 1034 2971 in
1046 2913 1092 2971 die
1104 2914 1317 2988 Assumptionis
1332 2916 1384 2973 liei
1403 2916 1564 2984 Genitriois,
1585 2916 1644 2975 vidi
1666 2919 1694 2976 S.
1709 2920 1798 2975 Fran-

1004 3003 1111 3060 oiscum
1127 3003 1328 3076 predicantem
1344 3004 1490 3073 Bononie,
1503 3006 1537 3061 in·
1548 3003 1608 3062 loro
1628 3012 1695 3063 ante
1707 3007 1798 3064 Sena·

1004 3092 1110 3161 culum,
1126 3091 1173 3148 ubi
1188 3099 1246 3149 tota
1261 3105 1335 3164 poue
1354 3093 1455 3150 civitas
1468 3102 1651 3152 convenerat.
1666 3096 1729 3152 Fuit
1745 3109 1796 3152 au-

1004 3187 1062 3238 tem
1080 3179 1228 3238 exordium
1252 3182 1394 3238 sermonis
1418 3181 1500 3254 ejus:
1517 3183 1631 3256 Angeli,
1654 3181 1799 3254 homines,

1004 3268 1161 3328 demones.
1177 3269 1219 3328 De
1234 3268 1279 3327 his
1292 3276 1387 3328 autem
1401 3269 1548 3344 spiritibus
1562 3273 1599 3330 ita
1611 3271 1686 3330 bene
1698 3281 1727 3330 et
1741 3273 1799 3332 dis·

1003 3356 1092 3416 tinote
1107 3359 1264 3432 proposuit,
1280 3359 1416 3417 utmultis
1426 3359 1583 3418 litterarum
1598 3362 1798 3436 scientiapre·

1004 3446 1070 3504 ditis
1082 3453 1111 3505 et
1123 3448 1231 3504 ornatis
1246 3447 1324 3518 viris,
1351 3447 1398 3520 qui
1419 3447 1546 3508 aderant.
1565 3449 1646 3508 lieret
1662 3464 1719 3508 non
1734 3465 1796 3509 rno-

1004 3534 1074 3592 dice
1100 3533 1297 3593 admirationis
1321 3549 1416 3592 sermo
1446 3535 1571 3593 hominis
1601 3537 1705 3596 idiote.
1732 3539 1797 3596 Non

1003 3631 1099 3681 tamen
1127 3624 1189 3694 ipsa
1216 3621 1332 3681 modum
1357 3623 1538 3694 predicantis
1566 3625 1714 3693 servabat,
1743 3625 1795 3684 sed

1004 3712 1085 3783 quasi
1099 3711 1306 3780 concionantis,
1314 3709 1370 3768 hoe
1384 3718 1437 3779 est,
1446 3711 1563 3770 dimissa
1579 3711 1677 3770 lucosa
1692 3720 1720 3770 ot
1734 3728 1796 3785 spe·

1002 3799 1046 3856 cia
1072 3797 1220 3871 splendida
1243 3797 1423 3870 eloquentia,
1442 3797 1599 3873 discipline
1621 3801 1798 3874 evangelicae

1004 3884 1285 3960 adperpendioulum
1305 3885 1392 3944 verba
1419 3902 1476 3944 non
1500 3887 1701 3962 componebat.
1723 3891 1798 3948 Nam

1002 3982 1060 4034 tota
1083 3974 1145 4049 ejus
1161 3975 1248 4034 viset
1266 3975 1418 4034 verborum
1439 3975 1502 4049 ejus
1520 3977 1610 4034 series
1628 3977 1658 4035 in
1673 3977 1729 4035 hoo
1740 3993 1799 4036 uno

1003 4064 1179 4133 versabatur,
1206 4063 1243 4122 ad
1265 4064 1486 4138 restinguendus
1505 4065 1685 4138 hostilitates,
1704 4075 1733 4124 et
1762 4067 1798 4126 ad

1003 4155 1082 4227 pacis
1094 4151 1201 4210 loedera
1217 4152 1396 4211 reformanda
1414 4171 1421 4212 :
1445 4155 1526 4227 eujus
1540 4153 1655 4216 habitus
1667 4155 1800 4215 sordidus

1001 4249 1072 4310 erat,
1086 4249 1114 4298 et
1126 4242 1259 4310 incultus,
1274 4249 1302 4299 et
1320 4257 1441 4314 persona
1465 4244 1695 4318 contemptibilis,
1710 4253 1737 4304 et
1751 4245 1795 4303 la·

1001 4330 1061 4388 cies
1076 4328 1219 4388 indecora.
1241 4329 1296 4388 Sed
1309 4337 1417 4388 tantam
1435 4333 1511 4390 Deus
1528 4334 1622 4391 verbis
1635 4333 1711 4392 illius
1724 4349 1795 4392 con·

1002 4420 1064 4477 tulit
1084 4418 1253 4488 efficaciam,
1276 4425 1304 4478 et
1325 4419 1464 4478 orationis
1484 4421 1605 4479 nitorem
1629 4420 1741 4492 inludit,
1765 4429 1797 4480 ut

1002 4509 1105 4566 multas
1114 4507 1259 4566 Nobilium
1268 4505 1406 4566 sactiones
1415 4509 1488 4566 inter
1495 4524 1526 4567 se
1537 4509 1723 4568 acerbissimo
1731 4508 1798 4567 odio

1001 4597 1162 4664 sevientes,
1182 4604 1210 4652 et
1233 4597 1375 4654 universe
1390 4596 1551 4676 reipublice
1564 4597 1796 4670 pernicicmnlie·

1001 4692 1107 4754 rentes,
1124 4683 1159 4742 ad
1174 4685 1254 4756 pacis
1268 4685 1450 4742 concordiam
1465 4691 1494 4744 et
1504 4686 1640 4744 unitatem
1654 4685 1738 4744 simul
1750 4685 1796 4742 de·

1000 4773 1125 4830 duceret.
1147 4775 1223 4846 Erga
1237 4775 1330 4846 ipsum
1345 4788 1414 4831 varo
1426 4782 1484 4832 taur
1498 4789 1605 4848 magna
1624 4783 1685 4834 erat
1700 4775 1793 4832 horni-

1000 4877 1068 4919 num
1079 4862 1170 4935 pietas
1186 4869 1214 4922 et
1228 4863 1486 4936 religio,utomncs
1499 4861 1534 4921 ad
1549 4879 1615 4922 eum
1629 4866 1795 4922 catervatim

999 4952 1191 5022 conlluerent3
1212 4959 1240 5008 et
1261 4950 1376 5008 beatum
1402 4967 1434 5008 se
1460 4951 1642 5024 predicabat,
1667 4954 1796 5026 quisquis

1000 5047 1098 5112 posset
1120 5041 1165 5097 vel
1189 5039 1330 5097 limbriam
1360 5041 1522 5098 vestimenti
1548 5042 1610 5115 ejus
1641 5045 1793 5116 attingere.

999 5131 1072 5186 liam
1087 5128 1166 5186 verbi
1180 5129 1232 5186 Dei
1253 5128 1465 5186 annuntiationi
1478 5130 1591 5189 assidue
1606 5146 1723 5204 operam
1741 5147 1794 5190 na-

998 5232 1081 5286 vans,
1094 5225 1205 5276 tantum
1221 5215 1349 5291 proiecit,
1368 5223 1399 5275 ut
1418 5219 1560 5276 innumeri
1576 5220 1707 5294 naulragi
1726 5236 1794 5294 pec·

998 5314 1120 5376 catores,
1135 5306 1163 5362 in
1178 5307 1254 5363 viam
1268 5307 1385 5378 iustitiae
1401 5306 1718 5382 redeuntes,.gregatim
1734 5310 1795 5366 viro

999 5403 1108 5462 sancto,
1122 5409 1174 5451 con
1188 5395 1361 5467 peritissimo
1376 5403 1470 5454 naute
1481 5391 1669 5467 adhaerentis,
1684 5413 1700 5454 n
1714 5404 1792 5453 tene·

998 5483 1056 5541 bris
1077 5484 1162 5554 hujns
1188 5483 1285 5541 inundi
1300 5483 1330 5540 in
1345 5484 1407 5556 ejus
1430 5486 1516 5558 puppi
1535 5487 1664 5544 securius
1681 5485 1717 5542 ad
1730 5485 1795 5541 ooeli

998 5582 1110 5646 portum
1132 5574 1286 5638 transvecti
1302 5574 1367 5630 sint.
1387 5575 1605 5644 (irretimonium
1631 5574 1685 5632 hoo
1708 5573 1794 5632 hubot
