4114 6396
107 293 168 355 977

106 477 319 544 multitudine
333 481 516 560 palmitum
550 501 696 558 suorum,
725 487 758 550 et
785 485 901 548 evulsa

107 579 161 640 θεῖ
173 579 209 638 in
225 578 287 650 ira,
304 579 338 638 in
353 581 543 659 terramque
558 585 717 660 projecta,
735 585 767 645 et
781 585 900 646 ventus

107 691 211 737 urens
235 675 375 737 siccavit
397 675 524 740 tructus
548 682 620 756 ejus
645 697 652 735 :
673 683 898 753 marcuerunt,

104 775 140 833 et
155 772 310 834 arefactae
334 775 412 836 sunt
433 775 538 850 virgae
550 777 680 838 roboris
696 780 768 854 ejus
785 794 793 837 :
810 777 898 852 ignis

105 869 250 950 comedit
264 884 349 941 eam,
366 887 384 930 ε
400 871 477 947 quia
493 872 582 947 ignis
591 874 767 949 superbiae,
782 873 897 934 avari-

102 966 173 1038 ttae,
189 967 223 1028 et
243 965 388 1028 luxuriae
403 967 499 1030 modo
514 969 584 1030 iere
598 971 700 1031 totam
714 971 813 1032 istam
826 971 897 1032 ter-

102 1077 178 1123 ram
191 1063 340 1126 devorat.
839 1113 845 1124 .

145 1159 191 1220 Et
201 1161 429 1235 pertinacem,
446 1169 549 1235 qnam
568 1164 739 1236 plantavit
750 1165 897 1226 deniare

103 1256 178 1328 tua,
194 1257 228 1318 et
241 1271 348 1332 super
361 1259 470 1329 stlitem
483 1261 642 1331 Ιιοθιῖθῖε,
656 1275 757 1334 onem
770 1263 899 1333 constr-

103 1353 212 1414 maan
234 1354 304 1414 tect.
321 1355 427 1414 Vinea
451 1355 597 1431 plantata
620 1357 655 1418 in
678 1355 767 1419 terra
791 1359 896 1420 sterili

103 1448 247 1509 multum
273 1449 453 1512 fructificat
474 1473 483 1512 ε
507 1453 555 1514 sic
587 1453 735 1516 Ecclesia
759 1455 897 1518 multum

101 1545 293 1618 fructificat,
311 1563 384 1624 quae
407 1547 557 1624 plantata
579 1551 631 1612 est
643 1551 679 1612 in
693 1554 797 1625 terra,
811 1552 899 1615 ldest

102 1657 243 1718 corpore
269 1643 401 1706 Christi.
416 1647 462 1706 nt
473 1648 602 1721 pertice
620 1663 709 1722 eam,
734 1650 796 1712 eto.
818 1654 897 1724 Quae

103 1738 261 1800 inchoata
281 1742 331 1802 est
350 1741 579 1818 inprimitivis
594 1745 759 1814 Patribus,
776 1747 896 1824 pertice

101 1850 177 1896 eam
192 1836 372 1913 plantatam
383 1855 484 1916 super
495 1840 617 1901 Filium
630 1842 785 1904 hominis.
799 1845 897 1906 Plan-

101 1934 173 1994 tata
197 1931 358 2011 siquidem
388 1937 438 1998 θεῖ
464 1953 564 2014 super
588 1939 709 2000 Filium
733 1941 894 2016 hominis3

103 2029 192 2091 unde
207 2033 258 2092 θεῖ
271 2047 361 2107 ergo,
379 2033 465 2110 quod
480 2050 545 2097 non
556 2035 674 2098 debeat
681 2036 893 2111 iructilicare,

102 2139 179 2184 oum
194 2126 400 2202 supertotius
411 2129 596 2191 sanctitatis
609 2129 733 2192 iontem
748 2133 792 2194 sit
805 2133 896 2209 plan-

99 2221 171 2282 tata
183 2223 196 2280 l
210 2225 350 2299 Propter
377 2224 440 2285 hcc
459 2228 673 2302 conqueritur
693 2228 729 2289 in
749 2230 895 2292 Jeremia

103 2315 149 2395 (2,
164 2317 218 2398 31)
236 2339 243 2378 r
264 2336 282 2379 e
300 2321 457 2398 Nunquid
475 2323 617 2386 solitudo
639 2323 746 2386 iactus
759 2341 831 2387 sum
847 2330 896 2389 Is-

101 2415 199 2487 raeli,
214 2417 272 2478 aut
281 2418 373 2478 terra
388 2419 534 2480 serotina
545 2421 558 2480 l
571 2436 592 2480 r
607 2421 756 2484 solitudo
768 2424 895 2485 nullum

101 2512 246 2575 fructum
274 2513 352 2577 lacit
382 2534 389 2575 ε
414 2517 518 2578 Terra
546 2519 692 2580 serotina
717 2519 805 2592 iacit,
836 2522 894 2583 sed

101 2609 207 2670 tarde.
231 2611 388 2687 Nunquid
416 2628 507 2689 ergo,
535 2613 616 2676 dicit
643 2615 804 2689 Christus,
833 2633 894 2694 ego

102 2705 182 2766 talis
199 2722 284 2782 sum,
298 2709 355 2784 qui
373 2709 502 2770 nullum
528 2710 649 2773 faciam
670 2711 825 2786 fructum,
841 2715 893 2777 vel

101 2803 197 2864 tarde
211 2802 355 2866 iaciaml
370 2807 471 2878 Quasi
494 2808 583 2870 dicat
599 2830 606 2869 ε
623 2811 708 2872 Non.
727 2811 790 2872 sed
808 2813 893 2889 quod

102 2899 203 2960 vinea
243 2917 309 2964 non
340 2902 421 2965 lacit
453 2903 607 2977 linctum,
641 2907 720 2970 inde
756 2910 823 2982 θεῖ,
859 2913 896 2972 nt

102 2995 185 3058 dicit
198 2998 351 3060 Ezechiel
371 3001 406 3060 in
422 3001 536 3062 eodem
552 3002 615 3082 (19,
633 3006 671 3064 13
681 3005 714 3066 et
729 3004 780 3084 14)
798 3028 805 3067 ι
821 3023 840 3066 a
855 3009 894 3069 Et

102 3109 192 3154 nunc
207 3095 449 3172 transplantata
460 3101 554 3160 estin
566 3099 744 3175 desertum,
758 3104 893 3166 interra

102 3191 208 3260 invia,
234 3194 267 3254 et
287 3193 424 3256 sitienti.
441 3197 480 3257 Et
503 3212 657 3274 egressus
683 3201 734 3262 est
750 3201 838 3276 ignis
853 3202 894 3263 de

101 3288 197 3364 virga
210 3303 377 3352 ramorum
391 3295 474 3369 ejus,
491 3295 547 3370 qui
562 3294 689 3357 tructus
701 3300 773 3374 ejus
789 3315 894 3362 come·

102 3385 152 3446 dit
167 3407 176 3445 ι
191 3386 224 3447 et
248 3402 315 3447 non
337 3388 400 3449 luit
420 3389 454 3449 in
476 3389 636 3467 ea'virga
651 3391 756 3465 fortis,
773 3397 806 3456 et
821 3412 895 3458 sce-

102 3484 212 3558 ptrum
225 3483 500 3545 dominantium».
516 3489 632 3561 Terra,
641 3489 731 3550 invia
737 3493 770 3551 et
777 3493 893 3553 sitiens

103 3580 154 3640 θεῖ
165 3580 306 3640 mundus
321 3581 460 3657 iste,qui
475 3583 613 3660 impedit
631 3587 763 3662 eos,qni
778 3588 895 3648 volunt

103 3677 213 3738 iacere
244 3678 389 3754 aliquem
420 3679 573 3740 fructum.
601 3681 640 3742 Et
667 3697 822 3758 egressus
843 3687 893 3746 est

102 3771 201 3847 ignis,
214 3773 342 3836 scilicet
355 3775 495 3850 peccati,
511 3776 544 3836 et
558 3777 706 3847 malitiae,
721 3783 780 3852 out
793 3783 893 3852 sruc-

102 3870 158 3930 tus
172 3873 337 3942 comedin
353 3872 440 3932 unde
455 3873 604 3949 sequitur
619 3873 756 3935 verbnm
769 3875 891 3950 debile,

102 3967 136 4027 et
149 3967 310 4038 terribile,
329 3968 457 4030 scilicet
470 3961 510 4028 i«
524 3969 682 4031 Planctus
706 3975 766 4044 est,
788 3973 894 4034 eterit
912 3961 916 3976 '

102 4063 137 4122 in
153 4062 321 4138 planctum
336 4081 365 4124 a.
383 4066 641 4142 Transplantata
665 4067 827 4144 siquidem
843 4069 894 4130 θεῖ

100 4159 895 4242 indeserto,inamorenrundi,desertoaDeigra·

100 4255 160 4325 tia,
171 4256 227 4332 qui
241 4257 382 4321 mundus
396 4263 447 4323 θεῖ
455 4263 545 4322 terra
562 4261 664 4332 invia,
681 4262 828 4324 viatores
841 4267 860 4325 J
863 4280 894 4324 e-

101 4353 248 4414 rusalem
263 4354 462 4430 impediens3
478 4359 512 4419 et
521 4359 650 4430 sitiens,
670 4361 748 4436 quia
765 4361 893 4422 aridae

101 4461 179 4508 rore
193 4450 320 4523 gratiae,
343 4453 375 4512 θῖ
397 4452 475 4512 inde
494 4455 663 4528 egreditur
684 4457 774 4532 ignis
795 4457 895 4518 mali-

101 4543 170 4611 tiae,
202 4547 235 4606 et
266 4546 408 4608 comedit
438 4549 592 4621 fructum,
629 4568 726 4629 quern
759 4553 895 4616 deberet

102 4642 253 4704 Ecclesia
272 4644 393 4706 facere.
420 4646 460 4705 Et
482 4645 532 4706 ita
553 4661 619 4708 non
634 4649 684 4710 est
699 4649 838 4728 iortisin
854 4665 893 4712 ea

102 4739 260 4816 perbona
279 4755 393 4816 opera,
410 4755 472 4804 nec
484 4741 604 4817 dignus
619 4744 757 4805 dominii
772 4748 896 4822 praela-

101 4836 204 4909 tione,
218 4837 275 4899 sed
292 4839 342 4900 est
356 4838 520 4916 planctus,
536 4839 569 4900 et
583 4839 655 4918 ipsa
671 4843 735 4903 erit
749 4843 785 4902 in
798 4844 896 4920 plan-

102 4937 203 5002 ctum.

492 300 600 362 Pane
631 300 774 364 PRIMA.
795 328 835 347 —-
855 299 1073 364 EXPOSITIO
1096 301 1140 365 IN
1162 253 1370 366 Psanites·

1686 305 1747 368 978

1226 491 1366 552 SERMO
1395 489 1485 552 CLV.

955 625 996 682 lle
1011 625 1096 682 Beate
1109 625 1245 700 Virgine3
1262 627 1297 684 de
1318 627 1407 685 trihus
1426 625 1664 698 solemnitatibus,
1686 645 1749 702 que

989 711 1095 771 fiebant
1124 715 1154 772 in
1173 716 1263 772 veteri
1278 717 1476 787 Testament03
1498 723 1527 773 et
1545 714 1580 773 de
1599 717 1749 774 vocatione

989 801 1114 858 Domini.

953 925 1138 987 Buccinate
1166 930 1203 987 in
1230 931 1421 990 nicomedia
1450 929 1539 1000 traha,
1561 932 1599 988 in
1621 931 1750 1004 insipat

1012 1025 1066 1084 die
1085 1025 1314 1085 solemnitatis·
1334 1027 1472 1087 eesirce.
1491 1024 1559 1104 (Ps.
1576 1025 1626 1096 80,
1642 1023 1689 1104 4.)

992 1163 1175 1224 Neomenia
1195 1165 1282 1226 idem
1307 1167 1414 1234 sonat,
1431 1165 1516 1244 quod
1539 1180 1626 1227 nova
1641 1167 1721 1228 luna
1737 1145 1754 1228 εΔ

951 1259 1044 1322 Ncos
1058 1260 1148 1321 enlm
1163 1277 1285 1322 novum
1299 1279 1307 1335 ;
1322 1277 1452 1334 menes,
1473 1262 1537 1324 hoc
1551 1263 1601 1324 est
1614 1263 1747 1324 initium

952 1356 1089 1417 mensis.
1113 1357 1173 1418 Vel
1200 1359 1381 1420 secundum
1407 1359 1508 1419 aliam
1526 1358 1670 1419 litteram
1686 1356 1745 1436 (1),

951 1453 1133 1515 Buccinete
1154 1454 1189 1514 in
1203 1455 1300 1517 initio
1320 1456 1455 1516 mensis.
1469 1455 1527 1516 Est
1540 1470 1619 1530 ergo
1633 1454 1749 1516 hucoi-
1875 1455 1876 1460 ’

952 1550 1097 1612 nandum
1124 1552 1160 1611 in
1183 1552 1308 1613 mensis
1335 1552 1453 1626 initio,
1479 1552 1515 1612 in
1543 1553 1743 1614 accensione

951 1645 1055 1722 lunae3
1071 1647 1106 1707 in
1121 1647 1314 1710 accessione
1334 1649 1422 1711 enim
1437 1649 1519 1710 solis
1538 1648 1576 1709 nt
1590 1649 1744 1710 accensio

951 1741 1051 1804 lunae.
1076 1746 1142 1804 Per
1165 1744 1280 1805 lunam
1304 1745 1409 1820 igitur
1435 1744 1634 1821 intelligitur
1648 1743 1746 1806 beata

950 1838 1063 1914 Virgo,
1080 1840 1122 1901 ad
1146 1855 1243 1916 quam
1268 1842 1448 1904 accedente
1461 1841 1571 1904 Verbo
1585 1841 1656 1914 Dei,
1670 1841 1745 1902 iac-

950 1935 1019 1996 tum
1045 1938 1096 1999 θεῖ
1120 1937 1252 1998 initium
1281 1938 1495 2014 perfectionis
1521 1939 1654 2000 nostrae.
1681 1940 1747 2000 Per

950 2031 1055 2094 solem
1073 2033 1273 2110 intelligitur
1296 2036 1401 2096 Filius
1423 2035 1494 2096 Dei.
1510 2037 1599 2096 Bene
1615 2049 1694 2110 ergo
1709 2033 1746 2095 nt

950 2130 1104 2190 accensio
1119 2131 1219 2199 lunae,
1240 2131 1328 2195 idest
1347 2131 1453 2194 heatae
1468 2132 1616 2207 Virginis
1639 2131 1674 2191 in
1687 2146 1747 2192 ac-

951 2241 1046 2287 cessu
1075 2227 1168 2299 solis,
1195 2227 1283 2290 idest
1306 2229 1341 2288 in
1357 2229 1572 2304 conceptione
1591 2227 1744 2304 Domini,

950 2322 1038 2384 unde
1050 2324 1147 2384 Isaiae
1156 2323 1220 2402 (66,
1230 2323 1300 2404 23).
1313 2326 1412 2386 «Erit
1426 2325 1550 2386 mensis
1565 2338 1608 2385 ex
1617 2339 1742 2395 mense,

949 2420 982 2480 et
997 2419 1169 2482 sabbatum
1193 2436 1237 2481 ex
1258 2420 1439 2489 sabbate»
1463 2421 1533 2482 Erit
1555 2420 1680 2482 mensis
1701 2435 1744 2481 ex

949 2531 1075 2588 mense,
1088 2519 1166 2593 quia
1181 2517 1340 2594 perfectio
1355 2518 1512 2582 Ecclesiae
1531 2519 1582 2580 θεῖ
1597 2534 1639 2579 ex
1659 2533 1741 2594 per-

949 2611 1092 2674 rectione
1106 2614 1211 2676 heatae
1226 2615 1391 2690 Virginis3
1409 2617 1442 2676 et
1454 2614 1528 2676 ideo
1541 2637 1549 2674 ε
1563 2615 1743 2675 Buccinate

948 2709 984 2769 in
1010 2711 1195 2774 Neomenia
1221 2711 1312 2773 tuba.
1341 2712 1568 2774 Ecclesiasticl
1592 2709 1657 2791 (43,
1681 2708 1741 2790 7):

948 2806 1100 2868 «Aluna
1116 2809 1248 2884 signum
1269 2809 1336 2869 diei
1360 2809 1446 2880 lasti,
1463 2809 1638 2879 luminare,
1656 2807 1742 2885 quod

949 2905 1742 2981 minuiturinconsummatione.»Alunasignum

948 3001 1015 3062 diei
1030 3001 1121 3074 lasti,
1139 3003 1225 3064 idest
1244 3019 1263 3064 a
1285 3005 1500 3079 conceptione
1510 3002 1616 3064 heatae
1630 3002 1743 3076 Virgi-

949 3098 1012 3170 nis,
1032 3100 1163 3175 quando
1189 3088 1295 3163 Filius
1320 3101 1380 3162 liei
1402 3101 1579 3176 conceptus
1605 3100 1666 3167 est,
1687 3099 1742 3160 nel

949 3195 1080 3271 quando
1096 3197 1167 3273 ipsa
1183 3199 1260 3259 nata
1276 3199 1337 3269 est,
1355 3195 1428 3275 quae
1448 3211 1535 3261 nova
1557 3197 1634 3258 luna
1653 3196 1743 3256 dici-

948 3293 1003 3353 tur
1017 3307 1090 3354 esse
1101 3294 1234 3357 initium
1245 3295 1359 3369 gaudii
1372 3295 1489 3356 nostri.
1504 3297 1577 3371 Ipsa
1589 3294 1641 3355 est
1650 3293 1741 3365 luna,

949 3404 1022 3465 qtrae
1043 3390 1205 3452 minuitur
1228 3409 1248 3453 a
1269 3391 1395 3453 lumine
1416 3392 1483 3453 diei
1504 3390 1591 3463 festi,
1617 3390 1704 3452 idest
1723 3405 1742 3452 a

949 3487 1124 3550 sanctitate
1151 3489 1228 3549 Filii
1257 3489 1327 3550 Dei.
1351 3492 1427 3564 Ipsa
1454 3488 1631 3560 luminare,
1656 3487 1742 3564 quod

948 3583 1120 3654 minuitur,
1152 3585 1283 3659 quando
1311 3585 1501 3645 humilitate
1528 3586 1580 3645 est
1604 3584 1741 3644 dicens=

948 3681 1035 3739 Ecce
1062 3683 1185 3740 ancilla
1212 3683 1361 3754 Domini,
1385 3682 1447 3742 etc.
1478 3678 1602 3759 (Lucae,
1630 3682 1659 3752 1',
1675 3677 1741 3756 38).

948 3776 1103 3836 «Mensis
1134 3776 1197 3836 iste
1226 3776 1407 3836 secundum
1437 3791 1557 3837 nomen
1582 3780 1654 3852 eJ'us
1674 3779 1739 3848 θεῖ,

948 3885 1102 3933 crescens
1126 3871 1326 3934 mirabiliter
1352 3873 1386 3933 in
1409 3873 1743 3935 consummatione.»

949 3959 1132 4046 (Eccl.,'43,
1149 3967 1195 4048 8.)
1211 3971 1281 4030 Hoc
1296 3968 1384 4030 enim
1399 3971 1496 4031 sonat
1515 3983 1637 4030 nomen
1657 3971 1742 4045 ejus,

948 4067 1075 4138 Morio,
1088 4065 1175 4143 quod
1190 4065 1312 4127 dicitur
1326 4081 1452 4138 amara,
1469 4067 1548 4143 quia
1562 4081 1605 4127 ex
1618 4066 1746 4128 amari-

948 4161 1063 4223 tudine
1078 4161 1208 4232 mentiS,
1225 4162 1258 4223 et
1273 4161 1476 4238 poenitentiae
1489 4161 1622 4222 initium
1635 4163 1696 4232 est,
1711 4161 1745 4222 θῖ

949 4257 1108 4334 perfectio
1128 4259 1205 4320 vitae
1218 4258 1324 4330 honae,
1340 4258 1376 4318 in
1392 4258 1456 4320 hcc
1468 4259 1617 4336 tempore
1633 4261 1743 4320 autem

949 4354 1150 4416 mirabiliter
1175 4355 1298 4416 crescit
1312 4355 1354 4416 ad
1376 4355 1612 4432 perlectionem
1625 4356 1745 4418 iuturae

948 4452 1146 4526 gloriarer
1161 4451 1279 4513 aliter:
1293 4455 1388 4513 Luna
1403 4452 1535 4529 quando
1550 4451 1744 4514 accenditur

948 4547 1065 4622 asole,
1081 4563 1211 4625 semper
1226 4549 1405 4610 revertitur
1419 4548 1478 4609 lux
1499 4548 1586 4608 lunae
1608 4548 1649 4608 ad
1670 4549 1742 4609 ter·
1849 4569 1854 4576 ·

948 4661 1037 4718 ram;
1053 4661 1131 4707 nam
1144 4648 1221 4706 ante
1236 4647 1468 4706 accensionem
1483 4645 1542 4705 lux
1557 4645 1644 4704 lunae
1656 4645 1745 4705 lucet

948 4757 1065 4802 versus
1080 4741 1200 4803 coelum
1215 4764 1222 4802 ε
1235 4743 1284 4803 εἰθ
1295 4742 1426 4819 quando
1440 4743 1545 4802 Filius
1556 4741 1615 4802 Dei
1629 4740 1744 4830 incar·

949 4840 1047 4900 natus
1062 4843 1113 4900 est
1125 4840 1165 4900 de
1179 4838 1276 4901 beata
1289 4839 1439 4914 Virgine,
1449 4838 1560 4898 lumen
1573 4853 1669 4898 suum
1684 4853 1745 4914 per

949 4937 1056 5012 ipsam
1080 4937 1121 4998 ad
1147 4953 1207 4998 nos
1230 4937 1405 5006 convertit,
1423 4935 1478 5011 qui
1499 4935 1650 5010 cognitus
1673 4936 1747 4996 erat
1789 4934 1796 4946 '

948 5035 1077 5095 tantum
1098 5034 1252 5108 Angelis3
1279 5033 1367 5093 unde
1391 5031 1574 5093 Ezechielis
1599 5029 1643 5110 (1,
1662 5029 1742 5108 27):

825 5137 829 5146 ⁴
949 5131 1054 5191 «Vidi
1064 5131 1159 5207 quasi
1173 5131 1317 5208 speciem
1330 5129 1457 5200 electri,
1470 5129 1562 5192 velut
1574 5129 1745 5204 aspectum

138 5483 179 5552 (l)
200 5479 360 5538 Secundum
383 5481 467 5538 aliam
490 5483 626 5552 litteram,
649 5490 703 5540 eto.
720 5484 822 5542 Versio
840 5485 891 5557 Sy·

101 5551 178 5610 riace
187 5551 258 5624 legit
270 5567 276 5606 :
289 5551 418 5624 clangite
436 5553 570 5611 cornibus
590 5554 671 5612 initio
687 5553 829 5612 mensium
835 5569 845 5625 3
867 5562 895 5611 et

101 5621 240 5684 Arabica:
254 5622 383 5696 clangite
396 5621 485 5684 initiis
500 5625 641 5682 mensium
655 5619 794 5695 buccina;
808 5625 894 5683 Sanc·

949 5228 1048 5304 ignis,
1077 5229 1279 5290 intrinsecus
1303 5241 1363 5303 per
1390 5226 1566 5289 circuitum
1594 5227 1666 5302 ejus
1688 5245 1695 5285 :
1715 5229 1745 5286 A

949 5325 1070 5386 lumbis
1099 5329 1183 5402 eiua,
1208 5327 1241 5386 et
1264 5324 1416 5401 desuper,
1433 5326 1466 5386 et
1486 5340 1505 5386 a
1529 5322 1651 5384 lumhis
1672 5324 1745 5398 ejus

949 5491 995 5541 tus
1009 5499 1078 5540 vero
1092 5483 1279 5555 Augustinus,
1297 5483 1427 5540 Enarrat.
1448 5485 1477 5541 in
1492 5483 1568 5542 hunc
1582 5485 1743 5542 Psalmnm:

949 5554 1026 5612 luha
1042 5555 1136 5615 canite
1151 5555 1180 5610 in
1197 5554 1277 5611 initio
1292 5554 1407 5612 niensis.
