4158 6380
99 241 145 303 97

99 398 290 476 Perpende
304 399 437 476 quantae
456 398 557 462 tuerit
570 387 622 462 vi'r
643 401 706 462 iste
725 400 910 473 munditiae,

103 496 316 574 quantaeque
337 496 481 568 virtutis
509 497 551 558 ad
578 501 672 575 cujus
687 500 802 560 nutum
816 513 912 558 suurn

105 591 205 668 ignis
226 593 380 654 ardorem
401 595 637 671 contemperat,
659 611 745 672 aqua
760 591 912 671 saporem

103 673 307 761 commutat,
333 691 484 766 angelica
512 691 637 767 praebet
660 693 803 754 molodia
823 693 913 752 sola·

103 785 212 858 tium,
225 788 258 850 et
271 787 330 848 lux
354 787 467 850 divina
482 789 648 860 ducatum,
666 791 702 850 ut
723 791 772 850 sio
788 790 913 850 saneti-

105 883 227 944 ficatis
239 883 312 946 Viri
328 885 435 946 sancti
455 885 619 958 sensibus,
634 887 742 948 oannis
755 887 913 963 probetur

107 981 235 1041 mundi
250 981 406 1042 machina
419 982 600 1051 deservire.

404 1223 540 1285 CAPUT
568 1225 623 1286 VI.

106 1390 161 1449 De
174 1391 383 1462 hacmttttota,
397 1391 430 1452 et
443 1393 644 1464 obedientia,
656 1393 690 1453 et
703 1395 910 1453 condescen-

160 1489 321 1552 sionibus
335 1489 462 1549 dtatnts
476 1492 541 1550 stbt
555 1491 657 1564 tactis
670 1491 716 1550 ud
727 1490 860 1550 entrare.

149 1663 311 1724 Omnium
322 1663 589 1727 virtutumdecor
603 1667 636 1727 et
650 1666 762 1728 custos
774 1666 912 1726 bumili-

104 1761 162 1821 tas
181 1760 321 1836 copiosa
335 1761 445 1823 virum
467 1764 527 1823 Dei
542 1763 692 1825 ubertate
712 1763 908 1839 repleverat.

106 1859 147 1917 In
159 1858 301 1932 propria
309 1858 658 1935 quidemreputatione
668 1860 754 1921 nihil
765 1861 909 1921 eratnisi

107 1956 283 2030 peccator,
296 1971 370 2015 curn
384 1956 419 2015 in
435 1956 574 2018 veritate
587 1957 758 2033 speculum
773 1958 862 2018 esset
878 1959 911 2019 et

106 2051 275 2126 splendor
284 2052 480 2114 omnimoda
493 2055 690 2116 sanctitatis.
707 2057 814 2130 Super
823 2053 910 2114 hanc

106 2147 243 2209 studuit
257 2149 423 2212 aediilcare
434 2151 590 2226 seipsum,
606 2152 642 2212 ut
657 2153 790 2228 sapiens
803 2153 910 2213 archi·

106 2245 235 2316 tectus,
261 2245 511 2310 tundamentum
538 2248 746 2324 praejaciens,
777 2249 908 2325 quoda

108 2341 250 2404 Christo
266 2343 438 2404 didicerat.
466 2344 603 2406 Dicebat
619 2347 753 2421 propter
767 2345 831 2406 hoe
853 2347 910 2406 Fi-

106 2439 194 2498 lium
211 2440 274 2500 Dei
287 2439 327 2500 de
342 2441 517 2502 altitudine
530 2441 622 2502 sinus
635 2443 764 2520 paterni
775 2443 817 2503 ad
831 2459 910 2504 nos-

104 2535 160 2597 tra
177 2535 400 2612 despicabilia
415 2538 638 2607 descendisse,
659 2540 775 2600 uttam
791 2555 908 2602 exem-

108 2633 178 2708 plo,
194 2647 297 2708 quam
313 2633 425 2706 verbo,
442 2637 600 2696 Dominus
616 2637 649 2696 et
667 2635 827 2712 Magister
846 2638 909 2703 ltu-

107 2729 290 2791 militatem
306 2730 449 2793 doceret.

147 2829 296 2904 Propter
317 2829 404 2904 quod
429 2829 580 2891 studebat
605 2832 762 2908 tanquam
786 2831 906 2893 Christi

107 2922 299 3000 discipulus
319 2925 353 2984 in
378 2927 485 2986 oculis
508 2928 578 2987 suis
599 2930 633 2988 et
653 2929 795 2990 aliorum
812 2930 909 2990 viles-

107 3015 198 3086 cere,
215 3035 241 3080 a
253 3035 381 3082 summo
402 3021 525 3083 dictum
541 3037 616 3084 esse
630 3025 790 3100 Magistro
812 3041 906 3086 com-

107 3131 307 3177 memorans
322 3139 329 3176 ι
346 3120 440 3184 Quod
451 3109 559 3180 attunt
569 3122 621 3182 est
635 3125 726 3196 apud
740 3127 906 3193 ltomtncS,

105 3215 324 3274 abominatio
341 3217 393 3276 est
407 3220 618 3290 apadDeum
634 3216 824 3296 (Luc.,xv1,
842 3219 905 3298 15).

106 3309 214 3373 Sedet
228 3305 368 3371 verbum
381 3311 562 3376 bocdicere
573 3315 691 3376 solitus
703 3318 776 3377 erat
786 3337 792 3376 :
802 3319 909 3388 Quan-

107 3407 176 3468 tum
188 3408 295 3468 bomo
310 3410 361 3471 est
374 3409 410 3469 in
425 3412 531 3472 oculis
555 3413 626 3484 Dei,
649 3414 777 3475 tanturn
799 3417 860 3487 est,
875 3420 909 3476 et

109 3519 175 3564 non
202 3505 297 3582 plus.
324 3505 467 3568 Stultum
492 3509 798 3586 proindeJudicans
816 3527 908 3572 mun·

110 3601 207 3662 danis
240 3603 357 3665 extolli
381 3603 561 3676 favoribus,
585 3606 751 3680 gaudebat
773 3607 814 3670 de
842 3623 906 3685 op-

110 3697 268 3774 probriis,
285 3701 319 3760 et
333 3700 374 3760 de
388 3701 541 3762 laudibus
554 3702 760 3766 tristabatur.

150 3795 299 3858 Malebat
319 3797 452 3873 quidem
480 3797 520 3858 de
548 3813 585 3858 se
607 3800 808 3876 vituperium
840 3819 906 3863 au-

112 3891 183 3952 dire
208 3908 311 3970 quam
339 3894 487 3966 laudem,
514 3897 623 3956 sciens
651 3898 736 3974 quod
773 3900 837 3961 hoc
864 3901 906 3960 ad

112 3991 355 4052 emendandum
377 3992 559 4066 induceret,
584 3995 642 4055 illa
666 3996 708 4055 ad
723 3996 906 4057 cadendum

112 4085 309 4163 impelleret.
327 4089 453 4150 ntideo
468 4106 556 4166 saepe
569 4107 644 4151 cum
657 4093 771 4168 populi
787 4096 906 4156 merita

112 4181 147 4241 in
168 4199 207 4245 eo
237 4185 426 4246 sanctitatis
450 4188 659 4260 extollerent,
693 4190 907 4266 praecipiebat

114 4279 214 4340 alicui
229 4282 338 4354 fratri,
355 4283 439 4344 utin
461 4285 665 4346 contrarium
681 4286 781 4347 verba
797 4288 905 4364 ipsum

113 4375 309 4440 vilificantia
322 4380 392 4439 suis
405 4380 542 4440 auribus
557 4382 755 4444 inculcando
769 4385 903 4461 proser-

113 4474 173 4534 ret.
197 4477 344 4554 Cumque
368 4477 473 4540 irater
492 4479 549 4539 ille
578 4480 657 4542 licet
677 4482 801 4544 invitus
828 4499 905 4544 eum

113 4571 284 4645 rusticum,
305 4575 338 4635 et
363 4577 618 4648 mercenarium,
639 4577 673 4638 et
687 4577 838 4641 inutilem
854 4581 906 4641 di-

114 4656 212 4740 c'eret,
229 4670 438 4734 exhilaratus
468 4675 535 4733 tam
564 4669 674 4735 mente
698 4692 796 4752 quam
819 4676 905 4739 facie

113 4766 356 4840 respondebat:
373 4769 552 4832 Benedicat
572 4771 632 4834 tibi
661 4774 832 4846 Dominus,
857 4776 904 4835 tili

114 4861 301 4936 carissime,
327 4866 404 4941 quia
430 4867 466 4928 tu
489 4867 666 4928 verissima
688 4869 846 4946 loqueris,
873 4874 906 4933 et

114 4955 193 5018 talia
217 4961 322 5022 lilium
346 4963 437 5023 Petri
466 4965 690 5027 Bernardonis
718 4966 817 5029 decet
839 4985 903 5030 au·

115 5051 195 5114 dire.
208 5058 250 5118 ut
265 5060 374 5120 autem
386 5075 421 5119 se
436 5061 566 5122 caeteris
576 5063 812 5138 despicabilem
827 5066 906 5126 red·

114 5145 213 5222 deret,
224 5169 289 5214 non
303 5156 460 5231 parcebat
477 5158 605 5228 rubori,
623 5160 705 5236 quin
724 5161 759 5220 in
781 5163 906 5238 praedi·

114 5247 240 5310 catione
255 5267 367 5312 coram
382 5253 472 5312 omni
489 5255 610 5331 populo
626 5258 780 5333 proprios
792 5259 903 5320 mani-

115 5337 248 5410 restaret
259 5347 418 5410 detectus.

152 5543 190 5616 (l)
205 5547 269 5606 Cot.
287 5550 352 5609 edit.
368 5566 454 5610 verae.

256 5687 370 5732 rimor.
391 5691 464 5734 rona
483 5680 531 5737 Vl.

686 236 1009 306 PROLEGOMENA.
1032 273 1072 292 -
1092 245 1201 306 VITA.
1723 244 1763 304 98

1006 403 1136 466 Accidit
1166 401 1288 475 semel,
1312 401 1348 462 ut
1368 397 1561 491 infirmitate
1589 387 1780 474 gravatus,¹

967 499 1112 575 rigorem
1127 499 1335 561 abstinentiae
1351 513 1410 574 pro
1423 496 1650 572 recuperanda
1667 497 1762 556 sani-

966 598 1034 658 tate
1070 597 1235 656 modicnm
1270 597 1449 656 relaxaret.
1482 594 1616 654 Viribus
1651 595 1762 654 autem

961 694 1116 770 eorporis
1150 695 1327 769 utcumque
1359 691 1548 768 resumptis,
1579 705 1677 752 verus
1709 691 1762 750 sui

968 792 1185 867 contemptor,
1210 791 1252 850 ad
1275 791 1417 866 propriae
1452 789 1563 849 carnis
1593 789 1763 876 anirnatus

966 888 1180 965 opprobrium
1199 908 1205 946 :
1223 887 1297 947 Non
1320 887 1380 958 est,
1405 885 1523 962 inquit,
1547 886 1760 956 conveniens,

966 988 1003 1046 ut
1023 985 1164 1062 populus
1186 983 1408 1044 abstinentem
1424 997 1476 1043 me
1498 983 1622 1053 credat,
1645 983 1679 1044 et
1700 997 1761 1058 ego

966 1097 985 1142 e
1015 1082 1184 1142 contrario
1205 1081 1387 1141 carnaliter
1407 1079 1542 1140 reficiar
1562 1081 1597 1139 in
1618 1079 1760 1141 occulto.

968 1179 1120 1240 Surrexit
1132 1179 1318 1254 propterea,
1335 1177 1457 1236 sanctae
1474 1175 1671 1244 humititatis
1692 1177 1762 1254 spi-

967 1275 1033 1336 ritu
1062 1275 1297 1342 inflammatus,
1334 1274 1367 1335 et
1401 1274 1434 1333 in
1472 1273 1581 1349 platea
1615 1273 1761 1333 civitatis

965 1373 1086 1434 Assisii
1110 1373 1233 1450 populo
1259 1370 1452 1442 convocato,
1470 1369 1663 1431 solemniter
1686 1385 1761 1429 cum

966 1469 1124 1532 iratribus
1151 1469 1282 1541 multis,
1311 1485 1393 1546 quos
1423 1483 1535 1529 secum
1565 1467 1759 1538 adduxerat,

966 1570 1126 1644 majorem
1154 1568 1306 1630 introivit
1331 1566 1524 1638 ecclesiam,
1547 1565 1691 1642 tuncque
1719 1565 1760 1624 ad

966 1665 1086 1726 collum
1098 1665 1210 1740 ligate,
1226 1664 1350 1724 nudum
1362 1679 1436 1724 cum
1451 1661 1666 1723 femoralibus
1679 1662 1760 1722 solis
1843 1681 1857 1696 =

965 1763 1001 1822 in
1016 1763 1121 1823 oculis
1143 1761 1290 1823 omnium
1313 1777 1348 1822 se
1369 1761 1459 1822 trahi
1482 1760 1633 1836 praecipit
1656 1775 1761 1836 usque

965 1859 1006 1921 ad
1027 1859 1182 1936 lapidem,
1205 1859 1326 1935 inquo
1349 1857 1579 1943 malefactores
1601 1857 1759 1933 puniendi

965 1957 1207 2018 consueverant
1222 1955 1390 2016 collocari.
1416 1957 1521 2030 Super
1537 1970 1632 2030 quem
1656 1969 1758 2014 cons-

964 2055 1119 2128 cendens,
1137 2055 1214 2115 licet
1229 2054 1447 2130 qttatanarius
1463 2053 1560 2122 esset,
1578 2052 1611 2112 et
1626 2051 1756 2121 debilis,

964 2151 1076 2212 acerbi
1096 2147 1232 2227 trigoris
1253 2153 1401 2226 tempore
1423 2165 1497 2210 cum
1520 2149 1623 2210 multo
1643 2150 1758 2224 vigore

964 2249 1067 2310 animi
1093 2248 1303 2324 praedicavit,
1328 2245 1604 2322 audientibusque
1631 2247 1758 2311 cunctis

963 2346 1107 2408 asseruit
1120 2361 1155 2406 se
1170 2361 1236 2406 non
1252 2347 1408 2421 tanquam
1425 2344 1634 2420 spiritualem
1650 2343 1759 2403 hono-

964 2443 1105 2504 randum
1127 2441 1209 2510 iore,
1233 2442 1380 2518 quinimo
1395 2442 1552 2516 tanquam
1575 2439 1755 2510 carnalem,

963 2544 996 2602 et
1016 2539 1203 2615 glutonem,
1226 2539 1267 2599 ab
1289 2537 1442 2598 omnibus
1464 2537 1754 2598 contemnendum.

963 2638 1068 2712 Igitur
1093 2637 1151 2713 qui
1176 2637 1416 2706 convenerant,
1441 2636 1508 2695 tam
1533 2634 1660 2709 ingenti
1684 2635 1757 2694 viso

963 2734 1163 2810 spectaculo,
1174 2732 1328 2793 admirati
1340 2734 1427 2803 sunt,
1439 2731 1559 2808 etquia
1570 2732 1758 2808 ipsiusaus·

962 2832 1128 2894 taritatem
1151 2833 1222 2907 jam
1249 2831 1429 2899 noverant,
1459 2828 1635 2890 devotione
1661 2843 1756 2891 com-

963 2930 1096 3006 puncti,
1142 2921 1364 2988 hum'ilitatem
1416 2925 1606 3000 hujusmodi
1651 2926 1756 3000 magis
1809 2921 1815 2930 '

963 3025 1203 3097 admirabilem,
1227 3041 1325 3101 quam
1349 3022 1544 3084 imitabilem
1569 3023 1766 3100 proclama-¹

962 3125 1051 3186 bant.
1075 3123 1168 3184 Licet
1190 3123 1301 3183 autem
1323 3121 1356 3181 id
1381 3121 1487 3196 magis
1502 3120 1655 3182 videatur
1671 3135 1754 3195 por-

961 3223 1088 3284 tentum
1112 3219 1215 3281 fuisse
1239 3220 1347 3280 instar
1365 3217 1570 3295 prophetalis
1591 3217 1754 3288 vaticinii,

962 3333 1061 3396 quam
1076 3318 1275 3394 exemplum,
1292 3317 1403 3378 tamen
1417 3329 1496 3376 vere
1512 3312 1559 3392 (1)
1573 3314 1755 3376 documen-

961 3418 1031 3478 tum
1043 3415 1154 3477 extitit
1163 3413 1361 3476 humilitatis
1373 3411 1541 3489 periectas,
1553 3427 1618 3489 quo
1631 3412 1755 3474 Christi

962 3513 1106 3574 sectator
1125 3512 1303 3574 instruitur
1318 3510 1519 3572 transitoriae
1540 3509 1649 3570 laudis
1665 3525 1755 3585 prae·

962 3610 1094 3671 conium
1116 3609 1237 3670 dehere
1257 3607 1482 3679 contemnere,
1502 3607 1657 3668 tumentis
1673 3622 1759 3682 quo-

962 3723 1025 3782 que
1044 3706 1216 3782 jactantiae
1239 3704 1457 3779 comprimere
1472 3703 1605 3774 tastum,
1618 3704 1652 3762 et
1664 3700 1757 3760 irau-

961 3803 1103 3863 dulentae
1115 3801 1338 3862 simulationis
1350 3774 1752 3860 mendacium'tonsutare.

961 3900 1065 3960 Multa
1079 3897 1210 3975 quidem
1225 3898 1260 3957 in
1275 3897 1363 3956 hunc
1374 3895 1507 3956 modum
1523 3895 1645 3973 saepius
1658 3893 1756 3956 tacie-

961 3997 1032 4068 bat,
1063 3997 1099 4056 ut
1126 3994 1274 4056 exterius
1306 3995 1464 4069 tanquam
1503 4008 1562 4054 vas
1591 3993 1755 4068 perditum

962 4093 1067 4165 tieret,
1083 4094 1116 4154 ei
1142 4088 1418 4153 sanctificationis
1440 4090 1593 4166 spiritum
1613 4089 1754 4151 interius
1854 4139 1859 4148 .

961 4192 1157 4269 possideret.

1002 4289 1160 4350 studebat
1181 4288 1280 4350 etiam
1302 4286 1389 4347 bona
1411 4285 1542 4346 Domini
1558 4285 1610 4346 sui
1628 4299 1753 4346 arcano

960 4386 1103 4464 pectoris
1116 4385 1269 4455 condere,
1279 4385 1396 4444 nolens
1407 4385 1521 4459 patere
1532 4383 1658 4458 gloriae,
1667 4383 1753 4460 quod

960 4485 1071 4561 posset
1085 4481 1217 4544 occasio
1234 4496 1309 4542 esse
1331 4480 1449 4540 ruinae.
1473 4481 1558 4540 Nam
1576 4495 1664 4556 saepe
1679 4495 1754 4540 cum

960 4581 1207 4642 beatificaretur
1230 4594 1250 4638 a
1278 4576 1438 4654 pluribus,
1466 4576 1604 4638 verbum
1633 4577 1753 4653 hujus-

960 4677 1048 4739 modi
1063 4675 1252 4753 proierebat
1268 4696 1275 4733 :
1293 4674 1395 4734 Filios
1416 4673 1448 4733 et
1462 4672 1549 4733 filias
1568 4671 1676 4733 adhuc
1691 4673 1754 4733 ba·

959 4775 1037 4836 bere
1057 4789 1187 4851 possem
1209 4794 1216 4832 ε
1235 4770 1339 4832 nolite
1359 4769 1498 4829 laudare
1514 4767 1563 4848 (2)
1586 4783 1750 4830 securum.

959 4872 1064 4932 Nemo
1079 4868 1277 4939 laudandus,
1295 4867 1389 4942 qu'us
1402 4864 1549 4928 incertus
1567 4868 1617 4927 est
1629 4866 1751 4927 exitus.

960 4969 1026 5029 Ista
1039 4967 1171 5044 quidem
1189 4962 1421 5034 laudantibus;
1438 4961 1479 5022 ad
1500 4977 1535 5022 se
1551 4964 1663 5022 autem
1677 4963 1726 5023 sic
1743 4983 1751 5023 ε

960 5064 1095 5126 Latroni
1131 5063 1159 5122 si
1192 5063 1285 5123 tanta
1316 5059 1512 5120 contulisset
1545 5059 1750 5134 ditissimus,

959 5164 1086 5238 gratior
1106 5163 1139 5222 te
1165 5159 1264 5231 toret,
1296 5157 1484 5218 Francisce.
1515 5158 1652 5218 Dicebat
1680 5158 1752 5220 ira-

959 5259 1065 5321 tribus
1085 5273 1173 5334 saape
1199 5277 1206 5316 :
1228 5259 1274 5316 De
1302 5253 1392 5317 omni
1413 5269 1464 5325 ec,
1486 5254 1572 5330 quod
1599 5256 1753 5330 peccator

959 5357 1078 5434 potest,
1102 5369 1200 5416 nemo
1228 5352 1292 5413 sibi
1328 5351 1424 5414 debet
1448 5351 1564 5428 iniquo
1590 5352 1752 5428 applausu

996 5555 1035 5630 (i)
1049 5556 1146 5628 suppl.
1160 5533 1246 5612 velut.

1597 5673 1615 5732 t
