4158 6380
304 296 340 354 u
741 296 797 356 no
818 293 955 355 ornas
977 293 1009 352 s.
1034 267 1500 388 rmncrsov'nssrsnvrs
1859 311 1860 318 ‘
1918 291 1962 349 ⁷2

304 457 393 518 catio
416 472 437 519 a
462 455 577 517 mundi
599 453 789 530 contemptu
813 455 922 516 sumat
945 453 1095 526 initium,
1153 454 1308 516 cantibus
1321 470 1387 516 non
1403 456 1509 516 solnm
1526 469 1598 527 sua,
1613 463 1729 515 verum
1745 453 1846 515 eliam
1861 452 1959 528 seip-

303 555 492 631 Christique
514 549 634 614 militia
654 551 698 614 sit
722 567 742 612 a
764 551 937 628 suiipsius
956 551 1097 613 victoria
1153 568 1226 612 sum
1246 551 1402 629 cupiebat
1420 553 1622 629 impendere,
1639 551 1819 629 aliquando
1841 550 1957 612 vesti·
2077 586 2078 591 κ

302 653 503 714 inchoanda.
1152 653 1264 710 menta
1285 665 1423 721 exuens,
1460 648 1641 726 aliquando
1675 649 1840 721 dissuens,
1883 649 1957 708 ali-

343 750 490 822 Quadam
518 748 630 826 itaque
659 748 712 810 die
740 749 818 810 dum
846 745 1011 824 equitaret
1039 761 1099 823 per
1153 745 1285 823 quando
1301 747 1456 808 scindens
1482 747 1522 806 ad
1550 745 1760 822 largiendum
1787 747 1849 817 eis,
1875 761 1956 806 cum
2076 759 2077 768 ¹

303 847 487 924 planitiem,
502 863 575 924 quae
591 846 740 924 subjacet
752 846 879 908 civitati
894 845 1025 916 assisii,
1043 846 1097 906 le·
1152 859 1221 920 pree
1249 844 1401 905 manibus
1431 843 1583 905 alienon
1606 843 1754 905 baberet.
1782 844 1954 905 Sacerdo—
2072 876 2077 945 Ι

303 960 438 1022 prosum
472 943 646 1021 qnamdam
676 943 792 1006 habuit
819 943 971 1016 obvium,
1001 945 1097 1019 cujus
1151 941 1240 1001 tibus
1261 942 1362 1003 etiam
1383 941 1584 1018 pauperibus
1611 942 1805 1004 reverenter
1829 940 1957 1001 subve-
2072 956 2077 1010 l

302 1043 495 1119 inopinatus
508 1057 667 1104 occursus
677 1042 706 1103 ei
723 1057 791 1103 non
804 1057 943 1118 parvum
957 1039 1099 1100 incussit
1153 1038 1276 1109 niebat,
1298 1040 1331 1100 et
1351 1039 1415 1115 pie,
1433 1040 1600 1115 praecipne
1619 1039 1654 1099 in
1670 1039 1876 1100 ornamentis
1896 1039 1954 1099 al-

303 1140 488 1202 horrorem.
503 1141 691 1201 Recurrens
704 1141 814 1200 autem
830 1139 871 1200 ad
885 1136 1097 1216 perfectionis
1152 1134 1246 1208 taris,
1263 1149 1328 1212 quo
1343 1138 1376 1198 et
1396 1136 1505 1198 cultus
1525 1136 1629 1196 divini
1653 1136 1819 1211 particeps
1842 1136 1952 1204 lieret,

303 1238 667 1314 mentejamconceptae
678 1238 893 1313 propositum,
903 1239 936 1297 et
946 1235 1097 1296 recolens
1152 1233 1185 1294 et
1221 1234 1385 1296 cultorum
1427 1233 1550 1310 inopiae
1591 1233 1820 1309 supplementa
1856 1249 1952 1310 prae-

303 1334 389 1414 quod
402 1336 548 1412 scipsum
564 1335 731 1411 oporteret
745 1335 887 1411 primum
908 1333 1095 1405 devincere,
1151 1329 1255 1393 beret.

303 1434 333 1494 si
353 1433 455 1495 vellet
471 1431 558 1494 elilci
573 1432 696 1494 Christi
715 1432 826 1506 miles3
845 1431 886 1492 ad
905 1429 1098 1492 deosculan·
1191 1428 1272 1487 Gnm
1287 1430 1397 1489 autem
1412 1426 1569 1504 religiosa
1580 1426 1754 1490 devotione
1770 1427 1848 1490 tunc
1862 1429 1953 1489 tem-

303 1531 380 1593 dum
403 1547 488 1600 eum.
512 1546 597 1606 equo
622 1531 746 1606 lapsus,
764 1528 920 1590 occurrit.
947 1528 1006 1588 Cui
1022 1543 1096 1589 cum
1152 1523 1242 1601 poris
1264 1525 1380 1584 limina
1401 1525 1554 1587 visitaret
1572 1526 1714 1603 apostoli
1739 1525 1841 1598 Petri,
1865 1539 1953 1586 con·
2072 1562 2077 1583 .

301 1645 447 1697 manum,
462 1629 559 1706 quasi
573 1627 699 1705 aliquid
723 1628 921 1703 accepturus
944 1625 1097 1701 leprosus
1152 1623 1264 1698 specta
1276 1622 1487 1684 multitudine
1500 1638 1682 1700 pauperum
1697 1625 1774 1684 ante
1785 1621 1875 1684 iores
1891 1638 1952 1684 ec·
2072 1622 2076 1723 2

303 1727 524 1805 protenderet,
548 1725 724 1803 pecuniam
746 1740 820 1787 cum
840 1722 954 1785 osculo
975 1737 1096 1797 repor-
1152 1720 1275 1790 clasiae,
1301 1721 1422 1795 partim
1448 1721 1582 1796 pietatis
1606 1721 1723 1782 ductus
1756 1719 1946 1793 dulcedine,
2072 1736 2076 1811 ζ

301 1826 395 1886 tavit.
412 1824 529 1886 Statim
545 1825 655 1884 autem
671 1837 792 1898 equum
808 1819 1003 1889 ascendens,
1016 1820 1097 1880 etse
1152 1817 1273 1892 partim
1289 1819 1494 1893 paupertatis
1517 1817 1656 1878 allectus
1678 1833 1802 1886 amore,
1826 1817 1885 1878 uni
1905 1833 1951 1878 ex

301 1925 561 1999 circumquaque
576 1921 785 1990 convertens,
803 1933 878 1980 cum
891 1933 1027 1994 campus
1042 1932 1098 1992 pa·
1152 1913 1200 1974 eis
1213 1914 1318 1988 magis
1334 1915 1444 1990 egenti
1460 1915 1612 1991 proprias
1632 1915 1772 1990 largitus
1794 1916 1845 1975 est
1865 1931 1949 1975 ves-

300 2023 387 2083 teret
398 2021 543 2096 undique
557 2019 652 2090 liber,
665 2019 833 2095 leprosum
852 2017 948 2076 illum
959 2016 1098 2076 minime
1150 2011 1212 2082 tes,
1236 2013 1270 2072 et
1292 2012 1508 2073 semicinctiis
1537 2012 1707 2074 contectus
1731 2012 1834 2083 illius,
1859 2012 1950 2072 diem

301 2118 396 2180 vidit.
418 2117 647 2179 Admiratione
669 2117 783 2191 itaque
803 2113 950 2190 repletus
966 2113 1000 2174 et
1012 2128 1098 2188 gau·
1152 2108 1246 2169 illurn
1261 2109 1297 2170 in
1310 2109 1419 2170 medio
1434 2125 1617 2188 pauperum
1640 2125 1714 2171 cum
1730 2109 1865 2170 insolita
1878 2111 1951 2185 spi-

302 2216 369 2284 dio,
395 2215 511 2276 laudes
536 2215 636 2290 coepit
661 2215 801 2274 Domino
835 2211 1013 2273 decantare
1039 2210 1098 2271 de-
1151 2207 1235 2267 ritus
1263 2206 1472 2283 jucunditate
1494 2208 1667 2282 transegit,
1689 2207 1726 2268 ut
1749 2207 1782 2268 et
1805 2207 1951 2268 saccula-

299 2315 388 2385 vcte,
405 2327 593 2390 proponens
617 2328 659 2372 ex
683 2312 746 2372 hoc
769 2325 900 2387 semper
912 2309 952 2370 ad
969 2309 1096 2385 maiora
1152 2319 1221 2365 rem
1235 2304 1376 2379 gloriam
1398 2305 1580 2380 sperneret,
1601 2307 1635 2366 et
1653 2304 1693 2365 ad
1708 2304 1949 2381 perlectionem

300 2409 535 2472 conscendere.
563 2409 720 2470 solitaria
740 2409 880 2485 proinde
904 2406 978 2467 loca
1002 2421 1096 2482 quae·
1152 2402 1379 2477 evangelicam
1404 2402 1568 2477 gradatim
1593 2401 1845 2464 conscendendo
1869 2417 1952 2478 per·-

299 2509 395 2570 rebat
417 2507 527 2568 amica
550 2506 750 2567 moeroribus
777 2527 784 2566 ε
812 2505 847 2566 in
874 2504 1096 2583 quibusdum
1151 2500 1293 2560 veniret.
1326 2493 1574 2560 Mortificationi
1611 2499 1723 2560 carnis
1749 2499 1953 2574 invigilabat

300 2605 477 2682 gemitibus
501 2603 785 2664 inenarrabilibus
808 2603 1017 2664 incessanter
1037 2602 1095 2662 in·
1152 2597 1321 2668 attentius,
1339 2598 1375 2657 ut
1385 2597 1508 2658 Christi
1528 2611 1673 2670 crucem,
1690 2613 1788 2674 qnam
1802 2597 1947 2658 interius

301 2701 463 2774 tenderet,
481 2701 701 2777 postlongam
716 2715 851 2777 precum
866 2699 1096 2761 instantiama
1151 2693 1279 2757 serebat
1304 2695 1339 2754 in
1367 2693 1643 2766 commentarius
1674 2695 1774 2756 etiam
1799 2695 1951 2756 circum-

300 2799 440 2861 Domino
464 2799 586 2860 meruit
611 2797 775 2858 exaudiri.
805 2800 888 2858 Dum
915 2797 1004 2858 enirn
1029 2811 1096 2858 una
1151 2790 1254 2853 terret
1267 2793 1303 2853 in
1318 2806 1469 2868 corpore.
1487 2791 1614 2866 Agebat
1624 2794 1734 2854 autem
1748 2791 1861 2853 omnia
1876 2792 1952 2852 hacc

300 2897 429 2958 dierum
451 2898 499 2957 sic
521 2896 747 2973 sequestratus
768 2895 889 2967 oraret,
907 2896 940 2957 et
954 2909 1023 2971 prae
1042 2893 1098 2955 ni·
1151 2889 1203 2950 vir
1214 2890 1273 2950 Dei
1287 2889 1496 2963 Franciscus,
1511 2889 1657 2950 nondum
1671 2888 1787 2951 babitu
1796 2888 1850 2952 vel
1863 2904 1952 2951 con·
2048 2937 2053 2944 .

301 2996 436 3058 mietate
457 2993 598 3056 fervoris
626 2995 715 3056 totus
746 2995 834 3054 esset
864 2991 1039 3068 absorptus
1061 2992 1096 3052 in
1150 2987 1241 3049 victu
1256 2987 1517 3064 sequestratusa
1536 2987 1668 3050 mundo.

300 3097 420 3166 iteum,
446 3093 602 3170 apparuit
624 3092 656 3152 ei
680 3091 831 3152 Christus
865 3091 964 3153 Jesus
992 3089 1096 3152 veluti

300 3193 393 3254 cruci
419 3191 581 3253 confixus.
609 3189 659 3251 Ad
685 3192 780 3266 cujus
809 3190 1021 3265 conspectum
1047 3185 1095 3248 li·
1452 3219 1589 3282 CAPUT
1611 3220 1650 3281 H⁸

301 3289 454 3366 queiacta
476 3288 527 3349 est
547 3287 659 3348 anima
682 3289 766 3364 oJ'us,
785 3287 818 3348 at
837 3286 996 3347 memoria
1019 3301 1098 3362 pas-

300 3387 405 3447 sionis
419 3385 542 3446 Christi
556 3383 741 3445 visceribus
757 3383 867 3444 cordis
880 3383 987 3460 ipsius
998 3398 1017 3443 a
1028 3385 1097 3444 Deo
1151 3403 1201 3462 De
1212 3401 1367 3474 perfecta
1383 3401 1606 3461 conversione
1624 3401 1733 3473 ipsius
1750 3401 1795 3460 ag
1820 3400 1946 3472 Deum,

299 3484 463 3559 impressa
484 3480 693 3552 medullituss
711 3482 747 3542 ut
768 3480 810 3541 ab
831 3479 891 3540 1¹¹³
906 3480 1005 3552 1¹0r³2
1022 3495 1096 3541 Cum
1197 3499 1230 3560 et
1244 3501 1285 3560 dc
1302 3499 1526 3572 reparatione
1542 3497 1651 3558 triton
1662 3500 1897 3559 coelectorum.

302 3580 426 3641 Christi
447 3578 621 3640 crucifixio
643 3577 773 3640 veniret
793 3577 829 3638 in
850 3577 1010 3648 mentem,
1037 3576 1097 3638 vix

302 3678 414 3756 posset
443 3693 462 3740 a
489 3675 647 3753 lacrymis
680 3677 714 3736 et
745 3673 923 3751 gemitibus
949 3675 1096 3736 exterius
1192 3677 1355 3749 Quoniam
1379 3676 1489 3736 autem
1512 3673 1803 3736 servusAltissimi
1825 3673 1946 3761 docto-

301 3770 1098 3850 contineri;sicutipsepostmodumtamiliariter
1152 3789 1223 3835 rem
1249 3789 1315 3834 non
1341 3771 1484 3834 habebat
1511 3771 1656 3848 aliquem
1680 3772 1714 3831 in
1743 3772 1947 3848 hujusmodi,

303 3874 429 3946 retulit,
444 3888 518 3934 cum
540 3871 823 3948 appropinquaret
844 3870 884 3931 ad
907 3869 1017 3930 finem.
1042 3872 1098 3930 In·
1152 3871 1218 3931 nisi
1233 3871 1411 3942 Christum,
1428 3867 1555 3929 addidit
1568 3868 1675 3928 adbuc
1687 3868 1792 3944 ipsius
1807 3868 1953 3930 clemen·

302 3971 432 4034 tellexit
446 3985 506 4047 per
520 3969 582 4030 hoc
599 3983 718 4044 nempe
732 3968 785 4030 vir
804 3968 874 4039 Dei,
891 3966 973 4028 illud
993 3981 1098 4029 evan·
1152 3969 1197 4030 tia
1212 3983 1285 4029 enm
1300 3967 1335 4027 in
1356 3966 1472 4041 gratiae
1496 3965 1635 4027 visitare
1653 3964 1838 4027 dulcedine.
1864 3969 1950 4026 Dum

303 4069 446 4146 gelicurn
475 4065 539 4127 sibi
568 4065 634 4126 dici
647 4085 655 4124 ε
669 4068 707 4126 st
728 4067 783 4125 etr
806 4067 926 4126 ventre
936 4065 1014 4138 post
1028 4079 1095 4136 me,
1153 4065 1243 4126 enim
1256 4064 1310 4124 die
1325 4062 1467 4140 quadam
1490 4077 1646 4138 egressus
1664 4061 1705 4123 ad
1721 4061 1949 4123 meditandum

303 4169 434 4241 adoreon
449 4164 681 4236 temetipsum,
699 4162 733 4222 et
748 4162 822 4222 tolle
834 4177 972 4222 crucem
988 4163 1095 4234 tuam,
1153 4164 1188 4223 in
1203 4177 1285 4237 agro
1300 4160 1634 4236 deambularetjuxta
1646 4159 1822 4220 ecclesiam
1834 4161 1951 4222 Sancti

303 4265 338 4325 et
351 4277 495 4336 sequere
511 4274 578 4320 nte.
595 4256 814 4337 (Matt.,xv1.)
840 4259 949 4320 Induit
963 4260 1098 4321 extunc
1153 4259 1317 4330 Damiani,
1345 4273 1419 4334 quae
1440 4255 1630 4318 minabatur
1657 4273 1725 4333 prae
1757 4257 1861 4318 nimia
1889 4273 1952 4322 ve-

304 4360 457 4437 spiritum
473 4355 1099 4434 paupertatishumilitatisconsumet
1153 4357 1274 4419 tustate
1300 4357 1443 4426 ruinam,
1467 4355 1553 4416 etin
1584 4369 1669 4426 eam,
1705 4354 1886 4431 instigante
1912 4373 1950 4417 se

303 4457 460 4519 affectum
475 4454 599 4515 intimae
612 4453 755 4529 pietatis.
770 4453 936 4513 Namcum
944 4454 1038 4529 prius
1049 4453 1099 4512 le·
1155 4455 1285 4532 spiritu,
1303 4469 1404 4514 causa
1417 4453 1578 4514 orationis
1591 4453 1760 4524 intrasset,
1780 4455 1949 4528 postratus

303 4567 478 4631 procorum
502 4565 568 4610 non
595 4549 702 4611 solum
734 4551 952 4621 consortium,
982 4564 1098 4612 verum
1154 4553 1229 4614 ante
1243 4551 1422 4627 imaginem
1434 4549 1603 4618 crucifixi,
1618 4565 1684 4610 non
1695 4549 1825 4610 modica
1837 4549 1899 4613 luit
1914 4552 1950 4610 in

304 4648 405 4714 etiam
434 4649 652 4724 longinquum
678 4647 861 4709 contuitum
884 4647 1100 4711 vehementer
1153 4650 1279 4711 orando
1295 4646 1950 4724 spiritusconsolationerepletus.Gum-

302 4748 465 4819 horreret,
478 4749 546 4822 jam
559 4746 694 4822 propter
705 4746 871 4807 Christum
889 4744 1096 4816 crucifixum,
1154 4761 1217 4823 que
1240 4745 1436 4822 lacrymosis
1463 4743 1568 4805 oculis
1583 4742 1771 4806 intenderet
1786 4745 1821 4806 in
1836 4745 1952 4806 Domi-

303 4847 361 4924 qui
372 4846 468 4922 jnnta
478 4842 614 4904 verbnm
637 4843 870 4920 Propheticum
882 4841 929 4922 (1)
952 4843 1099 4904 contem·
1153 4845 1263 4906 nicam
1286 4857 1430 4913 crucem,
1455 4857 1571 4902 vocem
1597 4841 1637 4902 de
1671 4841 1744 4918 ipsa
1771 4857 1870 4904 cruce
1898 4842 1953 4902 di-

305 4941 430 5021 ptlbilie
444 4943 479 5002 ut
493 4941 644 5018 leprosus
655 4941 819 5017 apparuit,
834 4943 871 5002 ut
885 4940 1098 5016 semetipsum
1154 4941 1282 5017 lapsam
1305 4939 1344 5000 ad
1369 4955 1443 5000 eum
1458 4939 1627 5014 corporeis
1652 4939 1780 5000 audivit
1799 4939 1948 5011 auribus,

305 5042 543 5111 contemneret,
558 5037 757 5100 humilitatis
770 5040 804 5100 et
817 5037 1034 5099 humanitatis
1045 5037 1100 5097 ob·
1153 5040 1204 5099 ter
1226 5035 1390 5098 dicentem
1407 5057 1415 5094 :
1431 5035 1620 5107 Franciscc,
1650 5033 1745 5106 vade,
1775 5039 1808 5096 et
1828 5051 1950 5112 repara

289 5138 420 5216 sequte
435 5135 576 5214 leprosis
599 5135 748 5198 benefica
764 5136 886 5213 pietate
906 5134 1096 5212 prestabat.
1154 5135 1410 5204 domummeam‚
1419 5148 1491 5209 quae
1500 5131 1633 5204 labitur,
1643 5133 1679 5193 ut
1689 5132 1952 5194 cernisTreme·

305 5235 471 5298 visitabat
494 5235 581 5296 enim
606 5233 796 5310 frequenter
808 5233 922 5294 domos
938 5232 1096 5308 ipsorum,
1154 5233 1261 5294 lactus
1277 5231 1569 5297 Franciscus,cum
1583 5229 1672 5291 esset
1683 5230 1719 5289 in
1734 5229 1876 5290 ecclesia
1890 5245 1950 5292 so-

305 5333 547 5396 liberalitereis
562 5332 790 5406 eleemosynas
801 5328 969 5403 erogabat,
982 5331 1014 5391 et
1024 5344 1098 5389 curn
1154 5331 1217 5398 lus,
1234 5330 1344 5405 stupet
1358 5327 1399 5390 ad
1413 5329 1482 5389 tam
1497 5327 1658 5388 mirandae
1678 5327 1772 5388 vocis
1786 5326 1950 5397 auditum,

305 5433 408 5494 multo
426 5430 666 5508 compassionis
688 5428 809 5488 affectu
840 5442 958 5487 manus
984 5441 1099 5487 eornm
1155 5427 1318 5503 cordeque
1338 5427 1525 5503 percipiens
1553 5424 1657 5485 divini
1686 5425 1810 5501 eloquii
1838 5424 1951 5486 virtu-

306 5530 518 5593 osculabatur
532 5531 565 5588 et
580 5523 965 5602 ora3pauperibusetiam
976 5523 1117 5616 mendi-¹
1153 5528 1231 5598 tem,
1257 5525 1375 5586 mentis
1398 5523 1563 5584 alienatur
1584 5537 1734 5583 excessu.
1760 5523 1796 5582 ln
1819 5537 1855 5582 ee
1875 5525 1953 5582 tan-

342 5646 382 5720 (l)
404 5647 589 5713 lso.,n1n,v.
608 5641 632 5698 l.
