4204 6402
1720 118 1728 129 ..
1760 65 1839 208 ⁹.

1656 203 1718 267 353
1869 241 1872 252 .

80 213 145 274 ssi
218 207 221 215 ⁴
272 233 281 250 ·
460 207 568 272 enas
596 205 740 270 sarua.
756 235 798 252 -
815 205 1033 268 nxeosrmo
1063 205 1106 267 ns
1135 181 1337 268 rsanuo's.
1405 167 1408 177 ’

79 370 133 432 vit
146 385 183 430 sa
202 367 308 428 tilium
322 365 399 428 tiliae
413 365 736 442 Pharaonis-‘magis
749 365 876 442 eligens
930 365 1032 442 guttae
1059 363 1172 442 plures
1199 363 1414 436 descendunt,
1447 362 1493 425 ita
1517 363 1551 426 et
1573 363 1722 428 vindicta

80 481 159 526 ctum
189 463 311 542 populo
332 463 392 526 Dei
418 462 535 540 ailligi,
563 479 661 540 quam
684 462 877 539 temporalis
931 462 1089 538 depressa
1104 458 1437 539 supereosirruatin
1451 460 1636 524 tormentis.

80 561 211 638 peccati
227 559 350 621 habere
373 559 661 636 jncunditatem.›
680 559 761 620 Item
781 573 878 618 secu-

82 659 168 719 ritas
183 663 251 718 ¹non
266 656 317 718 est
344 656 379 716 in
406 671 442 716 se
457 655 661 718 divitiarum.
679 655 772 716 Unde
787 657 877 716 Pau-

80 755 138 815 lus
165 751 194 832 (Ι
208 753 292 814 Tim.
308 755 339 823 6,
363 750 396 831 9)
416 752 502 823 :Qui
516 753 633 814 volunt
655 751 776 812 divites
792 749 875 822 lieri,
1198 744 1337 804 SERMO
1359 729 1455 804 GXll.

82 850 236 911 incidunt
251 849 285 909 in
300 848 528 920 tentationem,
547 849 578 909 et
593 848 747 923 laqueum
763 845 879 907 diabo-
985 883 1026 938 be
1041 879 1144 954 duplici
1161 879 1336 954 pinguedine
1348 881 1473 940 ematis
1500 891 1528 941 et

80 948 121 1019 li,
145 948 179 1009 et
199 945 366 1007 desideria
390 945 493 1006 multa
522 943 667 1016 inutilia,
692 944 724 1004 et
745 942 875 1013 nociva,
944 1023 947 1030 .
1474 925 1483 953 '

81 1060 159 1122 quae
170 1042 324 1118 mergunt
338 1041 744 1118 nominemininteritum,
755 1041 788 1102 et
802 1054 879 1114 per·
964 1096 970 1110 ,
1092 1095 1098 1108 ,
1232 1096 1239 1110 ,
1359 1097 1365 1110 ,

81 1140 256 1200 ditionem.
273 1155 292 1198 a
306 1136 483 1213 Eleganter
502 1135 595 1206 dicit,
617 1151 689 1211 quae
705 1134 876 1209 mergunt=
933 1093 1027 1155 Μαι
1040 1095 1151 1168 ‘mm’
1164 1091 1410 1171 etpmffl‘edme
1421 1098 1726 1170 mmmmm

82 1235 243 1314 quienim
265 1234 479 1308 demergitur,
504 1232 591 1309 quod
615 1231 705 1293 tenet
718 1232 753 1292 in
777 1245 878 1291 manu
971 1190 1121 1252 meme
1146 1193 1244 1252 ΨΜ
1269 1192 1670 1260 69111111111011111111111111111
1686 1213 1725 1261 ⁰8

81 1347 255 1408 nunquam
281 1331 433 1404 dimittit3
459 1329 505 1390 ita
533 1330 567 1391 et
589 1343 711 1390 avarus
733 1342 769 1390 se
784 1325 880 1410 sciat
971 1301 1099 1348 meum·
1117 1283 1220 1364 (ΡΜ
1233 1287 1286 1359 62,
1299 1285 1346 1365 6·)

83 1427 395 1490 θθεθθιὼιθθτθιιω
423 1427 459 1486 in
490 1423 654 1502 profundo
687 1423 877 1486 divitiarum
973 1424 1081 1503 hdeps
1096 1429 1147 1516 est
1160 1425 1327 1504 pinguedo
1350 1427 1501 1502 interior,
1517 1431 1549 1492 et
1570 1420 1724 1510 designet

84 1524 414 1600 911111011θ1081111110,
432 1520 726 1600 quibusadhaereb
743 1521 776 1583 el
799 1533 881 1581 0011·
933 1523 1118 1595 caritatem,
1131 1538 1232 1601 quam
1255 1523 1396 1586 interius
1418 1525 1575 1588 debemus
1601 1529 1725 1593 babere

85 1622 270 1698 glutinatur
279 1620 450 1692 tenaciter,
475 1619 532 1696 qui
548 1619 648 1681 etiam
670 1616 783 1680 audito
799 1632 879 1678 cor·
934 1619 976 1681 ad
999 1621 1115 1680 Deum.
1152 1623 1218 1680 Per
1258 1620 1493 1696 pinguedinem
1532 1623 1727 1702 designatur

86 1719 189 1796 poris,
206 1718 239 1780 at
253 1718 373 1778 animae
389 1715 539 1792 periculo
565 1715 757 1776 nullatenus
772 1729 829 1774 eas
843 1714 879 1774 in
935 1716 1057 1778 caritas
1080 1716 1121 1776 ad
1136 1715 1324 1793 proximum
1342 1719 1499 1792 exterior,
1516 1719 1668 1785 habenda
1683 1740 1726 1786 εχ

87 1817 193 1876 morte
206 1814 351 1876 dimittit.
369 1813 506 1874 «Nolite
524 1827 603 1888 ergo
618 1826 754 1888 sperare
768 1809 803 1871 in
818 1810 880 1870 ini·
934 1812 998 1873 hoc
1023 1812 1130 1889 adipe.
1162 1813 1291 1874 Dicitur
1318 1815 1353 1874 in
1377 1815 1610 1879 Ecclesiastico
1626 1817 1722 1897 (lm

1545 882 1581 942 de
1595 887 1671 952 mala

1232 966 1418 1042 pinguedine.

88 1913 223 1990 quitata,
240 1912 273 1972 et
286 1910 422 1987 rapinas
435 1909 538 1972 nolite
555 1908 800 1984 concupiscere.
817 1906 878 1967 Di-

89 2010 135 2070 cit
155 2007 302 2084 rapinas,
315 2009 351 2068 ut
364 2005 595 2082 intelligantur
613 2005 741 2077 activae,
758 2005 790 2065 et
802 2018 881 2080 pas-

89 2104 346 2182 sivae,quoniam
357 2103 400 2163 iis
411 2103 468 2180 qui
481 2103 626 2179 rapiunt,
640 2103 741 2163 etiam
751 2101 881 2177 rapien-

88 2203 160 2276 tur;
177 2201 263 2262 unde
274 2200 370 2261 lsaiae
386 2199 450 2279 (33,
468 2197 499 2278 1)
516 2201 622 2260 :evae
633 2197 690 2274 qui
704 2197 878 2274 praedaris,

89 2313 200 2359 nonne
215 2299 248 2359 et
260 2299 331 2374 ipse
347 2294 573 2373 praedaberisi
587 2310 661 2355 cum
676 2308 882 2357 consumma·

89 2395 183 2457 ueris
208 2391 498 2470 depredationem,
524 2388 815 2467 depraedaberis.»
843 2389 883 2449 Et

89 2491 178 2552 idem
211 2490 292 2552 dicit
319 2488 474 2550 Habacuc
497 2485 595 2566 (Hah.
626 2488 655 2560 1,
684 2487 722 2547 14
746 2483 879 2563 et15):

90 2606 111 2648 e
123 2587 237 2649 Facies
252 2586 403 2648 homines
422 2584 519 2661 quasi
534 2584 642 2660 pisces
655 2582 756 2644 maris
769 2597 778 2654 ;
795 2599 814 2642 a
840 2581 883 2642 si-

91 2684 224 2762 quidem
238 2683 274 2746 in
285 2681 369 2744 mari
380 2680 481 2759 piscis
496 2682 604 2758 major
616 2679 753 2740 devorat
769 2677 881 2739 mino-

91 2797 174 2852 rem,
203 2780 251 2840 ita
265 2779 346 2840 etin
367 2778 489 2839 miindo
505 2779 613 2854 major
627 2775 800 2852 minorem.
819 2772 882 2834 Sed

91 2880 200 2953 major
211 2875 408 2953 quandoque
422 2874 562 2950 capitur,
579 2872 611 2933 et
624 2872 780 2943 voratum
797 2869 898 2949 unde,

93 2973 266 3036 subditur:
284 2972 404 3034 Totum
426 2970 626 3041 sublevavit,
655 2967 783 3030 scilicet
806 2966 883 3027 dia-

92 3070 190 3132 bolus
218 3069 253 3131 in
279 3069 388 3139 hamo,
415 3068 519 3129 totum
553 3065 658 3128 traxit
680 3065 716 3126 in
745 3078 881 3140 sagena,

93 3167 181 3230 unde
195 3167 219 3228 ii
233 3165 389 3228 videlicet
411 3165 495 3224 alios
510 3163 684 3239 spoliando
709 3162 881 3231 devorant,

94 3266 129 3326 et
159 3262 224 3340 ipsi
249 3261 379 3322 diabolo
417 3259 690 3336 conglutinantur
720 3259 755 3318 in
785 3272 883 3334 poena

95 3362 231 3423 aeterna.

136 3459 275 3519 navatae
285 3456 481 3529 clamitant,
497 3454 601 3515 nolite-
614 3467 676 3514 cor
689 3466 884 3527 epponem

96 3555 183 3617 unde
206 3552 389 3614 Ezechielis
401 3549 446 3629 (7,
464 3551 502 3610 19
516 3548 549 3610 et
564 3547 618 3627 20)
636 3570 643 3607 :
658 3547 883 3623 «Argentum,

97 3653 130 3714 et
143 3665 262 3712 aurum
275 3665 390 3712 eorum
405 3662 472 3707 non
486 3645 675 3722 poteriteos
690 3643 835 3704 liberare
850 3643 886 3703 in

98 3750 151 3810 die
166 3747 288 3809 luroris
299 3743 440 3807 Domini.
456 3742 609 3803 Animam
634 3755 728 3800 suam
744 3755 811 3800 non
826 3753 886 3799 sa-

96 3843 267 3911 turabunt,
289 3843 425 3903 ventres
457 3853 523 3900 non
547 3836 785 3914 implebuntur,
808 3835 886 3913 qnia

99 3941 294 4004 scandalum
308 3936 495 4015 iniquitatis
508 3949 623 3998 eorum
638 3933 762 3994 iactum
776 3933 837 4005 est,
855 3933 887 3993 et

98 4039 262 4115 imagines
283 4033 567 4097 abominationum
590 4043 726 4092 suarum
739 4029 888 4090 iecerunt

100 4153 142 4200 ax
154 4151 194 4198 eo
210 4151 252 4208 3»
280 4131 378 4209 quasi
404 4130 494 4191 dicat
510 4149 516 4188 :
534 4130 615 4188 «Ex
639 4126 737 4203 adipe
766 4125 889 4202 prodiit

99 4231 260 4310 iniqnitas
275 4227 377 4307 (Psal.
393 4228 443 4298 72,
460 4224 493 4304 7)
511 4225 648 4286 :Potius
661 4239 739 4284 snas
753 4222 888 4284 divitias

100 4325 360 4395 honoraverunt,
377 4323 411 4383 et
421 4321 656 4395 adoraverunt,
666 4336 764 4397 quam
771 4323 886 4392 Deum,

101 4425 135 4486 et
152 4423 252 4483 etiam
267 4417 550 4479 abominationum
563 4432 698 4478 suarum
713 4417 887 4492 imagines,

101 4517 190 4582 idest
203 4513 440 4577 delectationes
454 4514 675 4588 peccatorum,
688 4529 771 4590 quas
780 4512 890 4589 potius

102 4610 299 4678 debuissent
330 4606 527 4670 abominari.
558 4607 651 4668 Unde
675 4607 736 4671 Job
758 4607 822 4687 (20,
838 4610 889 4680 20,

935 1910 967 1971 et
989 1907 1022 1988 2)
1036 1925 1077 1969 :e
1100 1909 1254 1970 Surrexit
1279 1910 1412 1971 Nathan
1437 1912 1602 1988 Propheta
1629 1917 1726 1991 quasi

935 2005 1036 2083 adeps
1050 2007 1223 2082 separatus
1235 2021 1378 2081 acarn03
1396 2009 1492 2084 quasi
1505 2009 1726 2075 dicatzTanta

935 2101 1098 2178 flagrabat
1122 2103 1261 2164 caritate
1282 2103 1426 2175 Nathan,
1450 2105 1537 2181 qnod
1553 2111 1727 2184 separatus

935 2199 1008 2260 erat
1022 2215 1042 2260 a
1057 2199 1184 2260 carnali
1200 2199 1333 2260 affectu.
1359 2203 1405 2261 De
1418 2200 1625 2277 pinguedine
1645 2221 1725 2268 vero

935 2295 1058 2356 dicitur
1072 2311 1080 2356 ε
1094 2312 1112 2355 e
1128 2295 1364 2357 Holocaustum
1386 2298 1480 2357 tuum
1502 2299 1625 2375 pingue
1638 2301 1726 2363 liat»

937 2388 1041 2468 (Psal.
1067 2392 1117 2459 19,
1145 2389 1197 2469 4),
1224 2391 1381 2454 videlicet
1403 2393 1606 2468 pinguedine
1632 2398 1724 2459 cari-

936 2487 1014 2548 tatis
1027 2487 1068 2547 ad
1083 2489 1198 2560 Deum,
1222 2489 1256 2549 et
1282 2488 1481 2564 proximum.
1508 2493 1588 2553 Haec
1602 2493 1726 2556 caritas
1767 2482 1769 2490 '

937 2583 1040 2645 estad
1056 2583 1188 2644 modum
1203 2583 1388 2658 sagiminis,
1403 2601 1476 2662 quae
1491 2601 1615 2662 prunas
1631 2589 1728 2653 devo·

936 2679 1038 2741 tionis
1050 2679 1203 2741 accendit
1214 2679 1255 2741 ad
1279 2681 1395 2752 Deum,
1409 2683 1442 2743 et
1458 2682 1619 2745 carbones
1633 2685 1727 2747 iudi-

938 2777 1105 2852 gnationis
1120 2777 1236 2839 contra
1249 2777 1419 2853 proprium
1430 2780 1613 2855 peccatum,
1630 2784 1665 2844 ut
1678 2783 1728 2845 sic

938 2873 1106 2935 torreatur
1118 2873 1291 2949 spirituale
1305 2874 1547 2948 holocaustum,
1567 2878 1652 2954 quod
1672 2877 1733 2940 oi-'

938 2969 1066 3031 teratur
1084 2970 1236 3043 Domino,
1252 2971 1287 3032 ut
1311 2970 1459 3032 dicamus
1476 2991 1484 3031 ε
1500 2975 1596 3035 Sicut
1615 2951 1736 3050 adipes

938 3068 971 3128 ct
983 3069 1193 3142 pinguedine
1215 3047 1393 3140 repentio
1415 3069 1534 3129 anima
1551 3085 1640 3133 meu.
1654 3073 1730 3134 Non

939 3162 1019 3225 dicit
1035 3185 1042 3222 :
1060 3178 1138 3226 caro
1153 3179 1243 3238 mea,
1256 3163 1368 3225 tamem
1383 3179 1461 3226 caro
1476 3164 1576 3228 habet
1587 3166 1730 3245 adipem,

939 3260 1067 3323 scilicet
1076 3258 1163 3321 bona
1172 3261 1299 3321 naturae
1311 3261 1472 3323 :Habetet
1482 3262 1742 3341 pinguedinem,

940 3356 1069 3418 scilicet
1090 3356 1178 3418 bona
1206 3356 1364 3432 tortunae3
1381 3358 1468 3419 unde
1480 3359 1516 3420 in
1532 3359 1618 3422 libro
1632 3363 1730 3426 ludi·
1766 3377 1768 3385 ’

941 3469 1014 3514 cum
1044 3451 1088 3532 (3,
1106 3455 1142 3514 17
1170 3453 1211 3514 ad
1236 3451 1290 3532 22)
1307 3476 1314 3514 :
1331 3471 1350 3514 e
1366 3456 1446 3517 Erat
1468 3457 1571 3531 Eglon
1596 3470 1729 3522 crassus

940 3551 1055 3625 nimis3
1072 3551 1106 3610 et
1127 3549 1280 3611 subditur
1295 3572 1303 3609 :
1317 3551 1387 3611 hod
1402 3552 1513 3614 infixit
1527 3553 1675 3628 gladium
1695 3556 1731 3617 in

940 3649 1057 3708 ventre
1067 3647 1139 3721 ejus
1152 3647 1219 3706 tam
1233 3645 1355 3718 valide,
1371 3650 1407 3707 ut
1422 3649 1559 3723 capulus
1575 3665 1733 3727 sequere-

941 3744 996 3804 tur
1009 3741 1045 3801 in
1055 3741 1193 3802 vulnere
1203 3740 1340 3812 terrum,
1357 3757 1396 3802 ac
1407 3744 1733 3824 pinguissimoadipe

942 3836 1196 3912 stringeretur:
1223 3852 1285 3898 nec
1319 3837 1436 3899 eduxit
1460 3839 1647 3914 gladium.»
1668 3845 1734 3906 Per

942 3939 1060 4011 Eglon,
1075 3933 1132 4010 qui
1146 3934 1385 4010 interpretatur
1399 3935 1587 3998 intellectus
1605 3941 1732 4014 mortis,

942 4033 995 4094 vel
1010 4030 1198 4093 intellectus
1225 4031 1423 4107 iniquitatis,
1441 4031 1733 4108 designaturtem-

943 4128 1069 4205 poralis
1082 4127 1233 4202 lascivia,
1250 4143 1390 4204 surgens
1405 4145 1449 4190 ex
1460 4129 1556 4190 bonis
1570 4134 1737 4195 naturali·

943 4226 1015 4296 bus,
1033 4226 1065 4286 at
1078 4223 1174 4285 bonis
1187 4224 1421 4294 exterioribus,
1442 4225 1572 4288 scilicet
1586 4228 1732 4305 caducis,

944 4337 1018 4399 qnae
1035 4321 1176 4383 lascivia
1198 4320 1289 4382 ducit
1317 4320 1483 4384 hominem
1512 4324 1554 4384 ad
1578 4327 1736 4389 aeternam
1777 4393 1778 4396 ,

945 4417 1248 4493 mortemtanquam
1263 4417 1405 4479 vitulum
1420 4419 1554 4480 diabolo
1565 4420 1738 4484 immolan-

945 4515 1034 4575 dum.
1056 4517 1129 4576 Aod
1139 4517 1292 4589 gladium
1307 4513 1389 4590 tigit,
1402 4531 1474 4576 cum
1490 4515 1648 4592 praelatus
1660 4533 1739 4581 ver-

945 4609 1023 4671 bum
1049 4609 1297 4687 praedicationis
1309 4611 1429 4672 emittit
1442 4611 1490 4674 ita
1503 4611 1615 4674 valide
1627 4615 1739 4677 incre-
1836 4683 1838 4689 2

102 4711 157 4792 23)
172 4733 179 4772 :
193 4709 297 4771 «Non
312 4707 363 4769 est
372 4703 515 4765 satiatus
534 4705 650 4764 venter
662 4705 745 4780 ejus,
761 4721 780 4764 a
794 4704 891 4766 scili·
946 4704 1067 4784 pando,
1097 4707 1133 4768 ut
1152 4712 1294 4781 capulus
1315 4709 1453 4781 ferrtcm
1479 4711 1659 4784 sequatur:
1673 4715 1739 4774 Per

104 4805 310 4880 cetdivitiis3
341 4804 375 4866 et
391 4800 544 4864 subditur
558 4821 565 4860 ι
578 4816 598 4860 e
613 4799 747 4861 Utinam
759 4799 894 4876 implea-
948 4803 1102 4879 capulum
1127 4803 1229 4877 enim,
1251 4803 1308 4879 qui
1328 4802 1424 4880 quasi
1448 4803 1646 4868 retiaculum
1674 4812 1735 4884 est,

104 4909 171 4977 tur,
198 4905 236 4966 ut
260 4901 390 4964 emittat
405 4899 442 4960 in
468 4913 544 4960 eum
568 4899 655 4958 Deus
670 4895 754 4957 iram
770 4896 893 4958 luroris
947 4899 1159 4961 moderamen
1195 4900 1246 4960 est
1279 4899 1314 4960 in
1343 4900 1561 4975 correptione.
1586 4907 1739 4969 Ferrum

106 5003 170 5074 sui,
193 4991 468 5078 61211111111161
491 5009 567 5056 611111
595 4991 719 5054 bellum
753 5007 894 5064 suum.»
948 4995 1741 5072 igiturcapulussequiturtovulnere‚cumcor-

105 5099 192 5163 idest
212 5109 343 5174 poenam
369 5093 573 5170 depressam,
600 5090 634 5152 et
651 5089 798 5166 pluviam
813 5089 894 5151 vin·
948 5093 1057 5170 reptio
1071 5091 1193 5154 emissa
1209 5092 1304 5169 quasi
1317 5091 1452 5166 terrum,
1465 5093 1607 5170 quadam
1618 5099 1741 5164 modio-
1809 5129 1812 5138 ·

106 5195 222 5269 dictae3
248 5190 411 5269 siquidem
436 5187 595 5250 divitibus
628 5186 757 5248 utinam
779 5189 895 5248 venter
950 5192 1068 5253 oritate
1093 5191 1299 5268 temperatur
1326 5205 1346 5250 a
1372 5190 1570 5267 corrigente.
1598 5196 1741 5264 Desaevit

107 5288 333 5360 eorum,idest
343 5301 435 5348 mens
450 5300 565 5348 eorum
585 5282 824 5360 temporalibus
835 5298 894 5347 re·
950 5288 1061 5350 acrius
1077 5287 1112 5348 in
1135 5287 1390 5364 contemptores,
1407 5289 1440 5350 et
1463 5289 1639 5372 stringitur
1657 5298 1742 5368 pin-

107 5387 251 5467 plector,
282 5384 319 5445 ut
342 5383 465 5460 quanto
492 5383 590 5460 plura
618 5383 895 5458 aggregaverunt,
949 5387 1117 5461 outsstmo
1128 5387 1240 5460 adipe,
1257 5384 1342 5447 idest
1354 5385 1567 5462 pinguedine,
1584 5390 1617 5451 et
1630 5390 1739 5468 adipe,

107 5479 377 5558 tantopluribus
403 5478 623 5555 torqueantur
635 5477 739 5550 vitiis,
764 5479 797 5578 et
811 5477 898 5540 sicut
952 5482 1083 5559 quando
1098 5478 1195 5542 bonis
1225 5481 1444 5556 naturalibus,
1471 5486 1505 5545 et
1524 5486 1679 5562 gratuitis
1694 5489 1742 5555 ita
