4152 6388
111 334 170 396 177

110 495 160 554 Ex
175 493 254 555 tunc
269 493 504 558 abundantiori
520 495 683 572 completa
706 494 824 556 laetitia
846 508 906 569 pro

110 591 326 668 suscipienda
343 593 436 670 prole
453 594 551 670 juxta
567 593 764 670 promissum
789 591 905 652 multi-

109 688 250 764 plicavit
262 705 388 766 preces,
405 694 438 752 et
454 692 531 752 vota
547 691 708 766 promisit.
734 689 907 765 impletum

110 787 163 848 est
178 787 322 863 denique
334 789 464 865 tempus
475 788 638 864 pariendi,
656 789 688 850 et
703 785 856 864 peperiti
886 816 905 830 -

108 884 203 944 mina
223 885 420 958 masculum,
444 886 500 963 qui
522 886 683 962 juvenilis
704 885 824 947 robore
840 883 906 944 llo-

108 997 191 1043 rens
204 982 323 1054 aetatis,
340 984 498 1060 tanquam
516 999 575 1061 per
586 986 624 1044 B.
647 983 817 1043 Francisci
832 997 906 1042 me-

108 1081 177 1140 rita
193 1078 374 1140 fomentum
391 1081 574 1158 susciperet
597 1080 686 1152 vita,
704 1079 907 1140 incitamen-

108 1178 182 1238 tum
206 1177 412 1254 parientihus
437 1177 579 1254 praebuit
600 1177 641 1238 ad
668 1176 851 1248 Christum,
876 1175 908 1236 et

109 1275 265 1336 sanctum
294 1277 378 1352 ejus,
402 1275 583 1336 devotioris
609 1274 760 1336 affectus.
793 1273 908 1335 Simile

110 1372 274 1448 quiddam
294 1371 372 1433 huic
400 1372 437 1432 in
460 1372 592 1433 Tiburis
617 1372 752 1433 civitate
774 1371 908 1432 sanctus

108 1469 208 1545 pater
233 1467 353 1530 effecit.
382 1469 461 1529 Cum
493 1469 582 1530 enim
609 1469 730 1529 mulier
756 1467 908 1545 quaedam

108 1566 201 1627 filias
219 1565 381 1642 plurimas
409 1565 604 1643 peperisset,
624 1565 789 1627 desiderio
805 1562 908 1642 prolis

108 1662 253 1739 fatigata
269 1663 389 1732 virilis,
403 1662 491 1739 apud
510 1665 542 1724 S.
560 1663 774 1724 Franciscum
793 1673 908 1738 preces

108 1758 335 1834 ingeminavit
358 1760 391 1820 61
413 1762 501 1820 1616.
526 1759 685 1835 Concepit
708 1758 811 1834 igitur
836 1759 908 1834 ejus

110 1856 243 1918 meritis
270 1855 391 1916 mulier
413 1855 483 1928 illa,
508 1857 540 1916 61
555 1856 705 1931 geminos
730 1856 762 1916 ei
790 1870 909 1931 parere

109 1953 215 2024 dedit,
230 1954 286 2030 qui
301 1969 361 2030 pro
378 1969 443 2014 uno
457 1952 565 2014 fuerat
579 1953 748 2014 exoratus.

152 2049 248 2126 Apud
259 2049 444 2112 viterbium
455 2048 565 2126 partui
578 2049 763 2128 propinqua
776 2048 908 2120 mulier,

109 2147 214 2209 morti
257 2146 475 2228 propinquior
511 2146 725 2216 censebatur,
761 2146 911 2206 viscera-

108 2242 201 2302 libus
215 2243 413 2305 tormentata
435 2241 617 2316 doloribus,
630 2241 663 2303 et
676 2242 745 2303 tola
767 2241 909 2302 calami-

108 2340 187 2401 tosa
199 2339 234 2399 in
250 2338 442 2400 infortuniis
466 2339 656 2400 mulierum.
679 2340 825 2415 Cumque
843 2354 909 2400 na-

109 2437 198 2498 turae
214 2435 447 2498 succumbente
462 2437 596 2508 virtute,
625 2437 732 2497 omnis
756 2435 912 2496 deiiceret

111 2533 197 2594 61116
221 2533 397 2605 industria,
427 2533 582 2594 invocato
597 2536 634 2592 B.
653 2532 823 2594 Francisci
845 2548 909 2593 no-

111 2631 215 2702 mine,
229 2629 372 2691 liberata
387 2629 561 2692 confestim
575 2630 696 2691 mulier
709 2632 840 2706 partum
856 2645 912 2690 sa-

112 2727 258 2788 lubriter
278 2727 477 2789 terminavit.
494 2727 557 2788 Sed
576 2728 729 2788 assecuta
744 2727 831 2804 quod
846 2743 911 2788 vo-

111 2825 189 2896 luit,
207 2825 240 2886 et
254 2824 356 2886 oblita
371 2823 525 2886 beneficii
540 2823 625 2901 quod
640 2825 779 2901 aceepit,
799 2824 910 2886 hono-

112 2938 186 2985 rem
202 2924 316 2983 sanoto
331 2937 398 2983 non
411 2921 574 2994 deferens,
592 2921 645 2982 die
662 2921 786 2984 natalis
806 2921 911 2998 ipsius

113 3019 156 3081 ad
173 3034 275 3096 opera
299 3019 437 3080 servilia
457 3035 575 3080 manus
600 3019 764 3094 extendit3
786 3020 818 3081 et
832 3034 912 3080 ecce

113 3117 225 3179 subito
241 3115 413 3178 dexterum
430 3116 616 3189 brachium,
627 3116 669 3178 ad
684 3115 833 3177 laborem
846 3132 910 3177 ex-

112 3218 258 3285 tensum,
285 3213 472 3274 inflexibile
510 3213 671 3276 remansit
707 3214 740 3275 61
768 3213 909 3274 aridum.

114 3311 208 3384 Quod
224 3327 298 3372 cum
314 3310 462 3373 studeret
483 3310 524 3370 ad
541 3327 577 3371 se
589 3326 751 3382 revocare
766 3327 840 3370 cum
856 3310 911 3371 al-

112 3409 201 3491 tero,
226 3408 352 3470 ultione
376 3407 542 3470 consimili
558 3409 591 3468 et
607 3407 689 3467 illud
705 3407 913 3468 6161611.Τὶ-

113 3519 208 3572 more
221 3504 324 3579 igitur
339 3503 452 3565 divino
467 3503 620 3580 correpta
644 3503 775 3576 mulier,
799 3503 914 3564 redin-

113 3601 260 3677 tegravit
302 3601 433 3676 voturn3
468 3615 629 3676 usumque
667 3600 910 3671 membrorum,

115 3715 214 3778 quem
238 3701 373 3775 propter
398 3697 672 3774 ingratitudinem
694 3698 854 3759 amiserat
880 3698 914 3758 et

115 3796 352 3872 contemptum,
379 3811 439 3872 per
462 3794 690 3855 misericordis
721 3795 753 3855 61
777 3793 913 3855 humilis

114 3894 224 3956 sancti
240 3893 370 3964 merita,
390 3893 445 3952 cui
460 3909 496 3952 se
517 3892 637 3954 iterato
655 3892 798 3964 devovit,
815 3907 913 3952 recu-

114 4006 234 4069 perare
250 3989 444 4068 promeruit.

156 4089 278 4150 Mulier
288 4087 437 4164 quaedam
449 4087 490 4148 de
500 4087 650 4163 partibus
662 4087 820 4157 aretinis,
836 4103 911 4148 oum

114 4201 177 4264 per
191 4187 316 4260 septem
331 4184 402 4244 dies
417 4184 532 4258 partus
547 4183 743 4244 discrimina
761 4185 911 4245 sustine-

116 4283 181 4353 ret,
198 4283 319 4358 etjam
340 4281 375 4340 in
397 4279 604 4356 nigredinem
624 4296 723 4342 versa
738 4280 913 4358 desperata

117 4381 209 4442 esset
223 4378 264 4438 ab
280 4377 443 4450 omnibus,
456 4379 568 4438 votum
581 4376 660 4439 fecit
671 4381 706 4437 B.
720 4378 911 4452 branciaco,

117 4477 152 4539 et
174 4479 245 4553 ejus
267 4475 366 4553 coepit
387 4475 533 4536 moriens
557 4471 720 4536 auxilium
742 4475 910 4538 invocare.

117 4576 249 4638 Emisso
270 4577 382 4636 autem
408 4575 495 4645 voto,
520 4573 674 4635 celeriter
702 4573 911 4646 ohdormivit,

116 4673 267 4748 viditque
288 4671 324 4732 in
346 4671 482 4742 somnia,
497 4668 630 4730 beatum
645 4659 860 4731 Francisoum
878 4687 914 4732 se

117 4770 262 4831 dulciter
302 4768 543 4846 alloquentem,
587 4783 626 4828 ao
668 4768 911 4844 requirentem,

117 4870 230 4930 utrum
246 4865 365 4926 faciem
381 4865 486 4941 ipsius
498 4867 705 4940 agnosceret,
721 4865 915 4927 616116611-

117 4964 265 5042 phonam
291 4963 384 5022 illam
410 4962 559 5036 Virginis
592 4960 748 5037 gloriosae
776 4984 784 5021 :
814 4965 914 5024 Salve

116 5064 252 5138 Recine
267 5060 383 5120 mater
397 5061 658 5130 misericordiae,
675 5058 777 5120 sciret
789 5059 830 5119 ad
848 5059 913 5120 ho-

117 5174 237 5221 norem
257 5155 404 5234 ejusdem
419 5155 560 5231 virginis
578 5155 731 5217 recitare.
751 5158 913 5227 (166166-

118 5255 286 5336 pondente
310 5269 346 5314 se
370 5252 494 5314 habere
514 5253 664 5314 notitiam
683 5253 723 5313 de
738 5254 913 5331 utrisque:

118 5353 246 5429 Incipe,
263 5352 472 5418 aitsanctus,
491 5349 708 5426 antiphonam
724 5366 865 5424 sacram,
882 5354 916 5414 61

119 5453 299 5526 antequam
319 5447 497 5524 compleaS,
514 5448 625 5523 paries
641 5463 715 5508 cum
730 5451 848 5510 salute.
865 5451 914 5510 Ad

118 5551 209 5611 hauc
230 5560 343 5607 vocem
366 5545 537 5621 evigilavit
559 5545 690 5618 mulier,
717 5547 750 5608 et
773 5562 847 5607 cnm
871 5537 920 5610 n-'

674 331 996 397 PROLEGOMENA.
1019 363 1060 378 -
1081 335 1188 396 VITA.

1692 333 1752 392 178

959 495 1219 556 misericordiae.
1248 493 1393 570 Cumque
1418 491 1494 554 illos
1520 488 1754 552 misericordes

961 591 1075 652 oculos
1091 591 1293 667 precaretur,
1319 589 1527 666 fructumque
1549 603 1753 649 commemo-

960 690 1051 750 raret
1066 673 1153 748 uteri
1173 687 1359 762 virginalis,
1377 688 1534 748 continuo
1559 686 1687 748 cunctis
1711 685 1755 744 li-

961 784 1075 846 berata
1096 785 1274 861 pressuris,
1296 784 1457 845 infantem
1483 783 1668 860 speciosum
1695 799 1756 858 pe-

962 883 1057 958 perit,
1075 882 1201 956 gratias
1225 897 1328 957 agens
1352 882 1488 956 Reginae
1503 879 1753 950 misericordiae,

962 973 1036 1055 quae
1051 994 1110 1054 per
1132 981 1168 1038 Β.
1186 979 1357 1039 Francisci
1381 979 1499 1039 merita
1520 979 1625 1054 ipsius
1646 977 1755 1038 fuerat

962 1075 1099 1151 dignata
1113 1075 1276 1136 misereri.

1163 1372 1212 1431 De
1227 1373 1327 1432 occis
1342 1371 1556 1432 itizrminaiis.

1003 1564 1040 1624 In
1063 1564 1230 1626 conventu
1252 1564 1392 1626 fratrum
1414 1565 1580 1626 Minorum
1602 1564 1754 1642 Neapoli,

965 1675 1038 1720 cum
1049 1661 1183 1738 quidam
1196 1661 1308 1734 frater,
1320 1661 1482 1724 Robertus
1493 1663 1638 1733 nomine,
1648 1678 1757 1724 caecus

964 1759 1062 1818 annis
1084 1759 1238 1835 plurimis
1263 1760 1439 1831 extitisset,
1463 1760 1567 1822 616111
1589 1760 1623 1820 in
1650 1760 1756 1820 oculis

964 1858 1036 1932 ejus
1052 1871 1129 1917 caro
1145 1857 1325 1932 superflua,
1343 1858 1466 1918 motum
1485 1858 1519 1918 et
1538 1873 1633 1916 usum
1651 1857 1758 1934 impe-

964 1951 1059 2013 diens
1078 1953 1323 2030 palpebrarum.
1352 1955 1433 2013 Cum
1449 1953 1550 2029 igitur
1565 1952 1685 2014 fratres
1706 1953 1721 2014 f
1739 1985 1758 1998 -

964 2065 1079 2111 reuses
1095 2050 1137 2111 ad
1151 2050 1301 2112 diversas
1316 2051 1430 2112 mundi
1446 2052 1556 2127 partes
1571 2051 1756 2121 tendentes,

965 2146 1087 2208 ibidem
1114 2148 1249 2224 plurimi
1270 2148 1514 2216 convenissent,
1530 2147 1647 2210 beatus
1662 2147 1758 2224 pater

965 2244 1164 2305 Francisous
1177 2245 1347 2321 speculum
1363 2245 1559 2306 obedientiae
1574 2246 1709 2316 sanctae,
1722 2245 1759 2304 ut

965 2355 1022 2401 eos
1045 2342 1200 2402 miraculi
1228 2342 1374 2404 novitate
1403 2341 1593 2402 hortaretur
1620 2341 1661 2402 ad
1680 2342 1756 2412 iter,

965 2437 1158 2514 praedictum
1183 2437 1318 2500 fratrem
1347 2438 1429 2514 ipsis
1456 2437 1675 2514 praesentibus
1697 2438 1758 2499 tali

966 2534 1062 2596 modo
1078 2535 1217 2596 61116111.
1231 2535 1368 2597 iacebat
1386 2536 1481 2596 noete
1498 2535 1640 2612 quadam
1655 2534 1760 2596 irater

966 2632 1129 2693 Robertus
1146 2631 1323 2709 praedictus
1339 2648 1428 2708 aeger
1441 2632 1483 2692 ad
1499 2633 1653 2704 mortem,
1666 2635 1758 2709 jam·
1822 2619 1829 2633 ’

966 2744 1029 2804 qne
1057 2728 1120 2792 sibl
1145 2728 1255 2791 fuerat
1275 2729 1386 2790 anima
1413 2729 1661 2790 commendata:
1688 2729 1759 2790 tum

966 2841 1043 2888 ecce
1060 2827 1165 2889 astitit
1186 2827 1217 2888 ei
1233 2830 1268 2888 B.
1286 2829 1380 2904 pater
1393 2843 1468 2888 oum
1481 2824 1587 2888 tribus
1600 2825 1759 2888 fratribus

966 2924 1054 2984 omni
1080 2924 1258 2986 sanctitate
1280 2924 1447 3001 perlectis,
1470 2923 1626 2985 videlieet
1641 2925 1673 2983 S.
1690 2925 1760 2984 1111-

966 3021 1070 3092 16116,
1088 3020 1191 3082 116116
1205 3022 1401 3098 Augustino,
1418 3024 1451 3083 et
1466 3019 1569 3082 116116
1582 3019 1706 3082 iacebo
1719 3019 1760 3080 de
1822 3071 1828 3076 .

966 3118 1105 3190 Assisio,
1120 3119 1175 3196 qui
1189 3119 1277 3181 sicut
1290 3136 1365 3180 eum
1385 3118 1530 3195 perfecte
1552 3118 1684 3179 fuerant
1705 3133 1761 3178 se-

967 3217 1044 3286 6611,
1064 3215 1140 3277 dum
1155 3217 1317 3290 viverent,
1343 3217 1391 3278 ita
1414 3217 1448 3277 et
1468 3216 1577 3293 ipsum
1602 3215 1761 3278 alacriter

967 3311 1210 3374 comitabantur
1223 3316 1299 3391 post
1322 3314 1471 3375 mortem.
1489 3313 1666 3389 Accipiens
1688 3312 1762 3372 cul-

966 3409 1081 3470 tellum
1105 3411 1137 3472 S.
1161 3411 1372 3483 Franeisous,
1401 3426 1534 3472 carnem
1557 3409 1760 3486 superfluam

968 3507 1142 3580 resecavit,
1166 3509 1277 3570 lumen
1302 3509 1449 3570 restituit
1472 3508 1660 3584 pristinum,
1686 3507 1719 3568 et
1741 3521 1761 3568 a

967 3607 1083 3667 mortis
1110 3621 1185 3667 eum
1211 3605 1307 3668 fauce
1333 3606 1483 3677 reduxit,
1512 3605 1661 3681 dixitque
1688 3603 1759 3678 illi;
1828 3652 1836 3667 .

967 3701 1031 3762 Fili
1047 3701 1202 3773 Roberte,
1219 3704 1338 3777 gratia,
1356 3717 1455 3778 quam
1469 3704 1578 3762 tecum
1600 3700 1675 3771 ieci,
1692 3699 1764 3773 sig·

967 3814 1046 3858 num
1062 3799 1112 3860 est
1128 3798 1287 3860 fratribus
1303 3797 1343 3859 ad
1358 3799 1503 3860 remotas
1516 3798 1668 3859 nationes
1684 3811 1764 3856 eun·
1795 3785 1800 3796 '

967 3895 1067 3964 tibus,
1089 3895 1175 3972 quod
1190 3911 1251 3971 ego
1269 3895 1454 3972 praecedam
1469 3911 1538 3966 eos,
1560 3896 1592 3956 et
1613 3895 1762 3970 ipsorum

968 3992 1109 4069 dirigam
1120 4009 1267 4069 gressus.
1280 3993 1421 4064 Vadant,
1434 3993 1552 4069 inquit,
1564 3991 1759 4069 gaudenter,

968 4093 1001 4151 et
1025 4091 1212 4168 injunctam
1242 4090 1465 4152 obedientiam
1506 4089 1612 4152 alacri
1649 4088 1761 4150 animo

967 4189 1203 4264 exsequantur.

1006 4286 1100 4362 Apud
1125 4285 1255 4346 Thebas
1275 4285 1310 4346 in
1332 4283 1506 4357 Romania,
1528 4285 1650 4346 mulier
1673 4299 1762 4344 caeca

967 4383 1117 4459 vigiliam
1144 4385 1176 4444 S.
1207 4382 1379 4444 Francisei
1403 4383 1439 4443 in
1467 4399 1552 4458 pane
1580 4383 1708 4443 tautum
1730 4380 1764 4441 et

968 4497 1054 4556 aqua
1066 4483 1223 4556 jejunans
1239 4479 1279 4540 ad
1295 4481 1473 4540 ecclesiam
1492 4479 1631 4542 fratrum
1653 4478 1764 4538 Mino-

968 4594 1052 4649 rum,
1077 4593 1204 4638 summo
1230 4593 1326 4638 mane
1349 4577 1550 4646 festivitatis,
1573 4575 1681 4636 avire
1701 4589 1762 4634 suo

968 4674 1126 4752 perducta
1140 4675 1200 4735 est.
1219 4677 1297 4746 Quae
1313 4674 1389 4734 dum
1405 4674 1506 4734 missa
1523 4671 1760 4742 celebraretur,

968 4771 1003 4830 in
1026 4769 1213 4832 elevatione
1232 4769 1382 4846 corporis
1398 4768 1521 4829 Christi
1545 4767 1659 4827 oculos
1681 4781 1763 4842 ape-

968 4867 1045 4940 ruit,
1068 4866 1157 4928 61616
1181 4866 1275 4938 vidit,
1299 4865 1512 4926 devotissime
1538 4863 1699 4930 adoravit.
1724 4866 1761 4924 In

969 4965 1040 5041 ipsa
1061 4979 1142 5026 vero
1164 4963 1371 5035 adoratione,
1392 4978 1473 5024 voce
1495 4977 1615 5038 magna
1630 4961 1764 5040 procla-

969 5077 1065 5123 mans
1081 5083 1088 5121 :
1112 5061 1256 5134 Gratias,
1272 5060 1389 5137 inquit,
1407 5063 1485 5133 Dee,
1501 5067 1533 5122 et
1547 5062 1661 5123 sancto
1677 5063 1761 5136 ejus,

970 5159 1048 5236 quia
1073 5159 1169 5220 video
1197 5173 1317 5234 corpus
1346 5156 1485 5230 Christi,
1514 5157 1679 5230 omnibus,
1705 5156 1763 5233 qui

969 5255 1119 5328 aderant,
1146 5255 1180 5316 in
1207 5270 1305 5318 voces
1336 5255 1552 5318 exultationis
1577 5255 1760 5317 conversis.

970 5354 1049 5415 Post
1081 5369 1252 5414 sacrorum
1284 5352 1524 5429 expletionem,
1552 5352 1764 5414 1616166661

970 5451 1091 5512 mulier
1103 5449 1144 5511 ad
1159 5451 1293 5511 domum
1311 5465 1415 5521 suam,
1434 5465 1508 5511 cum
1525 5450 1646 5526 gaudio
1662 5448 1765 5525 spiri-

969 5548 1066 5620 11166,
1091 5549 1124 5610 61
1144 5547 1270 5609 lumine
1286 5547 1469 5610 oculorum.
1487 5545 1665 5610 Exultabat
1688 5543 1764 5622 qui·

119 5661 213 5722 more
244 5643 343 5720 coepit
366 5641 477 5704 dicere
495 5663 502 5702 ε
519 5645 620 5704 Saloe
644 5645 775 5718 liegiita
801 5646 916 5707 maier
939 5677 945 5728 Ι
970 5645 1044 5708 dem
1066 5646 1197 5719 mulier,
1216 5661 1282 5709 non
1302 5646 1409 5708 solum
1435 5645 1511 5724 quia
1542 5643 1625 5705 lucis
1645 5657 1767 5718 66116-Ὶ
