4158 6380
116 295 155 358 45
509 275 513 280 '
598 293 921 360 rnounoounnn.
944 323 984 338 -
1005 257 1271 356 rnsmnoun.
1714 291 1752 352 io

116 453 297 516 sententias
310 455 392 530 ejus,
405 469 504 530 quam
516 454 575 516 illa
586 454 773 522 materialia
784 453 879 530 signa
897 475 904 515 :
959 467 1025 525 ma,
1036 455 1069 514 ct
1086 447 1574 526 nonodiipatremsuum,out
1588 449 1751 522 mairem,

114 567 192 612 nam
228 550 256 610 si
286 551 350 612 ista
382 551 553 612 transfixae
593 567 711 614 manus
743 552 905 626 sanguine
960 550 1165 620 etuecorcm,
1182 551 1215 610 et
1228 551 1327 621 iiiios,
1344 548 1377 610 ei
1391 549 1535 622 fratres,
1552 549 1749 618 etsororcs,

113 647 285 718 rubebant,
297 647 354 708 illa
366 648 475 709 cordis
493 649 667 724 sanguine,
682 650 715 710 et
730 648 905 724 seraphico
960 647 1200 708 adducentem
1215 648 1248 707 et
1262 650 1418 707 uiciniam
1431 661 1543 716 cruam,
1559 659 1628 706 non
1638 643 1759 718 potest.

113 745 249 820 spiritus
265 745 384 806 ardore
403 748 482 806 sunt
495 746 621 820 ignita3
644 746 676 807 ei
696 747 819 821 quanto
835 744 906 820 spi-

111 842 197 902 ritus
212 841 357 910 divinus,
373 857 416 902 ex
430 857 495 918 quo
517 842 606 904 sonte
619 842 677 902 illa
693 841 903 914 emanabant,

112 938 265 998 omnibus
294 938 370 999 aliis
397 939 560 1015 pretiosor
593 940 643 1000 esi
676 939 787 1011 rebus,
812 940 904 1000 tanto

112 1035 210 1106 dicta,
248 1036 440 1108 sententiae,
477 1037 660 1113 praecepta,
697 1038 729 1098 et
763 1036 904 1097 consilia

110 1130 294 1202 Francisci,
309 1130 415 1207 pluris
428 1132 502 1192 fieri
517 1131 646 1204 debent,
661 1149 759 1210 quam
775 1133 901 1203 charta,

110 1227 269 1299 calamus,
298 1228 331 1288 et
355 1229 576 1290 atramentum
600 1230 699 1290 etiam
724 1232 795 1305 eJ'us
824 1243 905 1288 san-

108 1325 210 1399 guine
237 1324 415 1386 rubricata.
442 1326 504 1397 Qui
527 1341 606 1400 ergo
630 1326 705 1396 illa,
729 1328 759 1387 si
783 1327 902 1401 dignus

108 1417 222 1480 videre
248 1418 380 1492 luisses,
402 1419 486 1480 tanti
511 1417 671 1494 haberes;
697 1421 803 1496 pluris
825 1420 900 1491 ista,

108 1531 180 1592 quae
196 1515 258 1576 tibi
270 1532 359 1577 nnnc
368 1517 560 1597 traduntur,
577 1516 708 1578 habeto.

147 1613 249 1674 Vides
260 1616 330 1690 jam
351 1615 510 1689 quantum
529 1630 572 1675 ex
586 1615 665 1686 vita,
682 1613 854 1691 qualitate,
870 1615 903 1676 et

108 1711 282 1786 majestate
316 1711 470 1772 Auctoris
509 1709 758 1772 commendetur
790 1713 902 1788 Opust

108 1805 248 1868 ulterius
271 1808 372 1868 velim
397 1808 559 1879 attendas,
581 1811 739 1885 quantum
757 1808 899 1884 seipsam

107 1905 325 1977 commendet,
337 1905 598 1981 singularisseu
607 1906 901 1982 particularisbaec

105 2001 317 2078 philosophia
334 2001 380 2081 (1)
405 2002 644 2079 quodammodo
668 2003 804 2064 tradens
828 2006 900 2078 ejus

107 2098 283 2170 elementa,
308 2115 380 2176 quae
395 2115 474 2160 vere
497 2099 642 2176 perlecta
660 2103 722 2172 est,
739 2100 898 2161 scientiae.

144 2199 224 2258 Non
259 2197 349 2258 aliud
389 2198 459 2258 suis
500 2197 661 2274 Operibus
694 2197 901 2258 commendat

105 2296 318 2366 Franciscus,
335 2311 433 2370 quam
453 2295 538 2372 quod
564 2296 599 2355 in
624 2294 803 2370 Evangelio
823 2297 898 2356 tra-

104 2391 187 2453 didit
199 2393 352 2453 Gbristus
365 2413 372 2452 2
385 2391 476 2453 illius
490 2391 738 2468 perfectissimae
752 2392 899 2453 scientiae

104 2489 259 2550 doctrina
274 2489 345 2550 haec
358 2490 525 2565 praecipua
540 2489 641 2550 tradit
653 2490 827 2559 elementa,
844 2505 901 2549 sn-

104 2585 295 2661 lutariaque
308 2587 429 2648 Cbristi
446 2586 655 2648 hortamenta
674 2588 740 2648 tam
765 2587 898 2662 simpli-

103 2685 186 2746 citer
209 2683 339 2754 suadet,
365 2700 464 2761 quam
499 2683 679 2745 efficaciter
709 2685 896 2760 persuadet.

104 2782 192 2854 Quis,
209 2796 336 2857 quaeso,
353 2781 472 2841 melius
492 2781 684 2857 explicavit,
701 2781 899 2858 comproba·

102 2879 159 2949 vit,
184 2879 312 2945 docuit,
338 2879 370 2939 et
393 2878 591 2940 monstravit
614 2879 791 2955 exemplis,
815 2879 896 2939 illud

102 2975 333 3052 evangelicum
350 2997 358 3035 ε
372 2977 496 3037 Cavete
512 2973 636 3054 (Lucae,
661 2975 783 3056 x11)ab
804 2979 898 3039 omni

101 3075 268 3143 avaritia,
292 3075 373 3146 qnia
395 3087 465 3132 nori
488 3077 525 3134 iu
548 3071 759 3135 abundantio
777 3078 893 3146 cipim-

101 3185 203 3243 pnom
228 3171 302 3231 cita
316 3173 391 3242 ejus
412 3171 464 3231 est
487 3185 535 3232 ecc
557 3173 620 3242 bis,
637 3187 714 3244 aiace
727 3174 897 3246 possidat:

104 3283 199 3342 quam
212 3267 286 3338 ille,
299 3267 405 3342 quint
419 3267 460 3328 ab
471 3267 613 3330 avaritia
627 3283 704 3329 suos
717 3267 897 3344 discipulos

105 3365 245 3436 arceret,
262 3363 348 3424 nihil
363 3365 495 3441 penitus
511 3365 681 3440 possidere
695 3367 754 3427 aut
773 3365 897 3428 habere

104 3461 228 3523 volunt
244 3462 325 3533 Quis
349 3463 514 3522 neminem
538 3461 666 3535 tallere,
681 3463 803 3524 divinae
819 3478 898 3539 pro-

104 3557 896 3636 ridentiaeiidemdemonstravit,etexperientiae

105 3655 303 3717 auctoritate
324 3656 487 3730 munivit3
511 3657 800 3734 certissimumque
824 3673 897 3718 esse

105 3753 247 3815 ostendit
263 3753 346 3814 illud
363 3753 593 3829 evangelicum
611 3757 746 3816 :Nolite
763 3755 897 3817 solliciti

106 3849 226 3928 (Lucae,
244 3867 313 3924 x11;
339 3849 509 3928 Matt.,v1)
526 3865 600 3912 esse
623 3853 751 3912 criimoe
770 3851 897 3912 cestroe

104 3951 182 4022 quid
203 3951 437 4019 manducetis,
459 3962 568 4022 neque
589 3950 727 4020 corpori
743 3950 823 4022 quic
836 3951 894 4008 tn-

959 758 1057 804 mcus
1079 757 1154 804 esse
1177 746 1362 816 discipulus
1377 764 1384 802 :
1401 759 1499 819 quam
1516 742 1586 810 ille,
1602 742 1658 818 qui
1674 741 1753 804 licet

959 855 979 900 a
994 842 1087 917 patre
1103 839 1283 916 vapulavit,
1301 838 1557 915 carceribusque
1575 838 1637 901 luit
1651 853 1750 899 man-

959 938 1098 1014 cipatus
1111 953 1153 998 ne
1163 936 1410 1012 posthristum
1426 937 1544 1007 abiret,
1554 937 1750 1013 perpetrem

959 1036 1007 1109 (ut
1028 1050 1102 1095 cum
1126 1036 1326 1110 Hieronymo
1351 1032 1483 1112 loquar)
1506 1032 1553 1112 (2)
1585 1034 1749 1095 calcatum

958 1132 1115 1208 perrexit,
1144 1132 1281 1192 matrem
1306 1131 1452 1207 reliquit,
1481 1131 1515 1191 et
1538 1129 1680 1206 lugiens,
1706 1131 1749 1192 ad

958 1230 1104 1306 episcopi
1127 1244 1236 1304 genua
1260 1228 1368 1288 nudus
1397 1227 1593 1304 procubuit:
1617 1231 1650 1289 et
1664 1228 1749 1290 alias

958 1341 1031 1387 cum
1054 1341 1194 1386 uxorem
1212 1327 1398 1387 tentaretur
1415 1323 1579 1401 accipere,
1606 1325 1642 1384 nt
1663 1324 1749 1386 filios

957 1425 1158 1500 procrearet,
1185 1423 1334 1484 mulieris
1359 1424 1392 1484 et
1420 1436 1597 1498 puerorum
1625 1421 1750 1484 formas

957 1536 999 1582 ex
1011 1521 1088 1582 nive
1102 1521 1296 1598 composuit,
1311 1522 1343 1582 et
1358 1537 1415 1582 eas
1430 1519 1610 1591 osculatus,
1628 1519 1669 1582 ad
1684 1535 1750 1580 nu·

957 1618 1098 1695 dumque
1111 1633 1230 1694 corpus
1245 1617 1466 1692 adstringens,
1481 1618 1514 1678 et
1528 1616 1658 1694 placide
1673 1632 1749 1676 am-

956 1715 1103 1792 plectens
1118 1714 1225 1777 dixit:
1242 1715 1284 1775 lli
1300 1715 1387 1784 sunt,
1404 1714 1592 1786 Francisce‚
1610 1713 1670 1774 tilii
1686 1714 1746 1788 tui,

956 1816 988 1873 et
1010 1826 1095 1872 uxor
1114 1813 1191 1886 tua3
1214 1812 1328 1886 sicque
1344 1811 1487 1871 animam
1515 1827 1624 1882 snam,
1639 1811 1674 1870 id
1698 1814 1749 1872 est

955 1909 1068 1980 vitam,
1081 1909 1256 1969 conterens
1265 1908 1303 1968 in
1315 1907 1378 1968 boc
1389 1907 1521 1980 mundo,
1534 1907 1575 1968 ad
1586 1909 1747 1968 aeternam

955 2005 1146 2067 felicitatem
1161 2003 1361 2066 custodiviti
1376 2005 1455 2076 Quis
1478 2005 1658 2081 gloriosius
1681 2021 1746 2065 ex-

955 2102 1067 2176 pertus
1089 2101 1149 2172 est,
1173 2117 1212 2160 ac
1236 2101 1355 2160 melius
1377 2101 1537 2177 explicuit
1559 2100 1651 2162 illam
1667 2117 1748 2162 cen-

954 2198 1036 2274 tupli
1050 2197 1303 2274 promissionem
1316 2197 1364 2258 eis
1378 2197 1498 2259 iactam
1512 2221 1518 2259 :
1532 2201 1595 2266 Qui
1604 2201 1747 2272 relique·

953 2295 1027 2355 rici
1043 2292 1163 2372 (matt,
1180 2292 1254 2373 xix)
1270 2295 1368 2365 iiiios,
1385 2299 1534 2366 demaine,
1560 2298 1622 2357 cut
1643 2311 1747 2372 apros

953 2393 1097 2466 propter
1115 2407 1240 2454 aionien
1264 2394 1517 2468 Christianam
1539 2393 1595 2469 qni
1616 2392 1748 2454 modica

955 2489 1148 2549 mercatoris
1177 2489 1282 2565 patris
1308 2489 1425 2556 domo,
1451 2491 1484 2550 et
1513 2489 1606 2552 tenui
1635 2492 1745 2566 patri·
1797 2546 1801 2556 ,

954 2585 1065 2646 monio
1081 2585 1214 2658 relicto,
1231 2602 1296 2645 non
1319 2586 1425 2646 solnm
1445 2587 1578 2647 aeternae
1593 2587 1673 2648 vitae
1689 2603 1747 2648 ac-

953 2683 1041 2758 cepit
1062 2697 1082 2742 a
1107 2685 1175 2743 Deo
1198 2682 1461 2756 retributionem,
1488 2686 1520 2746 et
1547 2683 1644 2753 dona,
1671 2701 1745 2761 quoe

953 2779 1099 2856 centupli
1112 2780 1364 2857 promissionem
1379 2780 1477 2856 longe
1493 2781 1671 2854 excellunt,
1686 2782 1743 2842 sed
1871 2806 1874 2819 ·

952 2878 985 2938 et
997 2877 1216 2939 materialiter
1228 2877 1260 2937 in
1275 2878 1338 2951 hac
1358 2877 1436 2950 vita,
1456 2880 1505 2940 tot
1526 2879 1640 2940 domos
1656 2895 1742 2957 opu-

952 2975 1077 3048 lentas,
1100 2976 1136 3036 in
1170 2976 1326 3036 universo
1350 2974 1492 3037 obtinuit
1522 2976 1600 3038 orbe
1628 2977 1741 3038 terra-

952 3088 1037 3145 rum,
1062 3072 1179 3149 plenas
1202 3073 1334 3150 optimis
1356 3073 1512 3145 liliisne
1536 3075 1678 3135 utnulla
1701 3076 1745 3137 sit

952 3172 1038 3247 apud
1055 3160 1206 3232 Indos'et
1218 3171 1401 3247 Antipodas
1425 3170 1472 3232 ita
1497 3173 1625 3234 remota
1639 3173 1743 3242 natio,

951 3283 1024 3344 quae
1045 3268 1159 3330 domos
1180 3267 1256 3329 divo
1276 3269 1454 3329 Francisco
1479 3283 1545 3330 non
1566 3284 1745 3332 consecra-

951 3364 1047 3438 verit,
1064 3365 1098 3426 ei
1112 3365 1200 3426 tilios
1222 3366 1254 3426 ei
1275 3366 1464 3442 pepereritl
1479 3367 1511 3428 et
1530 3383 1589 3444 pro
1602 3365 1745 3428 iaculta-

953 3462 1050 3534 tibus,
1086 3478 1168 3541 quas
1213 3463 1359 3540 reliquit,
1396 3463 1519 3526 tributa
1554 3465 1743 3526 voluntaria

953 3559 1179 3632 Pontificibus,
1209 3560 1356 3636 regibus,
1383 3563 1415 3623 et
1439 3563 1578 3636 priuatis
1601 3563 1637 3622 in
1662 3563 1741 3622 uni-

950 3673 1047 3719 verso
1071 3658 1240 3734 imposuit,
1255 3657 1374 3734 quibus
1390 3658 1483 3720 alunt
1496 3659 1627 3734 indigos
1642 3659 1741 3731 lilios,

951 3755 1111 3816 babentes
1132 3754 1247 3816 mundi
1271 3753 1335 3815 sibi
1359 3755 1526 3832 subjectas
1541 3757 1743 3831 potestates?

951 3853 1031 3924 Quis
1052 3851 1152 3912 talem
1175 3867 1320 3929 unquam
1342 3853 1511 3914 mercandi
1530 3853 1637 3914 artem
1658 3869 1741 3930 cog-

951 3949 1054 4020 novit,
1067 3950 1100 4011 et
1113 3947 1235 4017 docuit,
1251 3965 1323 4026 quae
1336 3965 1402 4009 non
1417 3949 1523 4010 solum
1539 3966 1599 4026 pro
1612 3953 1743 4013 centnm
1872 3982 1878 3990 -

105 4047 283 4116 anemium
298 4045 514 4106 considerate
538 4059 670 4116 corace,
686 4047 745 4118 qui
759 4057 827 4106 non
841 4059 897 4106 sc·
950 4047 1068 4108 reddat
1081 4046 1205 4118 decem,
1223 4047 1280 4107 aut
1292 4061 1352 4122 pro
1367 4061 1433 4108 uno
1453 4050 1595 4122 centum,
1611 4049 1668 4110 sed
1683 4065 1743 4125 pro

103 4143 249 4208 minant,
280 4157 391 4215 licque
423 4141 568 4212 maturet,
590 4144 710 4214 quiens
743 4155 812 4203 non
845 4143 896 4203 est
950 4145 1087 4206 minimo
1101 4143 1205 4206 millia
1218 4144 1345 4204 millum
1360 4145 1588 4222 complurima,
1602 4149 1634 4208 et
1649 4147 1743 4207 innu-

103 4243 415 4312 octariumuequc
434 4243 610 4310 borreum,
627 4239 662 4300 ct
679 4243 768 4300 Deus
783 4239 896 4313 pascit
950 4241 1158 4302 morabiliat
1197 4257 1263 4318 qua
1304 4241 1424 4302 similis
1466 4243 1600 4306 omnino
1637 4243 1743 4307 la'ctus

100 4339 194 4408 idom
217 4336 346 4410 querito
364 4339 478 4412 naccis
495 4339 685 4409 coepturis
706 4337 790 4396 estis
804 4338 896 4398 iltis?
949 4342 1080 4401 bomini
1105 4339 1314 4414 nepotiatori
1335 4335 1552 4420 (Matt,x111)
1575 4344 1745 4415 qttaei'eliti

102 4449 197 4508 quam
209 4433 279 4505 ille,
293 4433 348 4510 qni
360 4449 396 4494 se
409 4435 441 4494 et
452 4449 529 4494 suos
542 4432 664 4494 divinae
676 4431 894 4510 providentiae
950 4438 1054 4496 bonas
1088 4435 1327 4510 marearum:
1355 4437 1497 4498 incenato
1528 4439 1645 4500 autam
1673 4455 1745 4501 uria

102 4530 236 4592 omnino
273 4531 459 4592 commisitt
493 4531 573 4602 Quis
607 4546 724 4591 verum
761 4545 893 4590 sensum
946 4532 1102 4607 pretioso
1115 4534 1324 4608 morpcrita,
1340 4535 1436 4605 abiit,
1453 4534 1487 4594 ct
1501 4537 1655 4597 candidii
1670 4551 1745 4598 om·
1802 4525 1804 4531 ’

103 4627 210 4704 attigit
233 4629 352 4690 melius
376 4626 552 4689 verborum
577 4627 699 4688 Christi
717 4648 724 4686 :
745 4629 808 4693 oui
824 4627 895 4688 υκαι
949 4632 1019 4700 niu,
1035 4645 1111 4702 paroc
1125 4631 1251 4700 liabutt,
1268 4629 1302 4690 ct
1315 4631 1547 4702 cmitecm;ei
1559 4631 1669 4705 etqui
1684 4637 1742 4694 in-

101 4729 221 4786 veretra
232 4724 435 4804 (Matt.,xv1;
447 4722 616 4802 anae,1x)
629 4727 706 4798 post
716 4739 783 4793 mc,
797 4728 896 4786 abrec·
949 4727 1051 4786 cento
1074 4727 1235 4788 thesauro
1250 4729 1286 4788 in
1310 4743 1396 4803 apro
1415 4724 1570 4805 (ibidem)
1591 4731 1745 4806 Evange-

100 4823 155 4898 ρει
180 4824 415 4896 semetipsum,
441 4823 476 4883 et
502 4822 593 4883 toiiut
618 4834 757 4882 crucem
779 4836 890 4891 suani,
950 4822 1023 4883 licae
1050 4822 1226 4895 doctrinae,
1249 4826 1434 4895 abscondit,
1457 4826 1492 4885 et
1517 4841 1593 4899 prce
1617 4831 1743 4902 poncio

101 4922 133 4980 ct
154 4923 321 4994 sequatur
334 4935 389 4980 mc
408 4937 420 4979 .·
436 4935 534 4996 quam
550 4919 607 4996 qui
624 4920 760 4980 terrena
783 4918 894 4979 omnia
949 4923 1039 4983 iltius
1054 4921 1159 4992 cadit,
1174 4921 1209 4982 ct
1222 4923 1338 4982 pericu
1348 4924 1525 4993 universo,
1540 4938 1617 4996 quoe
1631 4928 1740 4999 babet,

101 5017 297 5096 despiciens,
319 5033 354 5077 se
378 5032 504 5094 suaque
527 5016 715 5092 abnegavit,
733 5016 765 5077 et
785 5015 894 5076 nudus
949 5019 983 5079 et
1010 5019 1094 5080 cmii
1123 5033 1249 5094 apruni
1272 5021 1390 5079 titiam?
1411 5021 1476 5080 Aut
1499 5020 1573 5096 quis
1598 5037 1742 5098 unquam

101 5115 225 5175 nudum
247 5115 393 5182 secutus,
416 5114 501 5174 alios
529 5114 634 5175 nudos
661 5114 754 5191 sequi
783 5113 895 5174 docuit
948 5117 1016 5176 tam
1050 5115 1167 5176 avidus
1200 5116 1366 5176 mercator
1402 5114 1461 5176 ulli
1496 5133 1562 5178 non
1595 5119 1744 5195 pepercit

102 5211 291 5273 Christum?
305 5211 385 5282 Quis
407 5210 668 5286 elegantioribus
690 5213 894 5273 commenta·
949 5211 1067 5285 labori,
1084 5213 1119 5272 ut
1135 5212 1261 5272 lucrum
1281 5227 1323 5273 ex
1342 5216 1531 5275 mercatura
1544 5217 1739 5292 reportaret,

101 5308 160 5368 riis
184 5310 380 5384 prosecutus
404 5309 455 5370 est
478 5307 560 5368 illud
588 5309 795 5369 Dominicnm
817 5323 894 5370 ver·
949 5325 1047 5388 quam
1062 5310 1135 5382 iste,
1154 5310 1210 5385 qui
1226 5309 1322 5382 same,
1340 5309 1408 5384 siti,
1426 5312 1587 5381 nuditate,
1604 5313 1740 5390 vigiliis,

101 5404 176 5465 bum
191 5422 199 5465 ε
215 5407 253 5467 Si
267 5409 343 5479 quis
358 5406 451 5467 canit
464 5405 588 5485 (Lucae,
602 5421 671 5478 x1v3
684 5407 789 5479 Matt,
802 5404 838 5485 x)
849 5409 894 5467 cd
948 5407 1080 5479 studiis,
1105 5407 1301 5482 bumilitate,
1317 5410 1350 5470 et
1369 5408 1483 5470 labore
1494 5411 1565 5486 jam
1582 5410 1741 5472 virtutum

137 5589 176 5662 (l)
196 5589 283 5647 Clem.
298 5589 390 5659 Alex,
404 5589 422 5646 l.
437 5605 469 5647 ur
480 5591 623 5659 Stromoi„
641 5603 664 5646 c.
678 5589 704 5647 3.

983 5590 1023 5664 (t)
1035 5591 1111 5649 llier.
1129 5592 1217 5664 Epist.
1235 5595 1257 5664 l,
1276 5595 1305 5650 ic
1320 5595 1441 5664 liutici,
1459 5593 1492 5652 ad
1508 5595 1598 5666 princ.
