4152 6388
773 365 828 424 AD
850 365 987 426 OPERA
1010 366 1043 424 S.
1068 365 1287 428 FRANCISCI
1308 367 1535 428 ASSISIATIS
1922 367 1984 430 172

1181 524 1246 588 tem
1262 525 1441 604 resumpsit
1454 523 1617 597 infirmus,
1636 525 1672 589 el
1687 521 1790 588 maris
1805 526 1869 589 tuit
1889 528 1985 590 tran·

1183 622 1332 699 quillitas
1347 624 1537 686 subsecuta.

374 721 410 780 ln
427 733 546 794 magno
568 719 671 782 maris
693 718 843 796 periculo
868 718 967 795 positi
991 719 1126 796 quddam
1222 711 1340 782 Frater
1359 720 1502 783 lacobus
1526 721 1698 793 Reatinus,
1721 737 1796 782 oum
1828 722 1865 783 in
1885 723 1985 783 navi-

332 819 612 893 nautae,oumper
627 816 911 880 milliariadecem
927 819 1128 893 aportuBa·
1181 817 1257 878 cula
1283 833 1396 892 parva,
1427 817 1565 879 fluvium
1592 818 1767 896 quemdam
1797 834 1875 879 cum
1901 819 1982 879 aliis

334 914 480 976 rulliano
508 913 685 986 distarent,
710 914 965 989 ingravescente
987 913 1127 976 nimium
1181 913 1340 976 lintribus
1360 915 1589 991 pertransiret,
1616 917 1718 977 sociis
1739 916 1847 992 primo
1879 931 1984 992 super

331 1013 541 1088 tempestate,
553 1015 623 1089 jam
633 1010 675 1072 ds
691 1011 760 1073 vita
771 1011 862 1074 dubii
873 1011 1039 1074 anchoras
1054 1011 1128 1072 snb·
1184 1011 1291 1087 ripam
1318 1012 1445 1089 positis,
1460 1015 1626 1089 postremo
1639 1027 1675 1074 se
1690 1012 1731 1074 ad
1747 1013 1874 1074 exitum
1890 1028 1982 1089 prae-

332 1109 506 1171 miserunt.
523 1112 646 1172 Verum
659 1109 778 1186 spiritu
794 1109 1026 1186 procellarum,
1041 1109 1126 1170 mari
1181 1107 1338 1184 parabam
1354 1109 1412 1170 sed
1425 1109 1555 1170 modico
1571 1109 1630 1172 illo
1645 1109 1736 1184 ligno
1754 1127 1814 1186 per
1834 1109 1987 1170 intortu-

331 1205 515 1270 iervsntius
539 1207 756 1277 tumescente,
784 1205 900 1268 fractis
921 1203 1067 1274 funibus,
1095 1207 1127 1266 et
1181 1207 1273 1268 nium
1289 1206 1454 1277 revoluto,
1469 1208 1600 1268 rectore
1612 1209 1760 1280 natante,
1778 1207 1885 1269 irater
1899 1222 1986 1268 mer·

331 1303 459 1366 relictis
471 1302 640 1374 anchoris,
652 1301 794 1372 incerto,
805 1303 838 1364 et
853 1301 1009 1379 inaequali
1026 1316 1127 1367 cursu
1182 1306 1311 1368 ausast
1334 1304 1370 1364 in
1394 1303 1607 1380 protundum.
1634 1305 1838 1367 invocabant
1860 1305 1985 1366 iratres

331 1415 392 1478 per
407 1415 541 1477 aequora
557 1398 775 1476 vagabantur.
796 1399 943 1463 Tandem
965 1401 1050 1462 nutu
1070 1399 1126 1459 di·
1183 1401 1399 1478 extrapositi,
1409 1401 1600 1464 affectuosis
1611 1403 1766 1479 precibus
1776 1405 1812 1464 B.
1822 1403 1986 1464 Francis-

334 1497 421 1569 vino,
436 1498 521 1565 mari
539 1497 682 1574 placato,
701 1497 746 1568 ad
766 1497 983 1559 resumendas
996 1495 1126 1558 anchc-
1182 1513 1268 1569 cum,
1287 1499 1319 1560 et
1333 1498 1450 1560 utillio
1466 1501 1688 1566 succurreret.
1704 1500 1904 1577 lacrymosis
1925 1515 1987 1575 ge-

331 1611 398 1666 ras,
413 1610 552 1671 quarum
568 1594 666 1656 lunas
682 1593 837 1670 superius
853 1592 1043 1666 sneisham,
1058 1594 1127 1655 toto
1182 1595 1318 1657 mitibus
1352 1595 1596 1673 supplicabant.
1633 1596 1832 1658 Submersus
1869 1598 1984 1658 antem

332 1708 368 1754 se
382 1693 558 1754 conamine
573 1693 788 1769 paraverunt.
810 1693 956 1767 Cumque
972 1690 1004 1750 id
1022 1690 1126 1768 perli-
1183 1691 1297 1764 irater,
1319 1692 1359 1754 de
1380 1693 1497 1754 ventre
1521 1694 1664 1770 gurgitis
1691 1694 1793 1754 nimis
1813 1694 1984 1765 immensi,

491 547 542 604 Dc
555 542 712 604 liberalis
726 557 748 603 a
762 543 961 619 cummaclo.

331 1805 408 1852 cere
429 1790 574 1867 propriis
595 1788 724 1850 viribus
748 1804 814 1853 non
836 1789 999 1858 valerent,
1021 1787 1129 1866 pluri-

331 1903 460 1949 morum
476 1889 666 1947 sanctorum
681 1886 833 1947 invocato
850 1885 1011 1957 subsidio,
1036 1885 1128 1946 mul-

329 1986 440 2062 lisque
444 1988 513 2060 jam
526 1983 703 2044 sudoribus
713 1982 946 2060 liquescentes,
956 1997 1128 2044 neounam

331 2097 391 2159 per
405 2083 507 2144 totam
522 2081 608 2142 diem
622 2095 792 2142 resumere
803 2081 990 2157 potuerunt.
1004 2081 1129 2144 Aderat

331 2181 444 2240 autem
469 2179 570 2240 nauta
594 2177 741 2254 quidam,
773 2176 944 2239 Perfectus
972 2177 1125 2247 nomine,

331 2277 388 2338 sed
400 2277 548 2338 moribus
561 2275 786 2352 imperfectus,
805 2275 951 2352 quicum
967 2274 1126 2338 irrisione

331 2374 474 2452 quadam
501 2373 586 2435 dixit
607 2372 648 2434 ad
677 2373 786 2434 socios
802 2394 810 2432 :
827 2375 911 2434 Ecce
935 2373 1127 2438 sanctorum

331 2473 479 2534 omnium
491 2471 674 2533 invocastis
688 2471 863 2542 auxilium,
881 2473 914 2534 et
936 2472 973 2538 ut
992 2470 1124 2541 videtis,

331 2570 443 2630 nullus
465 2571 528 2642 est,
544 2568 602 2646 qui
613 2569 799 2630 succurrat
813 2571 1008 2630 invocemus
1024 2567 1123 2630 istum

331 2667 560 2738 Francisoum,
587 2666 643 2742 qui
668 2665 819 2727 novellus
843 2666 895 2725 est
922 2667 1069 2733 sanctus,
1097 2664 1127 2726 si

333 2781 398 2841 quo
413 2763 512 2825 modo
532 2764 569 2823 in
583 2777 675 2824 mare
697 2777 733 2823 se
746 2764 885 2838 mergat,
907 2763 941 2826 et
959 2762 1125 2830 anchoras

332 2861 480 2938 perditas
494 2859 623 2922 reddat.
642 2861 890 2926 Consenserunt
909 2861 1034 2931 caten,
1058 2875 1125 2922 uon

263 3023 264 3031 ,
332 2959 497 3030 irrisorie,
514 2958 571 3020 sed
585 2958 749 3020 veraciter
764 2957 914 3020 suasioni
930 2957 1127 3028 Perfectum

331 3058 437 3135 ipsius
456 3055 671 3134 objurgantes
686 3055 875 3118 irrisorium
894 3055 1043 3126 verbum,
1064 3055 1127 3116 lir-

331 3155 508 3226 maveruut
528 3169 602 3216 cum
625 3155 739 3217 sancto
760 3154 979 3230 sponanteum
1000 3155 1126 3226 volum,

332 3253 511 3328 statimque
524 3252 558 3314 iu
574 3255 751 3322 momento,
766 3252 838 3312 sine
853 3252 966 3331 aliquo
984 3250 1129 3313 admini-

333 3349 408 3410 culo
420 3349 621 3410 nataverunt
630 3348 786 3416 anchorae
796 3363 895 3426 super
908 3349 1127 3425 aquasquasi

1184 1805 1257 1849 cum
1275 1805 1332 1852 ore
1345 1806 1412 1852 non
1427 1792 1549 1866 posset,
1566 1791 1667 1852 corde
1680 1791 1859 1863 clamabat,
1869 1793 1907 1852 ut
1922 1807 1985 1868 po-

1183 1887 1280 1959 terat,
1304 1887 1488 1963 implorans
1512 1888 1559 1964 pii
1585 1889 1691 1964 patris
1717 1887 1916 1949 subsidium.
1945 1889 1985 1949 El

1183 1999 1260 2046 ecoe
1295 1984 1481 2047 auxiliante
1505 1987 1548 2046 B.
1572 1985 1677 2062 patrie
1703 1986 1894 2062 prasentia,
1923 1999 1985 2062 per

1184 2081 1381 2160 profundum
1398 2083 1485 2144 sicut
1499 2098 1559 2159 per
1583 2083 1711 2143 aridam
1726 2081 1934 2153 ambulabat,
1950 2082 1986 2143 et

1183 2178 1371 2240 demersam
1385 2181 1574 2242 naviculam
1590 2180 1737 2256 capiens,
1754 2195 1830 2241 oum
1844 2195 1885 2241 ea
1898 2194 1982 2256 per-

1182 2277 1274 2340 venit
1290 2276 1332 2338 ad
1349 2277 1452 2339 littus.
1468 2275 1622 2340 Mirabile
1643 2277 1749 2338 diotul
1771 2277 1984 2338 Vestimenta

1183 2377 1256 2450 ejus
1281 2375 1441 2436 meditata
1469 2391 1536 2436 non
1564 2375 1652 2446 sunt,
1678 2389 1740 2436 nec
1763 2389 1860 2452 aquae
1886 2377 1983 2450 gutta

1184 2473 1386 2549 proximavit
1401 2471 1442 2533 ad
1455 2472 1614 2538 tunicam.

1224 2571 1343 2630 Frater
1354 2571 1588 2631 Beneventum
1605 2568 1750 2637 nomine,
1761 2583 1837 2630 oum
1849 2567 1983 2630 duobus

1183 2665 1265 2728 viris
1290 2681 1349 2742 per
1372 2665 1482 2728 lacum
1505 2666 1680 2743 quemdam
1704 2665 1879 2742 navigans,
1896 2681 1981 2728 oon-

1183 2760 1288 2824 lracta
1317 2777 1360 2824 ex
1387 2765 1481 2840 parte
1513 2763 1679 2834 navicula,
1710 2765 1846 2840 propter
1880 2777 1979 2841 aqum

1183 2859 1349 2922 affluentis
1366 2860 1535 2937 impetum,
1548 2861 1719 2922 demersus
1734 2861 1785 2922 est
1805 2875 1881 2922 cnm
1897 2861 1981 2922 navi

1182 2957 1215 3018 et
1226 2958 1326 3019 sociis
1340 2958 1375 3018 in
1390 2957 1600 3034 protundum.
1622 2959 1702 3020 dum
1717 2959 1829 3020 autem
1843 2957 1885 3018 de
1900 2957 1983 3020 lacu

1183 3054 1327 3116 miseria
1354 3055 1604 3117 misericordem
1620 3056 1746 3132 patrem
1762 3055 1981 3118 Franolscum

1183 3151 1390 3224 invocarent,
1405 3167 1480 3214 oum
1494 3153 1598 3216 multa
1613 3153 1735 3214 fiducia
1750 3153 1984 3229 supernatavit

1183 3251 1403 3330 subitosque
1428 3253 1527 3329 plena
1560 3252 1727 3323 navicula,
1756 3256 1791 3312 et
1816 3267 1891 3312 cum
1916 3252 1980 3323 eis,

1184 3350 1300 3412 sancto
1325 3349 1492 3426 praebente
1514 3349 1682 3421 ducatum,
1699 3347 1881 3410 salubriter
1902 3363 1983 3425 per-

334 3446 415 3509 lerri
430 3448 549 3508 natura
567 3461 665 3506 versa
687 3445 774 3512 soret
791 3446 826 3508 in
841 3445 987 3521 ligneam
1003 3446 1127 3514 levita·
1182 3449 1274 3509 venit
1297 3447 1338 3509 ad
1363 3450 1505 3524 portum.
1532 3447 1587 3508 Sic
1613 3447 1647 3508 et
1665 3446 1800 3524 quidam
1821 3445 1927 3507 irater
1941 3445 1983 3506 de

331 3547 409 3620 tem.
421 3544 624 3620 Peregrinus
639 3543 772 3620 quidam
787 3542 955 3605 invalidus
975 3557 1125 3620 corpore,
1183 3545 1304 3606 esculo
1330 3543 1522 3606 submersus
1548 3543 1581 3605 in
1601 3543 1738 3604 flumine
1758 3545 1793 3604 ii.
1807 3543 1981 3604 Franmmi

330 3646 467 3722 propter
483 3643 588 3704 febris
597 3645 763 3720 peracutas
775 3643 1008 3720 symptomata,
1028 3657 1127 3720 quum
1180 3642 1310 3717 meritis
1325 3641 1615 3704 extititliberatus.
1628 3640 1692 3703 Sed
1707 3642 1740 3702 et
1750 3641 1786 3702 in
1801 3641 1877 3702 lacu
1890 3643 1983 3702 Rea-

329 3743 439 3804 iuerat
452 3743 528 3804 ante
541 3757 731 3818 perpessus,
744 3741 821 3806 navi
835 3739 979 3818 quadam
992 3739 1129 3804 subvec-
1182 3739 1264 3812 lino,
1281 3755 1355 3800 cum
1371 3739 1505 3816 quidam
1520 3739 1585 3800 viri
1601 3739 1633 3800 et
1648 3737 1805 3800 mulieres
1820 3737 1855 3798 in
1867 3739 1982 3799 consi-

328 3845 395 3913 tus,
409 3840 451 3902 de
463 3839 696 3901 ultramarinis
708 3839 859 3916 partibus
872 3837 1041 3902 veniebat.
1125 3906 1127 3912 ,
1183 3837 1254 3900 mili
1274 3837 1386 3898 essent
1406 3835 1553 3912 periculo
1578 3835 1762 3907 constituti,
1777 3835 1818 3896 ad
1835 3835 1979 3897 invoca-

369 3938 554 4000 Ferebatur
574 3939 685 4000 aulem
700 3939 772 4015 ipse
789 3937 831 4002 ad
854 3939 887 3998 S.
911 3936 1127 4000 Franciscum
1181 3934 1306 3998 tionem
1330 3933 1475 3996 nominis
1491 3935 1524 3994 S.
1542 3933 1723 4000 Francisoi,
1751 3932 1794 3994 de
1816 3947 1980 4010 aquarum

329 4036 692 4117 praecipuodevotionis
703 4032 1029 4105 affectu,eteumsibl
1040 4032 1127 4109 apud
1184 4032 1363 4099 multarum
1387 4029 1575 4108 periculoso
1604 4029 1781 4106 naufragio
1796 4029 1979 4094 salubriter

330 4135 499 4196 coelestem
515 4137 639 4208 Regem
652 4133 800 4208 elegerat
816 4132 1024 4194 advocatum.
1046 4133 1126 4194 Cum
1183 4131 1372 4192 evaserunt.

330 4227 1128 4308 igiturnecdumperlecteliberamorbositisan·
1223 4225 1363 4297 Quidam
1397 4226 1508 4288 nauta
1548 4224 1748 4294 anconitani
1789 4224 1981 4302 periculosa

331 4328 536 4406 gustiaretur
556 4326 742 4398 ardoribus,
757 4326 1012 4402 deiicientejam
1027 4340 1125 4402 aqua,
1181 4324 1378 4400 tempestate
1387 4322 1517 4399 jactati,
1530 4321 1771 4386 submersionis
1791 4322 1981 4398 periculum

331 4424 752 4503 ooepitaltavoceclamare
763 4421 1128 4495 :Italidenter,haurite
1178 4423 1248 4499 jam
1264 4419 1431 4485 videbant.
1447 4423 1594 4496 Cumque
1611 4420 1660 4481 sie
1672 4420 1841 4496 desperati
1856 4419 1898 4480 de
1910 4421 1981 4482 vita
2064 4415 2065 4422 ’

332 4525 486 4602 pocillum
495 4522 589 4594 mibi,
603 4522 681 4599 quia
692 4523 727 4582 Β.
743 4521 944 4608 Ἑτεηοίεοιιε
954 4519 1127 4582 vasculum
1183 4521 1218 4582 S.
1240 4518 1457 4580 Francisoum
1479 4515 1675 4593 suppliciter
1695 4516 1905 4588 invocarent,
1921 4517 1979 4578 lu-

331 4639 441 4686 meum
476 4637 563 4700 aqua
601 4619 757 4702 replevit.
786 4618 908 4683 Mirum
930 4619 1036 4682 certet
1066 4619 1125 4680 ln·-
1181 4631 1257 4676 men
1273 4616 1306 4675 in
1319 4616 1403 4676 mari
1415 4631 1570 4690 magnum
1584 4615 1750 4691 apparuit,
1769 4615 1889 4676 etcum
1904 4615 1980 4692 ipso

329 4722 496 4784 venerunt
518 4735 578 4780 vas
600 4734 686 4794 aqua
707 4716 887 4795 repletum,
908 4715 994 4793 quod
1019 4715 1128 4779 luerat
1181 4713 1308 4775 lumine
1320 4713 1545 4790 tranquillitas
1563 4727 1723 4774 concessa
1746 4711 1980 4784 divinitasne

330 4821 408 4882 ante
436 4833 577 4879 vacuum
605 4815 812 4880 derelictum.
841 4814 917 4876 Alio
950 4829 1031 4876 vero
1059 4813 1125 4886 die,
1181 4811 1209 4872 si
1225 4810 1341 4873 beatus
1351 4809 1405 4872 vir
1427 4825 1489 4870 sua
1513 4809 1667 4874 miranda
1685 4809 1808 4872 virtute
1822 4811 1856 4872 et
1869 4810 1980 4872 ventis

330 4931 405 4978 cum
430 4915 628 4991 tempestate
657 4912 792 4977 suborta
820 4912 1007 4988 operiretur
1029 4910 1126 4974 navis
1181 4909 1349 4984 imperare
1358 4908 1469 4984 poseat
1480 4909 1514 4970 et
1536 4907 1632 4970 mari.
1645 4907 1982 4980 Quantisautemmi-

330 5011 497 5082 fiuctibus,
515 5013 548 5074 et
562 5011 718 5088 procellis
727 5011 920 5089 quateretur
932 5008 1123 5086 pervalidis,
1179 5007 1370 5072 raculorum
1398 5004 1560 5082 prodigiis
1593 5004 1710 5068 beatus
1737 5003 1792 5066 bic
1818 5005 1916 5080 pater
1945 5007 1980 5066 in

329 5111 377 5181 ita
392 5111 428 5170 ut
439 5111 509 5186 jam
522 5107 735 5183 naufragium
749 5105 916 5177 timerent,
926 5105 1027 5180 coeptt
1037 5103 1125 5168 idem
1180 5104 1265 5166 mari
1280 5103 1451 5174 claruerit,
1473 5103 1505 5163 at
1520 5101 1694 5174 clarescat,
1711 5102 1842 5182 quoties
1853 5102 1979 5164 ibidem

328 5207 481 5270 infirmus
504 5204 612 5268 subito
634 5205 779 5266 clamore
791 5203 970 5266 vociferari
985 5217 1045 5280 per
1058 5217 1124 5264 na·
1180 5217 1275 5277 opem
1302 5201 1417 5266 tulerit
1439 5200 1636 5276 desperatis,
1667 5199 1859 5270 nullatenus
1879 5201 1979 5262 merlo

329 5322 403 5367 vem
430 5326 437 5364 ε
461 5302 594 5380 Surgite
619 5317 745 5374 omnes,
772 5301 890 5378 inquit,
913 5301 946 5367 et
967 5303 1003 5362 a
1018 5301 1125 5362 Fran·
1180 5297 1337 5376 possibile
1353 5313 1412 5375 per
1428 5297 1560 5372 singula
1574 5311 1744 5361 enarrare.
1760 5298 1830 5359 Nec
1842 5298 1977 5370 mirum,

329 5405 418 5466 cisco
443 5401 590 5466 venienti
615 5401 781 5463 occurrite
801 5415 900 5468 :ecoe
925 5398 965 5460 ad
986 5399 1124 5461 salvan·
1180 5397 1206 5460 si
1220 5397 1290 5472 jam
1306 5395 1461 5470 regnanti
1474 5395 1510 5456 in
1526 5395 1619 5456 coelis
1634 5395 1792 5457 collatum
1807 5397 1858 5458 est
1871 5396 1980 5473 impe-

328 5503 405 5564 dum
427 5516 488 5562 nos
508 5499 612 5570 adest,
636 5499 751 5575 sicque
772 5513 845 5560 cum
861 5511 942 5558 voce
958 5511 1078 5570 magna
1092 5497 1125 5558 et
1179 5495 1266 5556 rium
1280 5509 1380 5570 super
1392 5507 1496 5571 aquas
1510 5515 1516 5552 :
1528 5493 1582 5555 cui
1598 5495 1631 5554 et
1645 5494 1680 5554 in
1694 5493 1757 5554 hae
1771 5494 1979 5556 mortalitate

327 5597 486 5684 lacrymis
522 5597 557 5657 in
586 5596 705 5658 taciem
745 5593 920 5672 procidens
955 5593 1122 5654 adoravit.
1182 5591 1326 5668 degenti,
1344 5592 1806 5668 omnisoorporeaoreatura,
1824 5591 1976 5654 adsuam

328 5697 447 5758 Statim
466 5694 505 5756 ad
527 5693 633 5757 sancti
649 5693 812 5754 visionem
826 5705 956 5752 omnem
980 5689 1124 5766 sospita·
1178 5689 1358 5766 rellgurala
1381 5689 1556 5766 originem,
1570 5687 1772 5750 mirabiliter
1796 5689 1974 5751 serviebat.
