4158 6380
328 253 368 314 63
766 251 820 312 nh
843 249 981 313 OPERA
1003 249 1036 312 S.
1060 249 1281 314 thNcisci
1302 251 1529 312 assisiens
1938 249 1977 310 64

328 411 487 476 Ecclesiae
512 409 676 474 evehebar
689 411 839 484 gradum,
854 411 920 470 nisi
935 409 1122 472 humilitate

329 511 500 576 Francisci
516 526 567 570 me
593 507 691 575 tueri,
726 523 790 583 quo
813 510 964 568 securius
981 524 1121 584 'possem

329 611 441 674 oneris
465 606 607 682 iniuncti
627 605 801 681 procellas,
826 605 956 666 labores
981 609 1013 665 et
1037 621 1122 665 onus

328 708 515 772 sustineret
538 703 601 764 Sed
626 702 703 779 quid
731 703 852 764 multat
875 719 983 764 nonne
999 703 1123 763 cineri-

329 807 401 869 cius
416 803 548 865 habitus
573 800 744 862 Francisci
760 816 838 860 vere
858 815 1043 877 purpureus
1059 800 1119 870 est,

328 920 393 981 quo
414 901 527 963 ornari
542 899 644 975 possit
660 898 752 972 regia
773 900 805 958 et
820 898 1032 959 cardinalitia
1048 897 1122 970 dig-

229 1019 242 1042 ·
326 1001 549 1063 nitastcvero
561 1011 746 1072 purpureus
757 996 807 1055 est
818 993 877 1074 (1),
891 1011 986 1071 quem
999 994 1121 1054 Christi

329 1101 440 1176 signat
465 1111 574 1164 cruor,
607 1095 638 1153 et
669 1092 836 1168 passionis
863 1095 935 1169 ejus
960 1090 1123 1152 coloravit

328 1201 409 1261 ildes
424 1217 458 1274 »3
487 1199 520 1258 et
543 1205 639 1270 quem
664 1189 785 1251 Christi
803 1191 875 1251 vice
889 1189 1026 1267 proprio
1038 1204 1120 1248 san-

329 1299 461 1374 guinee
477 1294 581 1356 sacris
597 1289 806 1366 stigmatibus
822 1287 986 1358 effluente,
1004 1285 1123 1346 rubre-

328 1395 408 1458 tecit
431 1392 640 1454 Franciscus.
675 1393 769 1449 Anne
795 1385 965 1447 humilitas
1000 1383 1122 1443 Christi

328 1492 471 1554 servitus
480 1491 548 1550 esti
560 1505 578 1547 c
590 1486 728 1548 servilis
744 1500 811 1545 non
825 1485 875 1544 est
887 1497 985 1558 quam
998 1479 1122 1555 regalis

328 1588 483 1651 nobilitat
497 1600 645 1663 purpura
658 1581 718 1662 (2),
732 1581 962 1642 ornamentum
978 1579 1028 1640 est
1042 1594 1124 1656 pur-

329 1703 414 1766 pura
430 1685 570 1760 regium.
594 1683 689 1742 Hunc
707 1679 735 1740 si
756 1679 830 1756 quis
843 1677 896 1737 vel
912 1676 1120 1751 dedignetur,

327 1785 380 1847 rel
396 1783 574 1844 abhorreat
593 1779 753 1848 habitum,
772 1775 933 1851 respiciat
954 1773 1040 1851 quod
1056 1789 1122 1832 non

328 1883 471 1960 griseus
488 1879 544 1939 sed
562 1891 746 1954 purpureus
762 1876 827 1936 sit:
844 1871 1015 1933 humilitas
1028 1887 1124 1931 nam-

330 1995 393 2058 que
420 1977 572 2053 suscepta
600 1989 658 2051 pro
683 1971 812 2033 Christo
836 1970 966 2045 regiam
988 1966 1124 2045 praefert

327 2077 535 2152 dignitatem.
552 2090 571 2133 r

368 2172 451 2245 Quid
478 2185 557 2245 ergo
579 2167 661 2228 iecit
684 2181 865 2243 purpuram
885 2179 1031 2242 purpura
1047 2177 1124 2224 con·

326 2258 1122 2343 texi,cardinalitiamregia;tantumabest,quod

327 2359 1120 2435 mehumiliaverim,utmeritodubitarepossim,

327 2485 370 2532 an
384 2464 616 2544 superbierim.
629 2462 776 2537 Denique
793 2461 828 2520 ut
838 2475 953 2520 verum
967 2456 1123 2518 Francis·

327 2581 420 2630 canae
439 2560 613 2637 religionis
628 2559 810 2620 amatorem
833 2572 884 2617 me
900 2555 1119 2624 ostenderem,

326 2666 415 2726 inter
428 2665 499 2737 ejus
512 2659 599 2718 illios
613 2655 848 2717 connumerari
860 2655 965 2726 volui;
979 2653 1011 2714 et
1025 2667 1121 2728 quem

327 2763 427 2824 corde
455 2756 638 2837 portabam,
673 2754 822 2815 exterius
849 2753 1026 2828 praeferre,
1057 2765 1121 2826 quo

326 2861 423 2923 modo
439 2873 580 2936 possem,
596 2854 744 2915 habitum
757 2851 941 2926 religionis,
959 2853 1054 2926 cnjus
1071 2861 1122 2906 me

327 2954 613 3022 devinctissimum
630 2953 733 3012 fllium
758 2951 916 3028 profiteor
931 2969 937 3008 :
954 2950 988 3008 61
1006 2965 1025 3008 o
1050 2947 1121 3006 uti-

326 3075 403 3121 nam
419 3056 496 3118 talis
513 3051 668 3130 operibus
684 3051 895 3125 apparerem!
919 3050 987 3120 Age
1007 3045 1120 3119 igitur,

327 3158 373 3219 mi
385 3155 488 3217 irater
503 3155 535 3214 et
549 3149 654 3228 patris
668 3147 784 3218 nostri,
798 3161 881 3222 quas
896 3141 1072 3218 collegisti,
1086 3143 1122 3202 in

326 3253 471 3316 medium
483 3245 907 3326 prolerreliquiasoperum
919 3240 1119 3311 etlaborum,

329 3365 468 3429 quorum
485 3361 570 3406 nova
591 3344 665 3405 luce
685 3343 802 3403 ultima
817 3340 984 3400 illustrata
1000 3336 1122 3397 saecula

327 3441 572 3522 resplendeant,
598 3441 631 3501 et
645 3439 728 3501 tanti
749 3438 853 3516 patris
869 3433 1039 3496 laboribus
1063 3433 1123 3494 lae·

327 3544 448 3606 tentur.
464 3543 564 3616 Cujus
581 3537 683 3599 oflicii
704 3537 737 3597 te
761 3549 928 3610 nunquam
952 3530 1121 3608 poeniteat,

326 3627 1119 3707 necaliamdesideresutilitatem,quamseoisse;

327 3737 476 3801 muneris
492 3736 602 3796 autem
625 3731 709 3793 tanti
727 3730 761 3790 in
778 3745 830 3789 me
850 3727 973 3797 collati,
991 3741 1123 3800 semper

326 3850 452 3898 memor
478 3848 546 3893 cro.
576 3829 669 3901 Vale,
695 3831 729 3890 et
755 3828 790 3887 in
815 3825 938 3886 sanctae
963 3827 1121 3885 Romanae

326 3931 484 3996 Ecclesiae
499 3929 692 4006 obsequium
707 3928 740 3988 te
757 3927 845 3985 Deus
866 3921 976 3983 servet
991 3919 1122 3981 incolu-

326 4048 424 4101 mem,
440 4026 619 4089 virtutibus
641 4023 773 4098 augeat,
788 4022 829 4081 de
852 4022 947 4096 cujus
973 4017 1122 4078 bonitate

327 4127 457 4190 confido
488 4123 616 4184 maritis
648 4121 717 4182 tuis
749 4117 886 4194 praemia
912 4129 1121 4189 nequaquam

327 4224 491 4286 defutura.
504 4220 576 4280 Dat.
586 4217 718 4288 Tibure,
732 4217 752 4275 3
760 4213 849 4291 julii,
858 4211 936 4272 anni
946 4211 1119 4270 MDGXXI.

697 4464 759 4549 ΙΙΙ

326 4655 487 4710 JUDICIUM
529 4645 805 4700 GRAVISSIMORUM
846 4641 1033 4690 AUCTORUM
1078 4641 1121 4688 DE

367 4754 447 4804 VITA
483 4751 510 4810 S·
545 4742 722 4794 FRANCISCI
754 4741 776 4788 A
809 4740 836 4786 S·
871 4737 1122 4787 Bonevbnrmte

368 4844 588 4897 CONSCRIPTA·

507 5014 714 5078 Octavianus
729 5025 751 5071 c
764 5008 939 5070 Morttnts.

369 5156 398 5214 1.
430 5153 463 5212 S.
491 5144 724 5210 Bonaventura
746 5157 820 5203 cum
841 5140 972 5201 intenso
999 5140 1121 5202 affectu

329 5250 477 5312 studeret
488 5239 751 5318 contemplando,
769 5239 801 5299 et
814 5237 1004 5299 annotando
1019 5237 1121 5299 vitam

328 5353 365 5412 Β.
382 5341 564 5413 Francisci,
580 5337 746 5416 gloriosus
762 5337 795 5395 S.
807 5335 950 5396 Thomas
963 5333 1004 5394 de
1017 5335 1122 5410 nqui-

365 5495 407 5572 (1)
427 5491 523 5551 abban
537 5485 681 5556 Gillebert,
695 5483 836 5552 sermon,
851 5483 894 5553 18,
911 5481 940 5539 in
952 5481 1066 5541 Cantica
1083 5482 1122 5539 in.

329 5579 371 5628 tar
386 5570 477 5638 Opera
493 5557 626 5619 Bernard.

1178 425 1231 482 no,
1249 411 1305 486 qui
1331 411 1445 471 eadem
1468 411 1664 488 tempestate
1692 410 1822 472 meritis
1838 410 1975 481 claruit,

1177 510 1421 568 Bonaventurae
1443 523 1562 582 magna
1589 509 1753 569 charitate
1776 510 1977 585 conjunctus

1177 604 1253 676 luit;
1270 606 1431 666 accedens
1447 606 1487 666 ad
1501 606 1593 666 illius
1610 605 1811 677 cubiculum,
1827 606 1977 682 persora·
2061 631 2062 638 ,

1177 715 1251 762 men
1264 702 1341 764 ostii
1354 702 1563 779 introspexit,
1577 704 1726 780 viditque
1736 704 1831 763 illum
1842 704 1878 762 in
1894 718 1978 764 con-

1177 799 1390 875 temptatione
1402 802 1708 876 raptum,etaterra
1719 799 1977 860 mirificesuble·

1177 897 1298 957 ratum.
1312 900 1393 956 Tum
1410 898 1623 958 retrocedens
1636 898 1676 957 ad
1688 913 1787 958 suos:
1804 897 1972 968 Sinamus,

1178 993 1294 1069 inquit,
1322 996 1485 1064 sanctum,
1516 995 1573 1070 qui
1599 995 1730 1055 laborat
1755 1010 1815 1071 pro
1845 997 1973 1056 sancto.

1177 1087 1287 1167 (Orat.
1309 1107 1421 1152 coram
1451 1091 1545 1153 Sixto
1574 1093 1617 1154 IV
1644 1091 1765 1155 Pontii.
1797 1091 1912 1153 habita
1938 1092 1973 1150 in

1177 1187 1407 1267 consistorio.)

1236 1377 1271 1438 S.
1288 1377 1494 1446 actoritatis,
1515 1377 1653 1438 Ordinis
1670 1379 1704 1438 S.
1728 1380 1912 1444 Dominica

1309 1475 1586 1548 archiepiscopus
1605 1475 1838 1535 Florentiam.

1217 1624 1248 1684 2.
1264 1624 1296 1683 S.
1314 1623 1547 1685 Bonarentura
1563 1623 1639 1684 stilo
1654 1623 1801 1685 mirabili
1815 1625 1919 1686 vitam
1935 1627 1972 1686 Β.

1177 1721 1348 1781 Francisci
1360 1721 1563 1796 compilavit,
1577 1721 1750 1798 ipsamque
1761 1721 1918 1783 diffusam
1931 1723 1974 1784 ad

1178 1817 1497 1893 compendiosiorem
1521 1816 1661 1878 sormam
1676 1818 1826 1892 reduxit;
1852 1821 1888 1878 in
1909 1835 1975 1897 qua

1178 1914 1262 1974 nihil
1277 1915 1388 1990 posuit
1402 1916 1467 1975 nisi
1489 1915 1627 1987 certum,
1640 1916 1672 1976 et
1685 1915 1858 1992 probatum
1877 1917 1975 1978 testi-

1178 2011 1239 2071 bus
1252 2011 1315 2072 ilde
1328 2010 1448 2086 dignis.
1461 2009 1580 2089 (Hist,
1593 2014 1677 2087 part.
1692 2028 1742 2084 111,
1757 2013 1807 2075 tit.
1824 2014 1876 2081 24,
1889 2013 1973 2092 c.8.)

1385 2200 1512 2260 Jodous
1526 2200 1758 2260 Clicbtonaeas.

1217 2348 1248 2406 3.
1271 2347 1381 2408 Vitam
1409 2350 1445 2407 Β.
1477 2348 1647 2408 Francisoi
1677 2350 1709 2408 S.
1737 2350 1972 2410 bonaventura

1177 2459 1251 2503 cum
1265 2459 1385 2519 magna
1401 2445 1533 2521 pietate,
1549 2448 1583 2506 et
1593 2446 1784 2507 sinceritate
1799 2449 1974 2523 conscrip-

1177 2542 1231 2602 sit.
1250 2541 1363 2620 (Cone.
1388 2545 1429 2602 de
1451 2544 1485 2603 S·
1508 2541 1651 2621 Frena.)

1197 2722 1388 2780 Ludooiccs
1409 2721 1648 2791 Grcnatarrsis,
1674 2721 1812 2782 Ordinis
1833 2725 1954 2784 Salacia·

1481 2821 1662 2878 Dominici.

1215 2951 1245 3010 4.
1263 2949 1419 3026 Quisquis
1434 2948 1522 3012 beati
1546 2950 1717 3012 Francisci
1734 2951 1848 3023 vitam,
1873 2969 1973 3028 quam

1177 3047 1406 3109 sanctissimus
1433 3049 1666 3109 Bonaventura
1687 3049 1897 3125 conscripsit,
1916 3050 1973 3110 di-

1176 3145 1318 3220 ligenter
1331 3145 1518 3216 attenderit,
1532 3146 1680 3207 inveniet
1698 3146 1796 3221 plane
1816 3147 1976 3223 pulcher-

1177 3243 1297 3302 rimum
1322 3243 1485 3318 quoddam
1506 3244 1673 3304 certamen
1697 3243 1785 3303 inter
1800 3247 1904 3304 Deum
1920 3247 1975 3320 ip-
2060 3309 2061 3326 ἶ

1177 3355 1315 3415 sumque
1331 3341 1546 3401 Francisoum
1558 3341 1799 3402 intercessisse.
1813 3341 1873 3402 Vir
1883 3343 1973 3402 enim

1178 3442 1324 3508 sanctus,
1338 3437 1605 3498 Deivoluntatem
1620 3438 1654 3496 in
1671 3438 1822 3498 omnibus
1833 3440 1973 3516 exsequi

1177 3533 1365 3605 nitebatur;
1389 3535 1475 3594 Deus
1491 3535 1618 3605 contra,
1635 3536 1741 3596 sancti
1765 3536 1829 3596 viri
1846 3537 1971 3596 volun-

1176 3629 1237 3691 tati
1266 3629 1419 3691 omnibus
1447 3630 1482 3690 in
1509 3631 1609 3691 rebus
1631 3631 1885 3708 obsequebatur.
1913 3634 1973 3694 1116

1177 3727 1361 3803 abjectione
1377 3726 1440 3798 sui,
1452 3727 1510 3786 Dei
1523 3727 1664 3804 gloriam
1678 3729 1869 3790 fidelissime
1880 3747 1973 3806 quaa-

1176 3824 1285 3899 rebat;
1312 3826 1399 3885 Deus
1420 3825 1548 3896 contra,
1570 3826 1658 3885 servi
1681 3825 1840 3886 honorem
1864 3827 1972 3886 modis

1176 3921 1328 3983 omnibus
1341 3919 1574 3997 amplificabat.
1591 3921 1650 3982 Ille
1665 3923 1754 3983 totus
1771 3923 1892 3984 divinae
1906 3939 1972 3984 vo-

1176 4019 1313 4080 luntatis
1342 4017 1540 4079 obedientiae
1568 4018 1710 4079 traditus
1736 4021 1809 4080 erat
1829 4022 1974 4082 :contra

1175 4131 1254 4178 vero
1270 4119 1357 4175 Deus
1372 4117 1543 4176 creaturas
1558 4131 1684 4186 omnes,
1701 4117 1798 4193 atquc
1814 4117 1896 4177 adeo
1913 4134 1972 4178 se-

1175 4213 1350 4288 metipsum
1379 4211 1587 4273 obedientem
1612 4212 1663 4272 illi
1687 4211 1877 4275 exhibebat.
1909 4215 1971 4275 1116

1176 4309 1288 4369 omnia
1319 4310 1454 4384 propter
1479 4311 1582 4368 Deum
1602 4307 1783 4384 reliquerat
1799 4331 1806 4368 :
1824 4313 1859 4371 at
1882 4313 1972 4370 Deus

1176 4405 1287 4466 omnia
1308 4405 1358 4466 illi
1380 4421 1498 4466 rursus
1515 4407 1704 4482 centuplum
1728 4409 1826 4468 aucta
1845 4423 1972 4482 repen-

1176 4501 1284 4575 debat,
1310 4503 1374 4563 hoc
1400 4503 1446 4564 ita
1466 4519 1539 4563 esse
1559 4502 1793 4578 deprehendet,
1819 4505 1971 4581 quisquis

1177 4598 1227 4678 (ut
1242 4600 1330 4660 modi
1345 4597 1429 4677 dixi)
1445 4602 1518 4676 ejus
1533 4601 1647 4672 vitam,
1665 4600 1698 4660 et
1708 4615 1762 4661 res
1780 4601 1821 4662 ab
1836 4615 1876 4662 eo
1893 4617 1973 4677 ges-

1177 4699 1226 4760 tas
1241 4695 1430 4772 perlegerit.
1451 4697 1543 4757 Nihil
1566 4697 1704 4757 enimin
1727 4713 1766 4758 ea
1781 4713 1847 4759 non
1872 4715 1970 4758 sum-

1176 4810 1276 4865 mum,
1301 4793 1385 4854 nibil
1407 4809 1472 4855 non
1492 4809 1624 4866 novum,
1647 4795 1680 4856 61
1700 4794 1852 4856 mirabile
1873 4795 1973 4857 inre-

1175 4893 1255 4953 niot.
1274 4888 1388 4968 (coac.
1402 4893 1420 4950 4
1433 4893 1474 4952 dc
1488 4893 1522 4952 S.
1535 4890 1748 4970 Franciseo.)

1177 5109 1321 5168 Thomas
1345 5107 1473 5165 Boziata
1502 5107 1786 5182 concrepationis
1815 5107 1972 5168 Oratorit

1471 5203 1663 5276 presbyter.

1214 5335 1245 5394 5.
1270 5335 1302 5394 S.
1319 5333 1490 5395 Francisci
1499 5333 1601 5394 vitam
1617 5334 1683 5396 late
1695 5334 1828 5410 pietatis
1843 5335 1973 5412 plenis-

1212 5481 1251 5553 111
1271 5480 1361 5552 idern,
1374 5479 1437 5539 eod.
1450 5480 1523 5539 loco.
