4204 6402
517 370 625 432 anns
653 369 854 432 1111111..-
874 327 1093 431 nurosrvvo
1124 367 1168 428 nv
1200 365 1401 428 renunes.

390 528 530 590 SERMO
552 529 680 590 LXXX.

158 665 160 670 '
228 658 270 714 De
284 655 375 714 tribus
388 655 558 728 haeresibus3
574 657 610 714 de
624 663 734 731 septem
749 657 834 714 vitiis

133 785 261 846 Manes
276 782 338 842 tua
350 781 470 857 peritas
485 783 700 858 disperdidit,
716 785 749 842 et
761 782 930 858 plantasti

175 893 233 940 cos
250 895 261 938 :
276 877 439 951 omisisti
450 883 605 954 populos,
625 879 659 940 et
680 879 844 954 adpetisti
859 893 927 939 eoa

140 979 160 1072 ,Α
177 973 283 1054 (Psal.
301 977 351 1048 43,
366 971 414 1054 3.)
517 1049 520 1056 Δ

173 1109 223 1179 ,De
246 1104 368 1182 quibus
390 1103 544 1181 gentibus
563 1105 652 1168 istud
675 1106 719 1172 sit
737 1105 930 1180 intelligen-

135 1203 226 1276 dum,
243 1201 416 1276 babemus,
432 1201 490 1262 ubi
503 1202 589 1266 dicit
606 1202 655 1264 sic
675 1206 776 1267 iosue
797 1200 926 1280 (3,10):

136 1317 158 1360 c
170 1301 208 1364 ln
227 1298 302 1370 boc,
323 1297 441 1378 inquit,
458 1298 583 1371 scietis,
604 1298 690 1375 qnod
709 1301 797 1359 Deus
813 1299 929 1360 vivens

136 1395 174 1458 in
192 1394 301 1456 medio
320 1395 423 1457 vestri
445 1395 506 1466 est,
532 1397 566 1456 et
588 1395 756 1472 disperdet
774 1395 810 1455 in
831 1409 930 1455 cons-

136 1493 233 1570 pectu
247 1492 360 1553 vestro
381 1492 618 1564 chananeum,
641 1494 675 1553 et
695 1493 880 1564 Hetlvaeum,
897 1491 930 1554 et

138 1591 308 1660 Hevaaum,
325 1588 358 1651 et
372 1589 597 1660 Pherezaeum,
614 1590 647 1650 et
661 1592 883 1664 Gergesaeum,
897 1591 930 1651 et

137 1684 336 1756 Jebusaeum,
352 1686 386 1746 et
400 1685 660 1748 amorrhaeum»
674 1707 682 1746 ε
700 1687 735 1746 Si
750 1689 837 1746 Deus
853 1701 930 1761 sep·

136 1782 203 1847 tem
218 1782 356 1859 populos
375 1783 457 1844 istos
475 1783 511 1843 in
532 1783 710 1859 conspectu
728 1785 839 1844 vestro
855 1782 928 1842 dis-

138 1879 277 1956 perdere
291 1879 445 1946 voluerit,
462 1879 534 1956 ipse
556 1880 660 1940 estin
684 1879 792 1940 medio
814 1879 928 1940 vestri.

139 1975 202 2037 Sed
217 1975 252 2034 in
273 1977 395 2036 Genesi
410 1974 474 2053 (15,
500 1977 537 2036 19
553 1979 586 2036 et
599 1973 653 2053 20)
673 1975 824 2052 adjungit
842 1977 929 2035 Deus

137 2072 222 2134 alios
243 2073 312 2132 tres
335 2072 486 2148 populos,
512 2072 641 2134 scilicet
662 2072 802 2142 cinaeos,
824 2073 930 2132 Gene-

137 2183 234 2241 caeos,
267 2171 300 2231 et
326 2168 503 2246 Rapbaim.
531 2169 663 2230 cinaeus
691 2169 930 2244 interpretatur

137 2265 257 2338 luctus,
275 2267 310 2328 et
323 2265 490 2340 significat
505 2266 717 2338 baereticum3
742 2265 829 2326 unde
844 2269 928 2326 Osee

137 2359 181 2440 (9,
198 2362 230 2441 4)
244 2385 251 2422 :
267 2363 471 2424 «sacrificia
486 2377 612 2434 eorum,
634 2362 730 2439 quasi
743 2362 839 2438 panis
851 2361 928 2422 lnc-

136 2460 190 2522 tus
204 2458 263 2537 (1),
286 2460 404 2532 omnis,
424 2459 480 2536 qui
502 2459 646 2522 comedit
663 2475 749 2530 eum,
767 2459 930 2520 contami-

136 2555 325 2618 nabitur.»
356 2558 534 2618 Genecaeue
567 2556 808 2632 interpretatur
839 2556 929 2618 zelo-

135 2653 244 2728 typus,
261 2653 314 2714 vel
333 2668 505 2730 possessor
520 2654 743 2729 contemptus;
765 2655 798 2716 et
818 2653 928 2727 signi·

136 2748 215 2812 licat
224 2749 388 2822 Judaeum,
403 2733 460 2827 qu‘r
475 2751 584 2811 adhuc
597 2750 668 2812 zelo
683 2751 768 2826 legis
784 2751 926 2822 ducitur,

136 2846 193 2922 qui
209 2847 305 2923 quasi
315 2847 489 2924 capsarius
502 2851 626 2909 nostrae
641 2847 725 2923 legis
741 2847 844 2909 libros
857 2863 929 2924 pos-

135 2942 233 3015 sidet,
248 2944 306 3005 sed
322 2943 417 3021 quasi
432 2943 701 3020 contemptibilis,
721 2961 795 3006 cum
817 2945 928 3006 omnia

1716 365 1776 425 778

985 525 1091 600 dium;
1119 525 1206 586 unde
1222 541 1270 586 :r
1293 526 1429 588 Omnem
1451 539 1564 586 escam
1586 521 1777 584 abominata

984 623 1034 685 esi
1058 622 1171 682 aniana
1196 635 1327 696 eorumq
1362 623 1395 682 at
1425 620 1778 697 appropinquaverunt

984 733 1088 794 usque
1107 719 1149 779 ad
1172 721 1286 795 portas
1309 718 1425 782 mortis
1449 734 1467 777 a
1490 714 1595 794 (Psal.
1619 719 1688 789 106,
1712 716 1776 794 18).

983 815 1199 877 amorrhaeus
1228 815 1467 890 interpretatur
1499 815 1698 885 amaricans,
1725 813 1778 874 vel

983 911 1135 986 loquens,
1164 912 1197 972 et
1229 912 1397 986 significat
1433 909 1605 974 invidiam.
1643 911 1778 972 Invidus

983 1007 1072 1070 enim
1085 1023 1152 1068 non
1167 1007 1275 1084 potest
1289 1008 1483 1069 nisiamara
1500 1008 1590 1084 loqui
1603 1008 1644 1070 de
1657 1023 1708 1080 ee,
1723 1007 1776 1069 cui

983 1103 1120 1164 invidet.
1137 1107 1279 1166 Havaeus
1296 1104 1536 1180 interpretatur
1553 1105 1680 1182 lapides
1699 1104 1779 1166 cali·

983 1201 1083 1277 ginis,
1101 1202 1134 1264 et
1151 1201 1320 1278 significat
1338 1201 1434 1272 iram,
1452 1217 1525 1278 quae
1538 1203 1636 1277 quasi
1649 1201 1779 1278 lapides

984 1297 1123 1372 colligit,
1146 1315 1221 1360 cum
1241 1298 1365 1373 cogitat
1384 1298 1425 1360 de
1445 1297 1604 1360 vindicta.
1629 1297 1691 1358 Hic
1711 1297 1779 1362 alio

984 1394 1118 1456 nomine
1134 1394 1327 1456 nominatur
1343 1395 1560 1456 Cedmonaeus
1574 1393 1633 1473 (2),
1655 1395 1712 1471 qul
1731 1395 1781 1454 in·

984 1490 1187 1566 terpretatur
1209 1492 1349 1568 antiqua
1374 1491 1523 1562 tristitia,
1554 1493 1587 1552 et
1611 1490 1781 1566 significat
1843 1513 1848 1519 ·

985 1587 1096 1649 odium
1110 1589 1311 1650 induratum.
1327 1589 1373 1650 De
1389 1591 1530 1666 utroque
1542 1589 1576 1650 in
1589 1588 1651 1651 lob
1665 1586 1708 1667 (5,
1722 1587 1756 1664 2)
1769 1605 1778 1650 τ

984 1685 1131 1747 «Virum
1144 1685 1281 1747 stultum
1297 1683 1344 1763 (3)
1364 1685 1523 1750 interficit
1540 1685 1726 1757 iracundie,
1747 1687 1780 1748 at

984 1782 1160 1856 parvulum
1175 1782 1297 1844 occidit
1308 1781 1446 1843 invidia.
1461 1800 1479 1844 v

1025 1878 1233 1940 Chananaeus
1255 1878 1492 1955 interpretatur
1514 1879 1698 1956 possidens,
1724 1880 1777 1942 vel

985 1990 1169 2050 possessor,
1184 1975 1236 2036 vel
1252 1976 1451 2052 negotiator,
1468 1978 1501 2038 et
1520 1977 1687 2052 significat
1702 1991 1779 2038 ava·

984 2072 1108 2144 ritiam,
1122 2073 1164 2132 ad
1175 2075 1270 2150 cujus
1283 2073 1535 2136 detestationem
1546 2073 1690 2136 lacobus
1703 2089 1779 2135 con·

984 2167 1152 2230 tradicens
1171 2169 1219 2230 ait
1233 2169 1277 2248 (5,
1300 2171 1315 2229 1
1338 2169 1379 2231 ad
1400 2168 1434 2247 3)
1448 2191 1455 2230 ε
1470 2187 1488 2229 r
1502 2172 1598 2245 Agite
1620 2186 1709 2232 nunc
1731 2171 1779 2232 dl·
1804 2175 1812 2203 ⁸

983 2266 1079 2337 vites,
1100 2266 1229 2342 plorate
1243 2266 1411 2327 ululantes
1424 2267 1460 2326 in
1482 2267 1626 2328 miseriis
1642 2268 1775 2340 vestris,

985 2377 1058 2438 quae
1073 2362 1252 2425 advenient
1266 2362 1371 2424 vobis.
1387 2363 1519 2424 Divitiae
1534 2364 1653 2426 vestrae
1669 2366 1778 2442 putre-

984 2457 1079 2521 lactae
1091 2461 1178 2521 sunt.
1190 2464 1326 2530 Aurum,
1339 2460 1553 2536 atargentum
1563 2461 1775 2536 aeruginavit,

984 2555 1017 2618 et
1029 2571 1142 2631 aerugo
1158 2571 1273 2618 eorum
1293 2557 1328 2617 in
1350 2557 1573 2620 testimonium
1590 2558 1685 2620 vohis
1698 2560 1774 2631 erit,

983 2653 1017 2713 et
1030 2653 1243 2714 manducabit
1255 2669 1372 2714 carnes
1391 2656 1521 2715 vestras
1541 2655 1628 2716 sicut
1644 2655 1743 2729 ignis.
1758 2674 1776 2717 a

984 2749 1100 2810 Glossa
1115 2771 1123 2809 ε
1139 2766 1158 2810 a
1172 2751 1300 2825 AErugo
1321 2751 1473 2826 pecuniae
1493 2751 1637 2812 vertitur
1659 2751 1694 2812 iu
1713 2755 1777 2816 tes·

982 2845 1157 2926 timonium
1176 2847 1344 2924 nequitiae,
1368 2849 1401 2908 ei
1419 2849 1633 2924 augmentum
1655 2866 1774 2925 poenae,

984 2943 1061 3021 quia
1086 2943 1244 3020 intelligit
1279 2960 1315 3005 se
1350 2946 1437 3006 male
1472 2957 1695 3022 congregasse
1721 2964 1774 3020 ea,

136 3053 304 3117 exponere
315 3041 398 3102 velit
409 3041 450 3102 ad
466 3041 623 3104 litteram.
641 3042 804 3119 Raphaim
822 3042 929 3103 inter·
983 3039 1102 3117 quibus
1113 3056 1179 3102 non
1188 3041 1358 3118 indigebat
1369 3041 1410 3102 ad
1421 3057 1518 3102 usum
1530 3044 1625 3116 vitae;
1640 3047 1776 3122 propter

135 3137 285 3213 pretatur
303 3138 434 3200 iactura
453 3141 585 3214 nostra;
610 3140 644 3203 et
668 3140 835 3214 significat
853 3140 929 3201 ido·
983 3137 1046 3200 boc
1068 3139 1205 3213 gravius
1230 3140 1433 3215 punietur.»
1453 3141 1610 3216 Sequitur
1628 3162 1636 3200 ε
1655 3143 1777 3204 «The-

134 3232 285 3308 lolatras,
314 3236 370 3312 qui
400 3252 484 3312 opus
507 3252 665 3298 manuum
688 3253 823 3299 suarum
845 3237 928 3299 ado-
983 3235 1177 3296 saurizastis
1198 3234 1292 3297 vobis
1316 3237 1400 3298 iram
1422 3235 1456 3296 in
1484 3235 1601 3297 diebus
1629 3239 1776 3300 novissi-

135 3332 222 3395 rant.
248 3333 314 3395 Per
334 3333 395 3394 hos
423 3333 527 3408 igitur
547 3333 686 3410 populos
709 3335 926 3411 intelligimus
982 3333 1091 3392 mis.»
1115 3332 1232 3393 Glossa
1254 3355 1261 3392 ε
1286 3349 1304 3392 a
1331 3333 1493 3405 Quoniam
1518 3335 1670 3410 neglecta
1694 3353 1775 3400 cura

137 3428 310 3504 perfidiam
332 3429 513 3506 judaicam,
539 3430 706 3502 haeresim,
730 3433 764 3494 et
785 3432 927 3494 idolola-
983 3443 1175 3505 pauperum,
1200 3427 1395 3489 thesaurum
1420 3431 1570 3506 pecuniae
1596 3447 1776 3510 congrega-

135 3525 246 3586 triam.
274 3527 317 3587 Hi
341 3526 453 3603 populi
479 3541 546 3588 non
569 3528 695 3591 vexant
715 3527 802 3588 illios
823 3529 927 3590 Israel
982 3524 1079 3595 batis,
1096 3525 1181 3584 iram
1197 3525 1314 3585 aeterni
1325 3525 1450 3600 judicis
1471 3528 1676 3601 cumulastis,
1701 3547 1773 3606 quae

135 3622 210 3696 post
222 3623 401 3686 transitum
413 3623 582 3684 iordanis.
597 3623 656 3682 ilis
668 3623 822 3685 omnibus
835 3625 927 3686 vitiis
982 3621 1128 3683 noudum
1167 3622 1316 3696 apparet,
1350 3621 1408 3681 sed
1437 3624 1628 3684 novissimis
1659 3625 1774 3688 diebus

133 3719 367 3781 renunciatum
382 3721 433 3782 est
448 3719 483 3781 in
498 3719 674 3795 baptismo.
978 3719 1049 3794 jam
1075 3716 1262 3777 certissima
1288 3717 1403 3777 restat.
1424 3733 1450 3776 .»
1482 3719 1638 3795 Sequitur
1663 3721 1774 3782 idem:

176 3815 240 3878 Sed
261 3817 370 3878 adhuc
391 3817 467 3894 post
483 3815 684 3891 baptismum
707 3816 811 3879 restat
830 3816 927 3878 uobis
981 3815 1098 3874 «Ecce
1124 3827 1255 3872 merces
1277 3812 1518 3889 operariorum,
1546 3817 1604 3891 qni
1632 3833 1777 3880 messua-

135 3911 258 3974 bellum
282 3917 398 3976 contra
428 3915 554 3991 septem
580 3913 674 3982 vitia,
709 3929 769 3990 per
802 3915 926 3992 septem
981 3911 1060 3972 runt
1075 3909 1229 3984 regiones
1251 3910 1390 3981 vestras,
1413 3925 1487 3986 quae
1508 3910 1661 3975 fraudata
1681 3917 1775 3978 esta

135 4011 265 4087 priores
280 4013 418 4090 populos
438 4010 622 4088 designata.
643 4013 690 4072 De
708 4026 847 4088 quorum
863 4025 927 4072 nu·
981 4005 1088 4079 vobis,
1114 4007 1246 4079 clamat,
1274 4010 1307 4069 et
1333 4007 1460 4070 clamor
1481 4023 1596 4070 eorum
1617 4011 1653 4070 in
1675 4029 1774 4078 aures

135 4123 227 4171 mero
246 4111 297 4170 est
315 4113 519 4186 Gergasaeus,
540 4109 597 4186 qui
618 4109 857 4186 interpretatur
874 4124 926 4170 co
981 4105 1113 4168 Domini
1122 4103 1267 4166 Sabaoth
1277 4105 1595 4169 introivitvillossa
1608 4113 1775 4187 :abiegna

133 4203 242 4277 lonus,
258 4206 311 4266 vel
324 4206 452 4268 advene
465 4206 749 4283 appropinquans3
768 4207 801 4268 et
815 4207 926 4281 signat
980 4201 1140 4280 iniquitas
1152 4205 1212 4273 est,
1225 4217 1300 4263 cum
1311 4219 1474 4280 pauperes
1485 4205 1604 4268 nolunt
1612 4211 1773 4285 recipere,

134 4302 335 4378 superbiam,
351 4320 425 4379 quaa
441 4303 536 4380 quasi
555 4303 692 4365 colonus
710 4303 750 4366 de
770 4303 844 4366 loco
865 4319 924 4364 suo
980 4302 1013 4364 et
1049 4301 1266 4362 mercenariis
1303 4299 1438 4362 famulis
1470 4299 1615 4366 debitam
1648 4305 1774 4370 laboris

133 4399 233 4474 ejecit
256 4399 423 4460 diabolum
443 4400 484 4461 de
505 4400 614 4462 coelo:
637 4401 671 4464 at
693 4400 778 4462 bane
800 4401 925 4463 dicitur
980 4398 1165 4460 mercedem
1187 4397 1306 4458 nolunt
1324 4398 1480 4474 reddere3
1497 4417 1515 4460 a
1532 4403 1619 4464 unde
1633 4404 1695 4466 Job
1709 4403 1773 4482 (31,

134 4495 264 4584 advena
297 4497 582 4572 appropinquans;
612 4499 768 4575 quoniam
800 4500 924 4575 quanto
979 4494 1422 4573 380t39):«Siadversum
1441 4513 1494 4558 me
1509 4498 1600 4560 terra
1618 4500 1775 4563 maacla-

126 4592 241 4668 ¹magis
260 4589 391 4656 videtur
412 4595 480 4654 Deo
499 4595 768 4671 appropinquare
790 4611 850 4672 per
869 4612 925 4657 ex·
979 4595 1058 4664 mat,
1084 4594 1117 4656 et
1146 4608 1220 4653 cum
1243 4592 1318 4668 ipsa
1343 4591 1428 4653 sulci
1460 4596 1533 4669 ejus
1566 4595 1716 4660 deflent:
1743 4599 1772 4659 si

133 4691 335 4763 cellantiam,
357 4689 449 4752 tanto
469 4690 575 4765 magis
599 4707 618 4752 a
640 4693 707 4752 Deo
730 4693 867 4764 recedit,
893 4695 926 4754 et
980 4691 1106 4752 fructus
1115 4692 1187 4765 ejns
1196 4689 1323 4750 comedi
1334 4689 1459 4764 absque
1469 4691 1629 4766 pecunia;
1644 4695 1772 4771 supple,
1895 4757 1896 4762 ,

134 4789 317 4862 alienatum
343 4787 431 4849 unde
453 4786 515 4849 Job
538 4784 603 4865 (13,
628 4786 680 4866 12)
697 4805 740 4848 :a
764 4790 924 4850 Memoria
968 4788 1066 4852 ¹male
1081 4787 1164 4847 mibi
1181 4786 1349 4848 accidat.»
1366 4785 1427 4847 tob
1450 4803 1529 4862 ergo
1549 4788 1633 4850 bene
1655 4791 1776 4858 adver·

132 4889 243 4950 vestra
268 4884 514 4962 comparabitur
536 4884 653 4956 cineri,
675 4886 709 4945 et
731 4885 925 4960 redigentur
979 4884 1069 4946 tabat
1085 4883 1170 4960 quod
1191 4883 1313 4946 dicitur
1330 4883 1365 4944 in
1377 4883 1444 4943 alia
1461 4884 1578 4946 Glossa
1591 4908 1598 4945 :
1613 4903 1631 4948 ‹
1645 4889 1680 4949 Si
1696 4907 1775 4966 pau·

132 4981 169 5044 in
190 4983 295 5046 lutum
317 4982 464 5046 eervices
487 4981 618 5044 vestre.
639 4981 799 5047 Hetlraeus
820 4982 926 5044 inter·
979 4997 1077 5060 peres
1086 4981 1197 5044 omnia
1207 4981 1370 5057 patienter
1382 4981 1525 5042 serentes
1536 4999 1602 5047 non
1614 4985 1772 5062 clamant,

132 5081 282 5158 pretatur
304 5082 430 5156 stupor,
460 5081 493 5142 et
518 5079 629 5155 signat
655 5079 830 5147 accidiam,
853 5079 924 5140 sive
979 5081 1229 5142 mercestamen
1246 5080 1377 5142 retenta
1392 5078 1523 5141 clamat.
1540 5097 1559 5142 »
1576 5083 1774 5151 Pberenaeus

131 5177 314 5249 tristitiam,
328 5193 401 5254 quae
418 5191 513 5238 escas
529 5175 652 5240 babere
667 5175 760 5241 ducit
777 5176 813 5238 in
834 5175 925 5238 lasti·
978 5177 1217 5253 interpretatur
1229 5175 1442 5238 deseminans
1456 5177 1592 5244 terram.

168 5315 209 5390 (1)
229 5318 336 5389 vulg:
353 5315 432 5388 quasi
448 5315 532 5387 panis
552 5315 721 5390 lugentium,
742 5329 854 5383 omnes,
876 5315 924 5386 qui
980 5317 1166 5374 commentar.
1181 5315 1210 5372 in
1231 5317 1312 5383 Gen„
1332 5329 1395 5387 cap.
1418 5317 1461 5382 lb,
1479 5318 1631 5378 scribens:
1652 5321 1771 5382 Cadmo·

132 5388 284 5446 comedent
306 5399 382 5454 eum,
407 5386 683 5444 contaminabuntur.
707 5387 807 5446 versic
829 5401 924 5458 grmca
978 5401 1067 5444 neos.
1085 5387 1120 5442 lli
1132 5392 1214 5443 erunt
1225 5400 1260 5444 ex
1275 5400 1383 5459 genere
1398 5389 1580 5460 bavarorum,
1595 5398 1682 5464 atque
1696 5396 1773 5453 circa

133 5459 225 5518 Lxx:
244 5457 728 5538 quesipanisluetuseis:omnes,
764 5456 925 5514 ulmandu·
979 5463 1107 5514 montem
1120 5458 1246 5514 llermon
1262 5457 1498 5516 immorabantur.

132 5536 270 5608 caverunt
289 5541 334 5598 ea,
354 5472 791 5610 contaminabuntumPeraler.
807 5527 901 5584 chald.
915 5544 922 5584 :
1015 5527 1056 5599 (3)
1071 5527 1172 5583 Virum
1183 5527 1312 5584 stultum.
1325 5527 1371 5584 Sic
1380 5528 1451 5628 legit
1466 5531 1493 5587 S.
1506 5529 1670 5603 Gregorius,
1685 5532 1735 5593 lib.
1749 5535 1773 5596 V

132 5601 238 5668 omnis,
254 5597 302 5670 qui
316 5613 352 5654 eo
366 5602 506 5664 vescetur,
522 5595 770 5654 contaminabitur.
979 5598 1149 5664 Moralium
1164 5598 1215 5656 aed
1228 5597 1350 5673 Vulgata
1365 5615 1374 5658 ι
1390 5601 1401 5654 l
1414 5615 1459 5657 are
1472 5601 1601 5658 statium.
1631 5625 1637 5640 ·

170 5672 210 5744 (2)
230 5667 426 5730 Cadmeumue.
442 5665 521 5726 ldern
538 5667 622 5725 trudit
640 5667 748 5726 clariss.
768 5670 798 5727 P.
817 5668 925 5727 calmet
