<?xml version="1.0" encoding="UTF-8"?>
<!DOCTYPE html PUBLIC "-//W3C//DTD XHTML 1.0 Transitional//EN"
    "http://www.w3.org/TR/xhtml1/DTD/xhtml1-transitional.dtd">
<html xmlns="http://www.w3.org/1999/xhtml" xml:lang="en" lang="en">
 <head>
  <title>
</title>
<meta http-equiv="Content-Type" content="text/html;charset=utf-8" />
  <meta name='ocr-system' content='tesseract 3.04.00' />
  <meta name='ocr-capabilities' content='ocr_page ocr_carea ocr_par ocr_line ocrx_word'/>
</head>
<body>
  <div class='ocr_page' id='page_1' title='image "./mediiaevibiblio02bottgoog_0078.png"; bbox 0 0 4158 6380; ppageno 0'>
   <div class='ocr_carea' id='block_1_1' title="bbox 675 277 1748 340">
    <p class='ocr_par' dir='ltr' id='par_1_1' title="bbox 675 277 1748 340">
     <span class='ocr_line' id='line_1_1' title="bbox 675 277 1748 340; baseline -0.005 0"><span class='ocrx_word' id='word_1_1' title='bbox 675 277 1000 340; x_wconf 78' lang='lat' dir='ltr'><strong>PROLEGOMENA.</strong></span> <span class='ocrx_word' id='word_1_2' title='bbox 1022 307 1063 324; x_wconf 89' lang='lat'>-</span> <span class='ocrx_word' id='word_1_3' title='bbox 1083 279 1190 340; x_wconf 70' lang='lat' dir='ltr'><strong>vlia.</strong></span> <span class='ocrx_word' id='word_1_4' title='bbox 1690 277 1748 336; x_wconf 85' lang='lat'><strong>130</strong></span> 
     </span>
    </p>
   </div>
   <div class='ocr_carea' id='block_1_2' title="bbox 393 437 606 500">
    <p class='ocr_par' dir='ltr' id='par_1_2' title="bbox 393 437 606 500">
     <span class='ocr_line' id='line_1_2' title="bbox 393 437 606 500; baseline -0.009 -2"><span class='ocrx_word' id='word_1_5' title='bbox 393 437 530 499; x_wconf 76' lang='lat' dir='ltr'><strong>CAPUT</strong></span> <span class='ocrx_word' id='word_1_6' title='bbox 546 439 606 500; x_wconf 84' lang='lat' dir='ltr'><strong>XI.</strong></span> 
     </span>
    </p>
   </div>
   <div class='ocr_carea' id='block_1_3' title="bbox 142 631 868 804">
    <p class='ocr_par' dir='ltr' id='par_1_3' title="bbox 142 631 868 804">
     <span class='ocr_line' id='line_1_3' title="bbox 142 631 868 728; baseline 0.003 -37"><span class='ocrx_word' id='word_1_7' title='bbox 142 633 193 692; x_wconf 87' lang='lat' dir='ltr'><strong>De</strong></span> <span class='ocrx_word' id='word_1_8' title='bbox 220 631 447 728; x_wconf 72' lang='lat' dir='ltr'><strong>intelligentta</strong></span> <span class='ocrx_word' id='word_1_9' title='bbox 472 633 750 707; x_wconf 68' lang='lat' dir='ltr'><strong>scripturarum,</strong></span> <span class='ocrx_word' id='word_1_10' title='bbox 773 633 807 694; x_wconf 87' lang='lat' dir='ltr'><strong>et</strong></span> <span class='ocrx_word' id='word_1_11' title='bbox 827 635 868 693; x_wconf 88' lang='lat' dir='ltr'><strong>dc</strong></span> 
     </span>
     <span class='ocr_line' id='line_1_4' title="bbox 333 728 796 804; baseline 0.009 -14"><span class='ocrx_word' id='word_1_12' title='bbox 333 728 460 801; x_wconf 67' lang='lat' dir='ltr'><strong>scente</strong></span> <span class='ocrx_word' id='word_1_13' title='bbox 472 730 676 804; x_wconf 70' lang='lat' dir='ltr'><strong>prophetice.</strong></span> <span class='ocrx_word' id='word_1_14' title='bbox 793 787 796 794; x_wconf 94' lang='lat'><strong>.</strong></span> 
     </span>
    </p>
   </div>
   <div class='ocr_carea' id='block_1_4' title="bbox 106 920 916 1482">
    <p class='ocr_par' dir='ltr' id='par_1_4' title="bbox 106 920 916 1482">
     <span class='ocr_line' id='line_1_5' title="bbox 147 920 899 985; baseline 0.003 -3"><span class='ocrx_word' id='word_1_15' title='bbox 147 921 196 982; x_wconf 79' lang='lat' dir='ltr'><strong>Ad</strong></span> <span class='ocrx_word' id='word_1_16' title='bbox 211 920 336 982; x_wconf 87' lang='lat' dir='ltr'><strong>tantam</strong></span> <span class='ocrx_word' id='word_1_17' title='bbox 352 922 463 984; x_wconf 89' lang='lat' dir='ltr'><strong>autem</strong></span> <span class='ocrx_word' id='word_1_18' title='bbox 478 923 597 984; x_wconf 91' lang='lat' dir='ltr'><strong>mentis</strong></span> <span class='ocrx_word' id='word_1_19' title='bbox 612 923 824 985; x_wconf 78' lang='lat' dir='ltr'>serenitatem</span> <span class='ocrx_word' id='word_1_20' title='bbox 842 923 899 984; x_wconf 92' lang='lat' dir='ltr'><strong>in·</strong></span> 
     </span>
     <span class='ocr_line' id='line_1_6' title="bbox 107 1017 901 1092; baseline 0.001 -14"><span class='ocrx_word' id='word_1_21' title='bbox 107 1017 276 1079; x_wconf 82' lang='lat' dir='ltr'><strong>defessum</strong></span> <span class='ocrx_word' id='word_1_22' title='bbox 287 1019 450 1080; x_wconf 90' lang='lat' dir='ltr'><strong>orationis</strong></span> <span class='ocrx_word' id='word_1_23' title='bbox 469 1019 626 1092; x_wconf 87' lang='lat' dir='ltr'><strong>studium,</strong></span> <span class='ocrx_word' id='word_1_24' title='bbox 647 1035 723 1080; x_wconf 91' lang='lat' dir='ltr'><strong>cum</strong></span> <span class='ocrx_word' id='word_1_25' title='bbox 743 1019 901 1080; x_wconf 88' lang='lat' dir='ltr'><strong>continua</strong></span> 
     </span>
     <span class='ocr_line' id='line_1_7' title="bbox 107 1115 902 1192; baseline 0.001 -16"><span class='ocrx_word' id='word_1_26' title='bbox 107 1115 348 1177; x_wconf 82' lang='lat' dir='ltr'><strong>exercitatione</strong></span> <span class='ocrx_word' id='word_1_27' title='bbox 380 1116 550 1189; x_wconf 80' lang='lat' dir='ltr'><strong>virtutum,</strong></span> <span class='ocrx_word' id='word_1_28' title='bbox 585 1117 694 1178; x_wconf 85' lang='lat' dir='ltr'><strong>virum</strong></span> <span class='ocrx_word' id='word_1_29' title='bbox 731 1117 791 1178; x_wconf 90' lang='lat' dir='ltr'><strong>Dei</strong></span> <span class='ocrx_word' id='word_1_30' title='bbox 824 1127 902 1192; x_wconf 89' lang='lat' dir='ltr'><strong>per-</strong></span> 
     </span>
     <span class='ocr_line' id='line_1_8' title="bbox 106 1211 902 1290; baseline -0.003 -16"><span class='ocrx_word' id='word_1_31' title='bbox 106 1211 262 1284; x_wconf 86' lang='lat' dir='ltr'><strong>duxerat,</strong></span> <span class='ocrx_word' id='word_1_32' title='bbox 288 1215 325 1274; x_wconf 91' lang='lat' dir='ltr'><strong>ut</strong></span> <span class='ocrx_word' id='word_1_33' title='bbox 349 1214 499 1290; x_wconf 82' lang='lat' dir='ltr'><strong>quamvis</strong></span> <span class='ocrx_word' id='word_1_34' title='bbox 521 1228 588 1274; x_wconf 92' lang='lat' dir='ltr'><strong>uon</strong></span> <span class='ocrx_word' id='word_1_35' title='bbox 612 1213 767 1274; x_wconf 87' lang='lat' dir='ltr'><strong>habuerit</strong></span> <span class='ocrx_word' id='word_1_36' title='bbox 787 1229 902 1274; x_wconf 85' lang='lat' dir='ltr'><strong>sacre-</strong></span> 
     </span>
     <span class='ocr_line' id='line_1_9' title="bbox 107 1309 899 1386; baseline -0.003 -16"><span class='ocrx_word' id='word_1_37' title='bbox 107 1323 183 1370; x_wconf 93' lang='lat' dir='ltr'><strong>rum</strong></span> <span class='ocrx_word' id='word_1_38' title='bbox 211 1309 397 1370; x_wconf 90' lang='lat' dir='ltr'><strong>litterarum</strong></span> <span class='ocrx_word' id='word_1_39' title='bbox 432 1310 584 1386; x_wconf 81' lang='lat' dir='ltr'><strong>peritiam</strong></span> <span class='ocrx_word' id='word_1_40' title='bbox 613 1325 673 1386; x_wconf 88' lang='lat' dir='ltr'><strong>per</strong></span> <span class='ocrx_word' id='word_1_41' title='bbox 704 1310 899 1378; x_wconf 84' lang='lat' dir='ltr'><strong>doctrinam,</strong></span> 
     </span>
     <span class='ocr_line' id='line_1_10' title="bbox 107 1405 916 1482; baseline -0.001 -16"><span class='ocrx_word' id='word_1_42' title='bbox 107 1406 244 1466; x_wconf 86' lang='lat' dir='ltr'><strong>aeternae</strong></span> <span class='ocrx_word' id='word_1_43' title='bbox 262 1405 373 1466; x_wconf 87' lang='lat' dir='ltr'><strong>tamen</strong></span> <span class='ocrx_word' id='word_1_44' title='bbox 391 1405 477 1466; x_wconf 87' lang='lat' dir='ltr'><strong>lucis</strong></span> <span class='ocrx_word' id='word_1_45' title='bbox 499 1405 681 1467; x_wconf 83' lang='lat' dir='ltr'>irradiatus</span> <span class='ocrx_word' id='word_1_46' title='bbox 703 1405 916 1482; x_wconf 80' lang='lat' dir='ltr'><strong>fulgoribus,¹</strong></span> 
     </span>
    </p>
   </div>
   <div class='ocr_carea' id='block_1_5' title="bbox 107 1502 925 1582">
    <p class='ocr_par' dir='ltr' id='par_1_5' title="bbox 107 1502 925 1582">
     <span class='ocr_line' id='line_1_11' title="bbox 107 1502 925 1582; baseline -0.002 -18"><span class='ocrx_word' id='word_1_47' title='bbox 107 1503 358 1579; x_wconf 82' lang='lat' dir='ltr'><strong>scripturarum</strong></span> <span class='ocrx_word' id='word_1_48' title='bbox 397 1502 561 1579; x_wconf 85' lang='lat' dir='ltr'><strong>protunda</strong></span> <span class='ocrx_word' id='word_1_49' title='bbox 598 1503 683 1563; x_wconf 92' lang='lat' dir='ltr'><strong>miro</strong></span> <span class='ocrx_word' id='word_1_50' title='bbox 714 1502 925 1582; x_wconf 88' lang='lat' dir='ltr'><strong>intellectus</strong></span> 
     </span>
    </p>
   </div>
   <div class='ocr_carea' id='block_1_6' title="bbox 105 1597 902 2063">
    <p class='ocr_par' dir='ltr' id='par_1_6' title="bbox 105 1597 902 2063">
     <span class='ocr_line' id='line_1_12' title="bbox 107 1597 901 1662; baseline 0 -4"><span class='ocrx_word' id='word_1_51' title='bbox 107 1599 316 1660; x_wconf 80' lang='lat' dir='ltr'><strong>scrutaretur</strong></span> <span class='ocrx_word' id='word_1_52' title='bbox 336 1600 501 1661; x_wconf 83' lang='lat' dir='ltr'><strong>acumine.</strong></span> <span class='ocrx_word' id='word_1_53' title='bbox 525 1599 726 1662; x_wconf 89' lang='lat' dir='ltr'><strong>Peuetrabat</strong></span> <span class='ocrx_word' id='word_1_54' title='bbox 748 1599 836 1660; x_wconf 90' lang='lat' dir='ltr'><strong>enim</strong></span> <span class='ocrx_word' id='word_1_55' title='bbox 860 1597 901 1659; x_wconf 87' lang='lat' dir='ltr'><strong>ab</strong></span> 
     </span>
     <span class='ocr_line' id='line_1_13' title="bbox 107 1695 901 1774; baseline 0 -18"><span class='ocrx_word' id='word_1_56' title='bbox 107 1695 201 1757; x_wconf 91' lang='lat' dir='ltr'><strong>omni</strong></span> <span class='ocrx_word' id='word_1_57' title='bbox 224 1695 299 1757; x_wconf 92' lang='lat' dir='ltr'><strong>labe</strong></span> <span class='ocrx_word' id='word_1_58' title='bbox 325 1712 444 1772; x_wconf 88' lang='lat' dir='ltr'><strong>purum</strong></span> <span class='ocrx_word' id='word_1_59' title='bbox 471 1695 641 1772; x_wconf 83' lang='lat' dir='ltr'><strong>ingenium</strong></span> <span class='ocrx_word' id='word_1_60' title='bbox 670 1695 901 1774; x_wconf 81' lang='lat' dir='ltr'><strong>mysteriorum</strong></span> 
     </span>
     <span class='ocr_line' id='line_1_14' title="bbox 106 1792 901 1868; baseline -0.003 -14"><span class='ocrx_word' id='word_1_61' title='bbox 106 1792 316 1865; x_wconf 88' lang='lat' dir='ltr'><strong>abscondita,</strong></span> <span class='ocrx_word' id='word_1_62' title='bbox 329 1794 362 1854; x_wconf 90' lang='lat' dir='ltr'><strong>et</strong></span> <span class='ocrx_word' id='word_1_63' title='bbox 376 1792 432 1853; x_wconf 92' lang='lat' dir='ltr'><strong>ubl</strong></span> <span class='ocrx_word' id='word_1_64' title='bbox 446 1793 649 1868; x_wconf 87' lang='lat' dir='ltr'><strong>magistralis</strong></span> <span class='ocrx_word' id='word_1_65' title='bbox 665 1793 805 1854; x_wconf 90' lang='lat' dir='ltr'><strong>scientia</strong></span> <span class='ocrx_word' id='word_1_66' title='bbox 820 1792 901 1852; x_wconf 89' lang='lat' dir='ltr'><strong>ioris</strong></span> 
     </span>
     <span class='ocr_line' id='line_1_15' title="bbox 105 1888 902 1964; baseline -0.003 -14"><span class='ocrx_word' id='word_1_67' title='bbox 105 1891 186 1961; x_wconf 87' lang='lat' dir='ltr'><strong>stat,</strong></span> <span class='ocrx_word' id='word_1_68' title='bbox 216 1889 354 1951; x_wconf 83' lang='lat' dir='ltr'><strong>allectus</strong></span> <span class='ocrx_word' id='word_1_69' title='bbox 381 1889 542 1951; x_wconf 88' lang='lat' dir='ltr'><strong>introibat</strong></span> <span class='ocrx_word' id='word_1_70' title='bbox 572 1890 727 1951; x_wconf 89' lang='lat' dir='ltr'><strong>amantis.</strong></span> <span class='ocrx_word' id='word_1_71' title='bbox 758 1888 902 1964; x_wconf 82' lang='lat' dir='ltr'><strong>Legebat</strong></span> 
     </span>
     <span class='ocr_line' id='line_1_16' title="bbox 107 1985 901 2063; baseline 0 -18"><span class='ocrx_word' id='word_1_72' title='bbox 107 1985 307 2063; x_wconf 83' lang='lat' dir='ltr'><strong>quandoque</strong></span> <span class='ocrx_word' id='word_1_73' title='bbox 327 1985 474 2046; x_wconf 88' lang='lat' dir='ltr'><strong>inlibris</strong></span> <span class='ocrx_word' id='word_1_74' title='bbox 497 1985 615 2058; x_wconf 88' lang='lat' dir='ltr'><strong>sacris,</strong></span> <span class='ocrx_word' id='word_1_75' title='bbox 634 1987 668 2046; x_wconf 89' lang='lat' dir='ltr'><strong>et</strong></span> <span class='ocrx_word' id='word_1_76' title='bbox 682 1986 768 2063; x_wconf 89' lang='lat' dir='ltr'><strong>quod</strong></span> <span class='ocrx_word' id='word_1_77' title='bbox 790 1985 901 2046; x_wconf 89' lang='lat' dir='ltr'><strong>auimo</strong></span> 
     </span>
    </p>
   </div>
   <div class='ocr_carea' id='block_1_7' title="bbox 106 2081 924 2170">
    <p class='ocr_par' dir='ltr' id='par_1_7' title="bbox 106 2081 924 2170">
     <span class='ocr_line' id='line_1_17' title="bbox 106 2081 924 2170; baseline -0.002 -27"><span class='ocrx_word' id='word_1_78' title='bbox 106 2083 212 2144; x_wconf 90' lang='lat' dir='ltr'><strong>semel</strong></span> <span class='ocrx_word' id='word_1_79' title='bbox 233 2083 407 2160; x_wconf 81' lang='lat' dir='ltr'><strong>injecerat,</strong></span> <span class='ocrx_word' id='word_1_80' title='bbox 426 2083 589 2144; x_wconf 83' lang='lat' dir='ltr'><strong>tenaciter</strong></span> <span class='ocrx_word' id='word_1_81' title='bbox 602 2081 813 2158; x_wconf 88' lang='lat' dir='ltr'><strong>imprimebat</strong></span> <span class='ocrx_word' id='word_1_82' title='bbox 831 2097 902 2142; x_wconf 90' lang='lat' dir='ltr'><strong>me·</strong></span> <span class='ocrx_word' id='word_1_83' title='bbox 920 2161 924 2170; x_wconf 18' lang='grc' dir='ltr'>δ</span> 
     </span>
    </p>
   </div>
   <div class='ocr_carea' id='block_1_8' title="bbox 102 2179 902 3806">
    <p class='ocr_par' dir='ltr' id='par_1_8' title="bbox 102 2179 902 3806">
     <span class='ocr_line' id='line_1_18' title="bbox 106 2179 902 2257; baseline -0.001 -17"><span class='ocrx_word' id='word_1_84' title='bbox 106 2180 236 2251; x_wconf 88' lang='lat' dir='ltr'><strong>moriae,</strong></span> <span class='ocrx_word' id='word_1_85' title='bbox 263 2181 341 2257; x_wconf 88' lang='lat' dir='ltr'><strong>quia</strong></span> <span class='ocrx_word' id='word_1_86' title='bbox 371 2195 438 2241; x_wconf 90' lang='lat' dir='ltr'><strong>uon</strong></span> <span class='ocrx_word' id='word_1_87' title='bbox 462 2179 586 2242; x_wconf 83' lang='lat' dir='ltr'><strong>trustra</strong></span> <span class='ocrx_word' id='word_1_88' title='bbox 615 2179 769 2240; x_wconf 88' lang='lat' dir='ltr'><strong>mentalis</strong></span> <span class='ocrx_word' id='word_1_89' title='bbox 793 2179 902 2240; x_wconf 87' lang='lat' dir='ltr'><strong>atten-</strong></span> 
     </span>
     <span class='ocr_line' id='line_1_19' title="bbox 104 2275 900 2354; baseline -0.003 -16"><span class='ocrx_word' id='word_1_90' title='bbox 104 2277 209 2338; x_wconf 85' lang='lat' dir='ltr'><strong>tionis</strong></span> <span class='ocrx_word' id='word_1_91' title='bbox 235 2277 439 2354; x_wconf 88' lang='lat' dir='ltr'><strong>percipiebat</strong></span> <span class='ocrx_word' id='word_1_92' title='bbox 464 2277 591 2347; x_wconf 88' lang='lat' dir='ltr'><strong>auditu,</strong></span> <span class='ocrx_word' id='word_1_93' title='bbox 618 2275 703 2353; x_wconf 89' lang='lat' dir='ltr'><strong>quod</strong></span> <span class='ocrx_word' id='word_1_94' title='bbox 735 2276 900 2338; x_wconf 84' lang='lat' dir='ltr'><strong>continuae</strong></span> 
     </span>
     <span class='ocr_line' id='line_1_20' title="bbox 105 2371 657 2450; baseline -0.004 -16"><span class='ocrx_word' id='word_1_95' title='bbox 105 2373 294 2435; x_wconf 84' lang='lat' dir='ltr'><strong>devotionis</strong></span> <span class='ocrx_word' id='word_1_96' title='bbox 314 2373 505 2450; x_wconf 87' lang='lat' dir='ltr'><strong>ruminabat</strong></span> <span class='ocrx_word' id='word_1_97' title='bbox 524 2371 657 2435; x_wconf 84' lang='lat' dir='ltr'><strong>affectu.</strong></span> 
     </span>
     <span class='ocr_line' id='line_1_21' title="bbox 148 2468 899 2547; baseline -0.003 -17"><span class='ocrx_word' id='word_1_98' title='bbox 148 2469 380 2542; x_wconf 82' lang='lat' dir='ltr'><strong>Quaerentibus</strong></span> <span class='ocrx_word' id='word_1_99' title='bbox 395 2470 575 2547; x_wconf 86' lang='lat' dir='ltr'><strong>aliquando</strong></span> <span class='ocrx_word' id='word_1_100' title='bbox 596 2469 766 2540; x_wconf 85' lang='lat' dir='ltr'><strong>iratribus,</strong></span> <span class='ocrx_word' id='word_1_101' title='bbox 789 2468 899 2529; x_wconf 89' lang='lat' dir='ltr'><strong>utrum</strong></span> 
     </span>
     <span class='ocr_line' id='line_1_22' title="bbox 106 2565 901 2645; baseline -0.001 -18"><span class='ocrx_word' id='word_1_102' title='bbox 106 2567 173 2628; x_wconf 90' lang='lat' dir='ltr'><strong>sibi</strong></span> <span class='ocrx_word' id='word_1_103' title='bbox 182 2567 328 2645; x_wconf 87' lang='lat' dir='ltr'><strong>placeret</strong></span> <span class='ocrx_word' id='word_1_104' title='bbox 335 2567 420 2644; x_wconf 89' lang='lat' dir='ltr'><strong>quod</strong></span> <span class='ocrx_word' id='word_1_105' title='bbox 432 2567 580 2638; x_wconf 89' lang='lat' dir='ltr'><strong>litterati,</strong></span> <span class='ocrx_word' id='word_1_106' title='bbox 587 2566 790 2644; x_wconf 86' lang='lat' dir='ltr'><strong>jamrecepti</strong></span> <span class='ocrx_word' id='word_1_107' title='bbox 799 2565 839 2626; x_wconf 92' lang='lat' dir='ltr'><strong>ad</strong></span> <span class='ocrx_word' id='word_1_108' title='bbox 849 2581 901 2626; x_wconf 86' lang='lat' dir='ltr'><strong>or·</strong></span> 
     </span>
     <span class='ocr_line' id='line_1_23' title="bbox 104 2661 897 2740; baseline -0.003 -16"><span class='ocrx_word' id='word_1_109' title='bbox 104 2661 230 2736; x_wconf 89' lang='lat' dir='ltr'><strong>dinem,</strong></span> <span class='ocrx_word' id='word_1_110' title='bbox 245 2664 454 2726; x_wconf 88' lang='lat' dir='ltr'><strong>intenderent</strong></span> <span class='ocrx_word' id='word_1_111' title='bbox 466 2663 574 2725; x_wconf 90' lang='lat' dir='ltr'><strong>studio</strong></span> <span class='ocrx_word' id='word_1_112' title='bbox 588 2679 692 2725; x_wconf 84' lang='lat' dir='ltr'><strong>sacrae</strong></span> <span class='ocrx_word' id='word_1_113' title='bbox 707 2663 897 2740; x_wconf 81' lang='lat' dir='ltr'><strong>scripturae,</strong></span> 
     </span>
     <span class='ocr_line' id='line_1_24' title="bbox 105 2759 897 2838; baseline -0.003 -16"><span class='ocrx_word' id='word_1_114' title='bbox 105 2761 279 2838; x_wconf 89' lang='lat' dir='ltr'><strong>respondit</strong></span> <span class='ocrx_word' id='word_1_115' title='bbox 292 2783 299 2821; x_wconf 91' lang='lat'><strong>:</strong></span> <span class='ocrx_word' id='word_1_116' title='bbox 313 2761 396 2822; x_wconf 87' lang='lat' dir='ltr'><strong>Mihi</strong></span> <span class='ocrx_word' id='word_1_117' title='bbox 410 2761 541 2838; x_wconf 86' lang='lat' dir='ltr'><strong>quidem</strong></span> <span class='ocrx_word' id='word_1_118' title='bbox 553 2761 672 2838; x_wconf 87' lang='lat' dir='ltr'><strong>placet,</strong></span> <span class='ocrx_word' id='word_1_119' title='bbox 685 2759 762 2820; x_wconf 94' lang='lat' dir='ltr'><strong>dum</strong></span> <span class='ocrx_word' id='word_1_120' title='bbox 776 2760 897 2833; x_wconf 89' lang='lat' dir='ltr'><strong>tamen,</strong></span> 
     </span>
     <span class='ocr_line' id='line_1_25' title="bbox 105 2857 900 2938; baseline -0.001 -19"><span class='ocrx_word' id='word_1_121' title='bbox 105 2858 260 2935; x_wconf 85' lang='lat' dir='ltr'><strong>exemplo</strong></span> <span class='ocrx_word' id='word_1_122' title='bbox 280 2858 414 2930; x_wconf 83' lang='lat' dir='ltr'><strong>Christi,</strong></span> <span class='ocrx_word' id='word_1_123' title='bbox 438 2859 494 2936; x_wconf 85' lang='lat' dir='ltr'><strong>qui</strong></span> <span class='ocrx_word' id='word_1_124' title='bbox 513 2857 620 2938; x_wconf 88' lang='lat' dir='ltr'><strong>magis</strong></span> <span class='ocrx_word' id='word_1_125' title='bbox 644 2873 758 2919; x_wconf 90' lang='lat' dir='ltr'><strong>orasse</strong></span> <span class='ocrx_word' id='word_1_126' title='bbox 779 2857 900 2934; x_wconf 91' lang='lat' dir='ltr'><strong>legitur</strong></span> 
     </span>
     <span class='ocr_line' id='line_1_26' title="bbox 104 2954 900 3032; baseline 0.001 -17"><span class='ocrx_word' id='word_1_127' title='bbox 104 2969 207 3032; x_wconf 92' lang='lat' dir='ltr'><strong>quam</strong></span> <span class='ocrx_word' id='word_1_128' title='bbox 222 2954 355 3031; x_wconf 85' lang='lat' dir='ltr'><strong>legisse,</strong></span> <span class='ocrx_word' id='word_1_129' title='bbox 372 2957 534 3017; x_wconf 84' lang='lat' dir='ltr'><strong>orationis</strong></span> <span class='ocrx_word' id='word_1_130' title='bbox 554 2955 700 3018; x_wconf 90' lang='lat' dir='ltr'><strong>studium</strong></span> <span class='ocrx_word' id='word_1_131' title='bbox 719 2971 784 3015; x_wconf 92' lang='lat' dir='ltr'><strong>non</strong></span> <span class='ocrx_word' id='word_1_132' title='bbox 801 2955 900 3016; x_wconf 91' lang='lat' dir='ltr'><strong>omit·</strong></span> 
     </span>
     <span class='ocr_line' id='line_1_27' title="bbox 103 3051 900 3132; baseline 0 -20"><span class='ocrx_word' id='word_1_133' title='bbox 103 3051 189 3124; x_wconf 87' lang='lat' dir='ltr'><strong>tant,</strong></span> <span class='ocrx_word' id='word_1_134' title='bbox 206 3067 268 3114; x_wconf 87' lang='lat' dir='ltr'><strong>nec</strong></span> <span class='ocrx_word' id='word_1_135' title='bbox 281 3055 392 3114; x_wconf 87' lang='lat' dir='ltr'><strong>tamen</strong></span> <span class='ocrx_word' id='word_1_136' title='bbox 406 3051 453 3132; x_wconf 82' lang='lat'><strong>(1)</strong></span> <span class='ocrx_word' id='word_1_137' title='bbox 470 3053 634 3125; x_wconf 87' lang='lat' dir='ltr'><strong>studeant,</strong></span> <span class='ocrx_word' id='word_1_138' title='bbox 652 3053 688 3114; x_wconf 92' lang='lat' dir='ltr'><strong>ut</strong></span> <span class='ocrx_word' id='word_1_139' title='bbox 702 3052 810 3113; x_wconf 89' lang='lat' dir='ltr'><strong>sciant</strong></span> <span class='ocrx_word' id='word_1_140' title='bbox 822 3068 900 3129; x_wconf 88' lang='lat' dir='ltr'><strong>qua·</strong></span> 
     </span>
     <span class='ocr_line' id='line_1_28' title="bbox 103 3147 896 3226; baseline 0.003 -18"><span class='ocrx_word' id='word_1_141' title='bbox 103 3149 185 3210; x_wconf 87' lang='lat' dir='ltr'><strong>liter</strong></span> <span class='ocrx_word' id='word_1_142' title='bbox 199 3147 342 3211; x_wconf 88' lang='lat' dir='ltr'><strong>debeant</strong></span> <span class='ocrx_word' id='word_1_143' title='bbox 359 3150 460 3226; x_wconf 84' lang='lat' dir='ltr'><strong>loqui,</strong></span> <span class='ocrx_word' id='word_1_144' title='bbox 482 3149 539 3210; x_wconf 90' lang='lat' dir='ltr'><strong>sed</strong></span> <span class='ocrx_word' id='word_1_145' title='bbox 564 3151 601 3210; x_wconf 93' lang='lat' dir='ltr'><strong>ut</strong></span> <span class='ocrx_word' id='word_1_146' title='bbox 624 3149 738 3210; x_wconf 91' lang='lat' dir='ltr'><strong>audita</strong></span> <span class='ocrx_word' id='word_1_147' title='bbox 761 3148 896 3222; x_wconf 84' lang='lat' dir='ltr'><strong>iaciant,</strong></span> 
     </span>
     <span class='ocr_line' id='line_1_29' title="bbox 103 3245 896 3322; baseline -0.001 -16"><span class='ocrx_word' id='word_1_148' title='bbox 103 3247 140 3306; x_wconf 91' lang='lat' dir='ltr'><strong>et</strong></span> <span class='ocrx_word' id='word_1_149' title='bbox 163 3260 237 3306; x_wconf 89' lang='lat' dir='ltr'><strong>cum</strong></span> <span class='ocrx_word' id='word_1_150' title='bbox 256 3247 406 3318; x_wconf 87' lang='lat' dir='ltr'><strong>iecerint,</strong></span> <span class='ocrx_word' id='word_1_151' title='bbox 423 3246 500 3306; x_wconf 90' lang='lat' dir='ltr'><strong>aliis</strong></span> <span class='ocrx_word' id='word_1_152' title='bbox 524 3245 677 3308; x_wconf 85' lang='lat' dir='ltr'><strong>iacienda</strong></span> <span class='ocrx_word' id='word_1_153' title='bbox 699 3248 896 3322; x_wconf 87' lang='lat' dir='ltr'><strong>proponant.</strong></span> 
     </span>
     <span class='ocr_line' id='line_1_30' title="bbox 103 3329 899 3419; baseline 0.001 -17"><span class='ocrx_word' id='word_1_154' title='bbox 103 3343 201 3414; x_wconf 83' lang='lat' dir='ltr'><strong>vole,</strong></span> <span class='ocrx_word' id='word_1_155' title='bbox 220 3343 338 3419; x_wconf 84' lang='lat' dir='ltr'><strong>inquit,</strong></span> <span class='ocrx_word' id='word_1_156' title='bbox 354 3343 475 3404; x_wconf 84' lang='lat' dir='ltr'><strong>iratres</strong></span> <span class='ocrx_word' id='word_1_157' title='bbox 489 3358 582 3403; x_wconf 90' lang='lat' dir='ltr'><strong>meos</strong></span> <span class='ocrx_word' id='word_1_158' title='bbox 600 3329 780 3418; x_wconf 88' lang='lat' dir='ltr'><strong>discipulos</strong></span> <span class='ocrx_word' id='word_1_159' title='bbox 795 3357 899 3403; x_wconf 83' lang='lat' dir='ltr'><strong>euen-</strong></span> 
     </span>
     <span class='ocr_line' id='line_1_31' title="bbox 102 3439 899 3516; baseline 0.003 -18"><span class='ocrx_word' id='word_1_160' title='bbox 102 3439 231 3514; x_wconf 85' lang='lat' dir='ltr'><strong>gelicos</strong></span> <span class='ocrx_word' id='word_1_161' title='bbox 244 3455 327 3510; x_wconf 87' lang='lat' dir='ltr'><strong>esse,</strong></span> <span class='ocrx_word' id='word_1_162' title='bbox 344 3440 458 3516; x_wconf 84' lang='lat' dir='ltr'><strong>sicque</strong></span> <span class='ocrx_word' id='word_1_163' title='bbox 471 3440 508 3500; x_wconf 92' lang='lat' dir='ltr'><strong>iu</strong></span> <span class='ocrx_word' id='word_1_164' title='bbox 523 3441 641 3500; x_wconf 90' lang='lat' dir='ltr'><strong>notitia</strong></span> <span class='ocrx_word' id='word_1_165' title='bbox 655 3439 807 3501; x_wconf 86' lang='lat' dir='ltr'><strong>veritatis</strong></span> <span class='ocrx_word' id='word_1_166' title='bbox 820 3455 899 3516; x_wconf 91' lang='lat' dir='ltr'><strong>pro-</strong></span> 
     </span>
     <span class='ocr_line' id='line_1_32' title="bbox 103 3535 897 3612; baseline 0.001 -16"><span class='ocrx_word' id='word_1_167' title='bbox 103 3535 217 3607; x_wconf 83' lang='lat' dir='ltr'><strong>licere,</strong></span> <span class='ocrx_word' id='word_1_168' title='bbox 241 3535 327 3612; x_wconf 85' lang='lat' dir='ltr'><strong>quod</strong></span> <span class='ocrx_word' id='word_1_169' title='bbox 348 3535 383 3597; x_wconf 89' lang='lat' dir='ltr'><strong>in</strong></span> <span class='ocrx_word' id='word_1_170' title='bbox 407 3535 631 3612; x_wconf 87' lang='lat' dir='ltr'><strong>simplicitatis</strong></span> <span class='ocrx_word' id='word_1_171' title='bbox 652 3535 797 3612; x_wconf 89' lang='lat' dir='ltr'><strong>puritate</strong></span> <span class='ocrx_word' id='word_1_172' title='bbox 813 3551 897 3596; x_wconf 92' lang='lat' dir='ltr'><strong>cou-</strong></span> 
     </span>
     <span class='ocr_line' id='line_1_33' title="bbox 103 3631 897 3708; baseline 0.003 -16"><span class='ocrx_word' id='word_1_173' title='bbox 103 3635 268 3705; x_wconf 89' lang='lat' dir='ltr'><strong>crescaut,</strong></span> <span class='ocrx_word' id='word_1_174' title='bbox 295 3634 331 3694; x_wconf 89' lang='lat' dir='ltr'><strong>ut</strong></span> <span class='ocrx_word' id='word_1_175' title='bbox 359 3631 605 3708; x_wconf 88' lang='lat' dir='ltr'><strong>simplicitatem</strong></span> <span class='ocrx_word' id='word_1_176' title='bbox 629 3631 851 3692; x_wconf 89' lang='lat' dir='ltr'><strong>columbinam</strong></span> <span class='ocrx_word' id='word_1_177' title='bbox 878 3647 897 3694; x_wconf 90' lang='grc'><strong>6</strong></span> 
     </span>
     <span class='ocr_line' id='line_1_34' title="bbox 103 3727 898 3806; baseline 0.001 -18"><span class='ocrx_word' id='word_1_178' title='bbox 103 3727 283 3806; x_wconf 89' lang='lat' dir='ltr'><strong>prudentia</strong></span> <span class='ocrx_word' id='word_1_179' title='bbox 308 3727 500 3805; x_wconf 89' lang='lat' dir='ltr'><strong>serpentina</strong></span> <span class='ocrx_word' id='word_1_180' title='bbox 524 3743 590 3789; x_wconf 89' lang='lat' dir='ltr'><strong>non</strong></span> <span class='ocrx_word' id='word_1_181' title='bbox 621 3729 786 3804; x_wconf 87' lang='lat' dir='ltr'><strong>separent,</strong></span> <span class='ocrx_word' id='word_1_182' title='bbox 815 3744 898 3805; x_wconf 84' lang='lat' dir='ltr'><strong>quas</strong></span> 
     </span>
    </p>
   </div>
   <div class='ocr_carea' id='block_1_9' title="bbox 5 3821 898 3902">
    <p class='ocr_par' dir='ltr' id='par_1_9' title="bbox 5 3821 898 3902">
     <span class='ocr_line' id='line_1_35' title="bbox 5 3821 898 3902; baseline 0 -16"><span class='ocrx_word' id='word_1_183' title='bbox 5 3855 13 3902; x_wconf 64' lang='lat'><strong>5</strong></span> <span class='ocrx_word' id='word_1_184' title='bbox 102 3823 266 3901; x_wconf 90' lang='lat' dir='ltr'><strong>magister</strong></span> <span class='ocrx_word' id='word_1_185' title='bbox 286 3824 431 3886; x_wconf 82' lang='lat' dir='ltr'><strong>eximius</strong></span> <span class='ocrx_word' id='word_1_186' title='bbox 455 3839 512 3886; x_wconf 91' lang='lat' dir='ltr'><strong>ore</strong></span> <span class='ocrx_word' id='word_1_187' title='bbox 534 3821 595 3884; x_wconf 91' lang='lat' dir='ltr'><strong>suo</strong></span> <span class='ocrx_word' id='word_1_188' title='bbox 619 3823 792 3886; x_wconf 87' lang='lat' dir='ltr'><strong>benedicto</strong></span> <span class='ocrx_word' id='word_1_189' title='bbox 817 3841 898 3886; x_wconf 89' lang='lat' dir='ltr'><strong>con-</strong></span> 
     </span>
    </p>
   </div>
   <div class='ocr_carea' id='block_1_10' title="bbox 5 3923 898 5543">
    <p class='ocr_par' dir='ltr' id='par_1_10' title="bbox 5 3923 227 4018">
     <span class='ocr_line' id='line_1_36' title="bbox 5 3923 227 4018; baseline 0 -36"><span class='ocrx_word' id='word_1_190' title='bbox 5 3951 57 4018; x_wconf 51' lang='lat'><em>,</em></span> <span class='ocrx_word' id='word_1_191' title='bbox 98 3923 227 4000; x_wconf 83' lang='lat' dir='ltr'><strong>junxit.</strong></span> 
     </span>
    </p>

    <p class='ocr_par' dir='ltr' id='par_1_11' title="bbox 97 4017 898 5543">
     <span class='ocr_line' id='line_1_37' title="bbox 145 4017 896 4096; baseline 0.001 -18"><span class='ocrx_word' id='word_1_192' title='bbox 145 4019 371 4094; x_wconf 78' lang='lat' dir='ltr'><strong>Interrogatus</strong></span> <span class='ocrx_word' id='word_1_193' title='bbox 399 4019 494 4080; x_wconf 89' lang='lat' dir='ltr'><strong>Senis</strong></span> <span class='ocrx_word' id='word_1_194' title='bbox 519 4033 539 4078; x_wconf 92' lang='lat' dir='ltr'><strong>a</strong></span> <span class='ocrx_word' id='word_1_195' title='bbox 567 4017 708 4096; x_wconf 86' lang='lat' dir='ltr'><strong>quodam</strong></span> <span class='ocrx_word' id='word_1_196' title='bbox 740 4017 896 4094; x_wconf 86' lang='lat' dir='ltr'><strong>religioso</strong></span> 
     </span>
     <span class='ocr_line' id='line_1_38' title="bbox 102 4109 896 4191; baseline -0.006 -13"><span class='ocrx_word' id='word_1_197' title='bbox 102 4115 190 4187; x_wconf 85' lang='grc'><strong>1116,</strong></span> <span class='ocrx_word' id='word_1_198' title='bbox 205 4109 381 4191; x_wconf 87' lang='lat' dir='ltr'><strong>theologiae</strong></span> <span class='ocrx_word' id='word_1_199' title='bbox 405 4131 509 4177; x_wconf 87' lang='lat' dir='ltr'><strong>sacrae</strong></span> <span class='ocrx_word' id='word_1_200' title='bbox 536 4115 680 4186; x_wconf 87' lang='lat' dir='ltr'><strong>doctore,</strong></span> <span class='ocrx_word' id='word_1_201' title='bbox 695 4114 735 4175; x_wconf 90' lang='lat' dir='ltr'><strong>de</strong></span> <span class='ocrx_word' id='word_1_202' title='bbox 756 4113 896 4190; x_wconf 89' lang='lat' dir='ltr'><strong>quibus-</strong></span> 
     </span>
     <span class='ocr_line' id='line_1_39' title="bbox 103 4211 894 4288; baseline 0 -16"><span class='ocrx_word' id='word_1_203' title='bbox 103 4211 182 4272; x_wconf 86' lang='lat' dir='ltr'><strong>dam</strong></span> <span class='ocrx_word' id='word_1_204' title='bbox 215 4212 452 4288; x_wconf 85' lang='lat' dir='ltr'><strong>quaestionibus</strong></span> <span class='ocrx_word' id='word_1_205' title='bbox 485 4211 677 4272; x_wconf 79' lang='lat' dir='ltr'><strong>difficilibus</strong></span> <span class='ocrx_word' id='word_1_206' title='bbox 713 4211 894 4284; x_wconf 86' lang='lat' dir='ltr'><strong>intellectu,</strong></span> 
     </span>
     <span class='ocr_line' id='line_1_40' title="bbox 101 4307 896 4385; baseline -0.001 -15"><span class='ocrx_word' id='word_1_207' title='bbox 101 4309 197 4370; x_wconf 90' lang='lat' dir='ltr'><strong>tanta</strong></span> <span class='ocrx_word' id='word_1_208' title='bbox 221 4309 372 4372; x_wconf 88' lang='lat' dir='ltr'><strong>claritate</strong></span> <span class='ocrx_word' id='word_1_209' title='bbox 391 4309 551 4370; x_wconf 86' lang='lat' dir='ltr'><strong>doctrinae</strong></span> <span class='ocrx_word' id='word_1_210' title='bbox 576 4309 699 4369; x_wconf 86' lang='lat' dir='ltr'><strong>divinae</strong></span> <span class='ocrx_word' id='word_1_211' title='bbox 723 4307 896 4385; x_wconf 85' lang='lat' dir='ltr'><strong>sapientiae</strong></span> 
     </span>
     <span class='ocr_line' id='line_1_41' title="bbox 101 4403 898 4482; baseline -0.001 -16"><span class='ocrx_word' id='word_1_212' title='bbox 101 4403 326 4482; x_wconf 77' lang='lat' dir='ltr'><strong>patefaciebat</strong></span> <span class='ocrx_word' id='word_1_213' title='bbox 343 4421 478 4478; x_wconf 90' lang='lat' dir='ltr'><strong>arcana,</strong></span> <span class='ocrx_word' id='word_1_214' title='bbox 500 4407 536 4466; x_wconf 87' lang='lat' dir='ltr'><strong>ut</strong></span> <span class='ocrx_word' id='word_1_215' title='bbox 551 4405 765 4467; x_wconf 84' lang='lat' dir='ltr'><strong>vehementer</strong></span> <span class='ocrx_word' id='word_1_216' title='bbox 783 4407 898 4481; x_wconf 88' lang='lat' dir='ltr'><strong>stupe·</strong></span> 
     </span>
     <span class='ocr_line' id='line_1_42' title="bbox 100 4501 897 4580; baseline 0.001 -18"><span class='ocrx_word' id='word_1_217' title='bbox 100 4502 157 4563; x_wconf 87' lang='lat' dir='ltr'><strong>ret</strong></span> <span class='ocrx_word' id='word_1_218' title='bbox 168 4501 221 4563; x_wconf 88' lang='lat' dir='ltr'><strong>vir</strong></span> <span class='ocrx_word' id='word_1_219' title='bbox 236 4502 294 4563; x_wconf 91' lang='lat' dir='ltr'><strong>ille</strong></span> <span class='ocrx_word' id='word_1_220' title='bbox 308 4503 446 4580; x_wconf 88' lang='lat' dir='ltr'><strong>peritus,</strong></span> <span class='ocrx_word' id='word_1_221' title='bbox 463 4502 585 4562; x_wconf 86' lang='lat' dir='ltr'><strong>etcum</strong></span> <span class='ocrx_word' id='word_1_222' title='bbox 605 4501 826 4563; x_wconf 86' lang='lat' dir='ltr'><strong>admiratione</strong></span> <span class='ocrx_word' id='word_1_223' title='bbox 841 4516 897 4563; x_wconf 91' lang='grc'><strong>16-</strong></span> 
     </span>
     <span class='ocr_line' id='line_1_43' title="bbox 101 4596 895 4676; baseline 0 -18"><span class='ocrx_word' id='word_1_224' title='bbox 101 4596 228 4658; x_wconf 81' lang='lat' dir='ltr'><strong>ferret:</strong></span> <span class='ocrx_word' id='word_1_225' title='bbox 244 4601 341 4670; x_wconf 79' lang='lat' dir='ltr'><strong>vere,</strong></span> <span class='ocrx_word' id='word_1_226' title='bbox 358 4599 476 4676; x_wconf 87' lang='lat' dir='ltr'><strong>inquit,</strong></span> <span class='ocrx_word' id='word_1_227' title='bbox 492 4596 660 4672; x_wconf 88' lang='lat' dir='ltr'><strong>theologia</strong></span> <span class='ocrx_word' id='word_1_228' title='bbox 676 4598 775 4659; x_wconf 88' lang='lat' dir='ltr'><strong>istius</strong></span> <span class='ocrx_word' id='word_1_229' title='bbox 789 4598 895 4659; x_wconf 88' lang='lat' dir='ltr'><strong>sancti</strong></span> 
     </span>
     <span class='ocr_line' id='line_1_44' title="bbox 100 4692 896 4772; baseline 0 -18"><span class='ocrx_word' id='word_1_230' title='bbox 100 4692 220 4772; x_wconf 88' lang='lat' dir='ltr'><strong>patris,</strong></span> <span class='ocrx_word' id='word_1_231' title='bbox 237 4694 381 4771; x_wconf 89' lang='lat' dir='ltr'><strong>puritate</strong></span> <span class='ocrx_word' id='word_1_232' title='bbox 397 4709 436 4756; x_wconf 89' lang='lat' dir='ltr'><strong>ac</strong></span> <span class='ocrx_word' id='word_1_233' title='bbox 449 4693 728 4770; x_wconf 88' lang='lat' dir='ltr'><strong>contemplatione</strong></span> <span class='ocrx_word' id='word_1_234' title='bbox 738 4695 896 4770; x_wconf 60' lang='lat' dir='ltr'><strong>anquam</strong></span> 
     </span>
     <span class='ocr_line' id='line_1_45' title="bbox 100 4789 893 4866; baseline -0.003 -14"><span class='ocrx_word' id='word_1_235' title='bbox 100 4790 168 4852; x_wconf 90' lang='lat' dir='ltr'><strong>alis</strong></span> <span class='ocrx_word' id='word_1_236' title='bbox 187 4789 222 4850; x_wconf 92' lang='lat' dir='ltr'><strong>in</strong></span> <span class='ocrx_word' id='word_1_237' title='bbox 242 4791 346 4852; x_wconf 85' lang='lat' dir='ltr'><strong>altum</strong></span> <span class='ocrx_word' id='word_1_238' title='bbox 368 4791 535 4862; x_wconf 88' lang='lat' dir='ltr'><strong>subvecta,</strong></span> <span class='ocrx_word' id='word_1_239' title='bbox 553 4790 604 4850; x_wconf 89' lang='lat' dir='ltr'><strong>est</strong></span> <span class='ocrx_word' id='word_1_240' title='bbox 626 4790 737 4865; x_wconf 89' lang='lat' dir='ltr'><strong>aquila</strong></span> <span class='ocrx_word' id='word_1_241' title='bbox 756 4790 893 4866; x_wconf 80' lang='lat' dir='ltr'><strong>volans3</strong></span> 
     </span>
     <span class='ocr_line' id='line_1_46' title="bbox 100 4884 897 4972; baseline 0.001 -26"><span class='ocrx_word' id='word_1_242' title='bbox 100 4886 219 4947; x_wconf 88' lang='lat' dir='ltr'><strong>nostra</strong></span> <span class='ocrx_word' id='word_1_243' title='bbox 240 4903 320 4949; x_wconf 80' lang='lat' dir='ltr'><strong>vero</strong></span> <span class='ocrx_word' id='word_1_244' title='bbox 342 4887 482 4972; x_wconf 84' lang='lat' dir='ltr'><strong>scientia</strong></span> <span class='ocrx_word' id='word_1_245' title='bbox 498 4888 613 4947; x_wconf 87' lang='lat' dir='ltr'><strong>ventre</strong></span> <span class='ocrx_word' id='word_1_246' title='bbox 630 4884 782 4960; x_wconf 88' lang='lat' dir='ltr'><strong>graditur</strong></span> <span class='ocrx_word' id='word_1_247' title='bbox 797 4901 897 4964; x_wconf 87' lang='lat' dir='ltr'><strong>super</strong></span> 
     </span>
     <span class='ocr_line' id='line_1_47' title="bbox 101 4983 890 5058; baseline 0 -14"><span class='ocrx_word' id='word_1_248' title='bbox 101 4986 241 5044; x_wconf 87' lang='lat' dir='ltr'><strong>terram.</strong></span> <span class='ocrx_word' id='word_1_249' title='bbox 267 4984 360 5045; x_wconf 89' lang='lat' dir='ltr'><strong>Licet</strong></span> <span class='ocrx_word' id='word_1_250' title='bbox 385 4983 473 5043; x_wconf 92' lang='lat' dir='ltr'><strong>enim</strong></span> <span class='ocrx_word' id='word_1_251' title='bbox 502 4984 589 5043; x_wconf 90' lang='lat' dir='ltr'><strong>esset</strong></span> <span class='ocrx_word' id='word_1_252' title='bbox 616 4983 791 5058; x_wconf 89' lang='lat' dir='ltr'><strong>imperitus</strong></span> <span class='ocrx_word' id='word_1_253' title='bbox 819 4999 890 5044; x_wconf 91' lang='lat' dir='ltr'><strong>ser-</strong></span> 
     </span>
     <span class='ocr_line' id='line_1_48' title="bbox 102 5079 896 5156; baseline 0.005 -17"><span class='ocrx_word' id='word_1_254' title='bbox 102 5094 222 5151; x_wconf 90' lang='lat' dir='ltr'><strong>mone,</strong></span> <span class='ocrx_word' id='word_1_255' title='bbox 255 5079 393 5141; x_wconf 87' lang='lat' dir='ltr'><strong>scientia</strong></span> <span class='ocrx_word' id='word_1_256' title='bbox 427 5081 540 5140; x_wconf 84' lang='grc'><strong>1611161</strong></span> <span class='ocrx_word' id='word_1_257' title='bbox 576 5079 695 5156; x_wconf 90' lang='lat' dir='ltr'><strong>plenus</strong></span> <span class='ocrx_word' id='word_1_258' title='bbox 732 5079 896 5143; x_wconf 90' lang='lat' dir='ltr'><strong>enodabat</strong></span> 
     </span>
     <span class='ocr_line' id='line_1_49' title="bbox 99 5175 896 5253; baseline 0.004 -18"><span class='ocrx_word' id='word_1_259' title='bbox 99 5175 205 5236; x_wconf 90' lang='lat' dir='ltr'><strong>dubia</strong></span> <span class='ocrx_word' id='word_1_260' title='bbox 222 5175 453 5253; x_wconf 84' lang='lat' dir='ltr'><strong>quaestionum,</strong></span> <span class='ocrx_word' id='word_1_261' title='bbox 470 5177 502 5237; x_wconf 91' lang='lat' dir='ltr'><strong>et</strong></span> <span class='ocrx_word' id='word_1_262' title='bbox 522 5175 714 5238; x_wconf 89' lang='lat' dir='ltr'><strong>abscondita</strong></span> <span class='ocrx_word' id='word_1_263' title='bbox 732 5176 896 5252; x_wconf 89' lang='lat' dir='ltr'><strong>produce-</strong></span> 
     </span>
     <span class='ocr_line' id='line_1_50' title="bbox 97 5271 894 5344; baseline 0.003 -12"><span class='ocrx_word' id='word_1_264' title='bbox 97 5271 160 5333; x_wconf 88' lang='lat' dir='ltr'><strong>bat</strong></span> <span class='ocrx_word' id='word_1_265' title='bbox 173 5271 208 5333; x_wconf 92' lang='lat' dir='ltr'><strong>in</strong></span> <span class='ocrx_word' id='word_1_266' title='bbox 228 5273 346 5333; x_wconf 91' lang='lat' dir='ltr'><strong>lucem.</strong></span> <span class='ocrx_word' id='word_1_267' title='bbox 363 5275 433 5334; x_wconf 90' lang='lat' dir='ltr'><strong>Nec</strong></span> <span class='ocrx_word' id='word_1_268' title='bbox 455 5271 627 5344; x_wconf 88' lang='lat' dir='ltr'><strong>absonum,</strong></span> <span class='ocrx_word' id='word_1_269' title='bbox 649 5272 679 5332; x_wconf 92' lang='lat' dir='ltr'><strong>si</strong></span> <span class='ocrx_word' id='word_1_270' title='bbox 693 5273 746 5335; x_wconf 89' lang='grc'><strong>111</strong></span> <span class='ocrx_word' id='word_1_271' title='bbox 760 5276 894 5335; x_wconf 87' lang='lat' dir='ltr'><strong>sanctus</strong></span> 
     </span>
     <span class='ocr_line' id='line_1_51' title="bbox 98 5368 892 5446; baseline 0.003 -17"><span class='ocrx_word' id='word_1_272' title='bbox 98 5369 350 5444; x_wconf 81' lang='lat' dir='ltr'><strong>scripturarum</strong></span> <span class='ocrx_word' id='word_1_273' title='bbox 370 5372 472 5430; x_wconf 90' lang='lat' dir='ltr'><strong>aDeo</strong></span> <span class='ocrx_word' id='word_1_274' title='bbox 487 5368 692 5430; x_wconf 91' lang='lat' dir='ltr'><strong>intellectum</strong></span> <span class='ocrx_word' id='word_1_275' title='bbox 708 5372 892 5446; x_wconf 89' lang='lat' dir='ltr'><strong>acceperat,</strong></span> 
     </span>
     <span class='ocr_line' id='line_1_52' title="bbox 98 5465 893 5543; baseline 0.004 -17"><span class='ocrx_word' id='word_1_276' title='bbox 98 5481 178 5526; x_wconf 88' lang='lat' dir='ltr'><strong>cum</strong></span> <span class='ocrx_word' id='word_1_277' title='bbox 195 5479 256 5542; x_wconf 91' lang='lat' dir='ltr'><strong>per</strong></span> <span class='ocrx_word' id='word_1_278' title='bbox 273 5465 493 5526; x_wconf 84' lang='lat' dir='ltr'><strong>imitationem</strong></span> <span class='ocrx_word' id='word_1_279' title='bbox 510 5466 631 5527; x_wconf 89' lang='lat' dir='ltr'><strong>Christi</strong></span> <span class='ocrx_word' id='word_1_280' title='bbox 647 5466 825 5543; x_wconf 86' lang='lat' dir='ltr'><strong>perlectam</strong></span> <span class='ocrx_word' id='word_1_281' title='bbox 841 5483 893 5529; x_wconf 91' lang='grc'><strong>16-</strong></span> 
     </span>
    </p>
   </div>
   <div class='ocr_carea' id='block_1_11' title="bbox 139 5576 518 5752">
    <p class='ocr_par' dir='ltr' id='par_1_12' title="bbox 139 5576 518 5752">
     <span class='ocr_line' id='line_1_53' title="bbox 139 5576 422 5650; baseline 0 -18"><span class='ocrx_word' id='word_1_282' title='bbox 139 5576 183 5650; x_wconf 86' lang='grc'><strong>(1)</strong></span> <span class='ocrx_word' id='word_1_283' title='bbox 199 5577 287 5648; x_wconf 75' lang='lat' dir='ltr'><strong>hege:</strong></span> <span class='ocrx_word' id='word_1_284' title='bbox 301 5584 422 5634; x_wconf 87' lang='lat' dir='ltr'><strong>tantum.</strong></span> 
     </span>
     <span class='ocr_line' id='line_1_54' title="bbox 246 5694 518 5752; baseline 0.004 -5"><span class='ocrx_word' id='word_1_285' title='bbox 246 5705 360 5750; x_wconf 81' lang='grc'><strong>111161.</strong></span> <span class='ocrx_word' id='word_1_286' title='bbox 380 5705 454 5748; x_wconf 83' lang='lat' dir='ltr'><strong>rens</strong></span> <span class='ocrx_word' id='word_1_287' title='bbox 470 5694 518 5752; x_wconf 85' lang='lat' dir='ltr'><strong>Vl.</strong></span> 
     </span>
    </p>
   </div>
   <div class='ocr_carea' id='block_1_12' title="bbox 879 429 1749 514">
    <p class='ocr_par' dir='ltr' id='par_1_13' title="bbox 879 429 1749 514">
     <span class='ocr_line' id='line_1_55' title="bbox 879 429 1749 514; baseline -0.005 -16"><span class='ocrx_word' id='word_1_288' title='bbox 879 503 881 508; x_wconf 67' lang='grc'><strong>,</strong></span> <span class='ocrx_word' id='word_1_289' title='bbox 954 437 1085 500; x_wconf 88' lang='lat' dir='ltr'><strong>ritatem</strong></span> <span class='ocrx_word' id='word_1_290' title='bbox 1124 437 1271 514; x_wconf 86' lang='lat' dir='ltr'><strong>ipsarum</strong></span> <span class='ocrx_word' id='word_1_291' title='bbox 1304 437 1503 512; x_wconf 87' lang='lat' dir='ltr'><strong>descriptam</strong></span> <span class='ocrx_word' id='word_1_292' title='bbox 1536 436 1682 511; x_wconf 83' lang='lat' dir='ltr'><strong>gestaret</strong></span> <span class='ocrx_word' id='word_1_293' title='bbox 1713 429 1749 495; x_wconf 89' lang='lat' dir='ltr'><strong>in</strong></span> 
     </span>
    </p>
   </div>
   <div class='ocr_carea' id='block_1_13' title="bbox 954 532 1751 998">
    <p class='ocr_par' dir='ltr' id='par_1_14' title="bbox 954 532 1748 789">
     <span class='ocr_line' id='line_1_56' title="bbox 954 532 1748 618; baseline -0.005 -22"><span class='ocrx_word' id='word_1_294' title='bbox 954 550 1066 611; x_wconf 88' lang='lat' dir='ltr'><strong>opere,</strong></span> <span class='ocrx_word' id='word_1_295' title='bbox 1094 536 1127 596; x_wconf 88' lang='lat' dir='ltr'><strong>et</strong></span> <span class='ocrx_word' id='word_1_296' title='bbox 1148 549 1209 611; x_wconf 88' lang='lat' dir='ltr'><strong>per</strong></span> <span class='ocrx_word' id='word_1_297' title='bbox 1237 535 1350 598; x_wconf 85' lang='lat' dir='ltr'><strong>Sancti</strong></span> <span class='ocrx_word' id='word_1_298' title='bbox 1380 533 1524 610; x_wconf 84' lang='lat' dir='ltr'><strong>Spiritus</strong></span> <span class='ocrx_word' id='word_1_299' title='bbox 1557 532 1748 618; x_wconf 86' lang='lat' dir='ltr'><strong>unctionem</strong></span> 
     </span>
     <span class='ocr_line' id='line_1_57' title="bbox 955 629 1748 709; baseline -0.003 -18"><span class='ocrx_word' id='word_1_300' title='bbox 955 631 1151 708; x_wconf 85' lang='lat' dir='ltr'><strong>plenariam,</strong></span> <span class='ocrx_word' id='word_1_301' title='bbox 1170 629 1337 693; x_wconf 87' lang='lat' dir='ltr'><strong>doctorem</strong></span> <span class='ocrx_word' id='word_1_302' title='bbox 1353 646 1468 692; x_wconf 89' lang='lat' dir='ltr'><strong>earum</strong></span> <span class='ocrx_word' id='word_1_303' title='bbox 1488 629 1574 709; x_wconf 90' lang='lat' dir='ltr'><strong>apud</strong></span> <span class='ocrx_word' id='word_1_304' title='bbox 1589 645 1625 692; x_wconf 90' lang='lat' dir='ltr'><strong>se</strong></span> <span class='ocrx_word' id='word_1_305' title='bbox 1640 629 1748 690; x_wconf 86' lang='lat' dir='ltr'><strong>habe-</strong></span> 
     </span>
     <span class='ocr_line' id='line_1_58' title="bbox 955 727 1181 789; baseline -0.009 0"><span class='ocrx_word' id='word_1_306' title='bbox 955 728 1006 789; x_wconf 91' lang='lat' dir='ltr'><strong>ret</strong></span> <span class='ocrx_word' id='word_1_307' title='bbox 1020 728 1054 789; x_wconf 89' lang='lat' dir='ltr'><strong>in</strong></span> <span class='ocrx_word' id='word_1_308' title='bbox 1070 727 1181 789; x_wconf 89' lang='lat' dir='ltr'><strong>corde.</strong></span> 
     </span>
    </p>

    <p class='ocr_par' dir='ltr' id='par_1_15' title="bbox 954 824 1751 998">
     <span class='ocr_line' id='line_1_59' title="bbox 995 824 1750 902; baseline -0.003 -16"><span class='ocrx_word' id='word_1_309' title='bbox 995 824 1084 886; x_wconf 88' lang='lat' dir='ltr'><strong>Adeo</strong></span> <span class='ocrx_word' id='word_1_310' title='bbox 1094 826 1194 886; x_wconf 90' lang='lat' dir='ltr'><strong>etiam</strong></span> <span class='ocrx_word' id='word_1_311' title='bbox 1206 825 1242 885; x_wconf 92' lang='lat' dir='ltr'><strong>iu</strong></span> <span class='ocrx_word' id='word_1_312' title='bbox 1252 825 1325 900; x_wconf 86' lang='lat' dir='ltr'><strong>ipso</strong></span> <span class='ocrx_word' id='word_1_313' title='bbox 1335 824 1457 886; x_wconf 89' lang='lat' dir='ltr'><strong>claruit</strong></span> <span class='ocrx_word' id='word_1_314' title='bbox 1467 824 1603 902; x_wconf 87' lang='lat' dir='ltr'><strong>spiritus</strong></span> <span class='ocrx_word' id='word_1_315' title='bbox 1611 824 1750 902; x_wconf 90' lang='lat' dir='ltr'><strong>prophe·</strong></span> 
     </span>
     <span class='ocr_line' id='line_1_60' title="bbox 954 919 1751 998; baseline -0.003 -16"><span class='ocrx_word' id='word_1_316' title='bbox 954 921 1022 993; x_wconf 87' lang='lat' dir='ltr'><strong>tiae,</strong></span> <span class='ocrx_word' id='word_1_317' title='bbox 1038 923 1074 982; x_wconf 92' lang='lat' dir='ltr'><strong>ut</strong></span> <span class='ocrx_word' id='word_1_318' title='bbox 1090 921 1288 998; x_wconf 75' lang='lat' dir='ltr'><strong>praevideret</strong></span> <span class='ocrx_word' id='word_1_319' title='bbox 1312 919 1434 992; x_wconf 85' lang='lat' dir='ltr'><strong>lutura,</strong></span> <span class='ocrx_word' id='word_1_320' title='bbox 1449 921 1481 982; x_wconf 90' lang='lat' dir='ltr'><strong>et</strong></span> <span class='ocrx_word' id='word_1_321' title='bbox 1498 921 1646 982; x_wconf 88' lang='lat' dir='ltr'><strong>cordium</strong></span> <span class='ocrx_word' id='word_1_322' title='bbox 1669 936 1751 982; x_wconf 91' lang='lat' dir='ltr'><strong>con-</strong></span> 
     </span>
    </p>
   </div>
   <div class='ocr_carea' id='block_1_14' title="bbox 955 1017 1826 1106">
    <p class='ocr_par' dir='ltr' id='par_1_16' title="bbox 955 1017 1826 1106">
     <span class='ocr_line' id='line_1_61' title="bbox 955 1017 1826 1106; baseline 0.001 -28"><span class='ocrx_word' id='word_1_323' title='bbox 955 1019 1106 1078; x_wconf 89' lang='lat' dir='ltr'><strong>tueretur</strong></span> <span class='ocrx_word' id='word_1_324' title='bbox 1133 1017 1274 1090; x_wconf 87' lang='lat' dir='ltr'><strong>occulta,</strong></span> <span class='ocrx_word' id='word_1_325' title='bbox 1309 1017 1461 1078; x_wconf 88' lang='lat' dir='ltr'><strong>absentia</strong></span> <span class='ocrx_word' id='word_1_326' title='bbox 1494 1033 1623 1094; x_wconf 88' lang='lat' dir='ltr'><strong>quoque</strong></span> <span class='ocrx_word' id='word_1_327' title='bbox 1657 1017 1751 1079; x_wconf 88' lang='lat' dir='ltr'><strong>velut</strong></span> <span class='ocrx_word' id='word_1_328' title='bbox 1821 1097 1826 1106; x_wconf 29' lang='grc' dir='ltr'>ι</span> 
     </span>
    </p>
   </div>
   <div class='ocr_carea' id='block_1_15' title="bbox 954 1111 1752 1392">
    <p class='ocr_par' dir='ltr' id='par_1_17' title="bbox 954 1111 1752 1392">
     <span class='ocr_line' id='line_1_62' title="bbox 954 1111 1752 1200; baseline -0.001 -26"><span class='ocrx_word' id='word_1_329' title='bbox 954 1115 1133 1191; x_wconf 89' lang='lat' dir='ltr'><strong>praesentia</strong></span> <span class='ocrx_word' id='word_1_330' title='bbox 1146 1114 1308 1200; x_wconf 84' lang='lat' dir='ltr'><strong>cerneret,</strong></span> <span class='ocrx_word' id='word_1_331' title='bbox 1323 1117 1403 1176; x_wconf 89' lang='lat' dir='ltr'><strong>etse</strong></span> <span class='ocrx_word' id='word_1_332' title='bbox 1419 1111 1752 1191; x_wconf 61' lang='grc' dir='ltr'><strong>[1166661161]616611-λ</strong></span> 
     </span>
     <span class='ocr_line' id='line_1_63' title="bbox 955 1207 1750 1292; baseline -0.003 -20"><span class='ocrx_word' id='word_1_333' title='bbox 955 1209 1044 1272; x_wconf 86' lang='lat' dir='ltr'><strong>tibus</strong></span> <span class='ocrx_word' id='word_1_334' title='bbox 1059 1211 1256 1272; x_wconf 88' lang='lat' dir='ltr'><strong>mirabiliter</strong></span> <span class='ocrx_word' id='word_1_335' title='bbox 1271 1207 1454 1292; x_wconf 83' lang='lat' dir='ltr'><strong>exhiberet.</strong></span> <span class='ocrx_word' id='word_1_336' title='bbox 1476 1213 1638 1286; x_wconf 82' lang='lat' dir='ltr'><strong>Tempore</strong></span> <span class='ocrx_word' id='word_1_337' title='bbox 1653 1225 1750 1270; x_wconf 85' lang='lat' dir='ltr'><strong>nam-</strong></span> 
     </span>
     <span class='ocr_line' id='line_1_64' title="bbox 957 1305 1749 1392; baseline -0.003 -24"><span class='ocrx_word' id='word_1_338' title='bbox 957 1321 1110 1384; x_wconf 87' lang='lat' dir='ltr'><strong>queque</strong></span> <span class='ocrx_word' id='word_1_339' title='bbox 1138 1307 1324 1368; x_wconf 86' lang='lat' dir='ltr'><strong>Damiatam</strong></span> <span class='ocrx_word' id='word_1_340' title='bbox 1359 1307 1618 1392; x_wconf 83' lang='lat' dir='ltr'><strong>christianorum</strong></span> <span class='ocrx_word' id='word_1_341' title='bbox 1654 1305 1749 1367; x_wconf 91' lang='lat' dir='ltr'><strong>obsi-</strong></span> 
     </span>
    </p>
   </div>
   <div class='ocr_carea' id='block_1_16' title="bbox 955 1403 1806 1476">
    <p class='ocr_par' dir='ltr' id='par_1_18' title="bbox 955 1403 1806 1476">
     <span class='ocr_line' id='line_1_65' title="bbox 955 1403 1806 1476; baseline 0 -12"><span class='ocrx_word' id='word_1_342' title='bbox 955 1405 1054 1465; x_wconf 91' lang='lat' dir='ltr'><strong>debat</strong></span> <span class='ocrx_word' id='word_1_343' title='bbox 1068 1405 1247 1475; x_wconf 85' lang='lat' dir='ltr'><strong>exercitus,</strong></span> <span class='ocrx_word' id='word_1_344' title='bbox 1265 1403 1448 1466; x_wconf 82' lang='lat' dir='ltr'><strong>aderat&#39;uir</strong></span> <span class='ocrx_word' id='word_1_345' title='bbox 1462 1403 1533 1475; x_wconf 89' lang='lat' dir='ltr'><strong>Dei,</strong></span> <span class='ocrx_word' id='word_1_346' title='bbox 1551 1419 1617 1464; x_wconf 92' lang='lat' dir='ltr'><strong>uon</strong></span> <span class='ocrx_word' id='word_1_347' title='bbox 1632 1404 1746 1476; x_wconf 88' lang='lat' dir='ltr'><strong>armis,</strong></span> <span class='ocrx_word' id='word_1_348' title='bbox 1804 1447 1806 1450; x_wconf 87' lang='lat'>-</span> 
     </span>
    </p>
   </div>
   <div class='ocr_carea' id='block_1_17' title="bbox 951 1500 1751 2553">
    <p class='ocr_par' dir='ltr' id='par_1_19' title="bbox 951 1500 1751 2553">
     <span class='ocr_line' id='line_1_66' title="bbox 957 1500 1751 1576; baseline 0.001 -15"><span class='ocrx_word' id='word_1_349' title='bbox 957 1501 1014 1561; x_wconf 91' lang='lat' dir='ltr'><strong>sed</strong></span> <span class='ocrx_word' id='word_1_350' title='bbox 1027 1500 1090 1562; x_wconf 88' lang='lat' dir='ltr'><strong>lide</strong></span> <span class='ocrx_word' id='word_1_351' title='bbox 1103 1503 1260 1562; x_wconf 89' lang='lat' dir='ltr'><strong>munitus.</strong></span> <span class='ocrx_word' id='word_1_352' title='bbox 1273 1503 1353 1561; x_wconf 90' lang='lat' dir='ltr'><strong>Cum</strong></span> <span class='ocrx_word' id='word_1_353' title='bbox 1368 1501 1472 1576; x_wconf 88' lang='lat' dir='ltr'><strong>igitur</strong></span> <span class='ocrx_word' id='word_1_354' title='bbox 1485 1501 1539 1562; x_wconf 93' lang='lat' dir='ltr'><strong>die</strong></span> <span class='ocrx_word' id='word_1_355' title='bbox 1553 1500 1632 1562; x_wconf 89' lang='lat' dir='ltr'><strong>belli</strong></span> <span class='ocrx_word' id='word_1_356' title='bbox 1647 1500 1751 1562; x_wconf 78' lang='lat' dir='ltr'><strong>cbris-</strong></span> 
     </span>
     <span class='ocr_line' id='line_1_67' title="bbox 953 1598 1747 1674; baseline 0.001 -16"><span class='ocrx_word' id='word_1_357' title='bbox 953 1598 1040 1659; x_wconf 90' lang='lat' dir='ltr'><strong>tieni</strong></span> <span class='ocrx_word' id='word_1_358' title='bbox 1068 1599 1267 1674; x_wconf 88' lang='lat' dir='ltr'><strong>pararentur</strong></span> <span class='ocrx_word' id='word_1_359' title='bbox 1295 1598 1336 1658; x_wconf 91' lang='lat' dir='ltr'><strong>ad</strong></span> <span class='ocrx_word' id='word_1_360' title='bbox 1360 1613 1516 1674; x_wconf 87' lang='lat' dir='ltr'><strong>pugnam,</strong></span> <span class='ocrx_word' id='word_1_361' title='bbox 1540 1599 1604 1659; x_wconf 92' lang='lat' dir='ltr'><strong>hoc</strong></span> <span class='ocrx_word' id='word_1_362' title='bbox 1622 1599 1747 1670; x_wconf 90' lang='lat' dir='ltr'><strong>audito,</strong></span> 
     </span>
     <span class='ocr_line' id='line_1_68' title="bbox 956 1693 1749 1770; baseline 0.003 -16"><span class='ocrx_word' id='word_1_363' title='bbox 956 1694 1080 1755; x_wconf 83' lang='lat' dir='ltr'><strong>Christi</strong></span> <span class='ocrx_word' id='word_1_364' title='bbox 1095 1710 1211 1755; x_wconf 87' lang='lat' dir='ltr'><strong>servus</strong></span> <span class='ocrx_word' id='word_1_365' title='bbox 1226 1695 1441 1756; x_wconf 85' lang='lat' dir='ltr'><strong>vehementer</strong></span> <span class='ocrx_word' id='word_1_366' title='bbox 1455 1696 1626 1770; x_wconf 90' lang='lat' dir='ltr'><strong>ingemuit,</strong></span> <span class='ocrx_word' id='word_1_367' title='bbox 1643 1693 1749 1756; x_wconf 83' lang='lat' dir='ltr'><strong>dinit-</strong></span> 
     </span>
     <span class='ocr_line' id='line_1_69' title="bbox 956 1791 1750 1867; baseline 0.001 -17"><span class='ocrx_word' id='word_1_368' title='bbox 956 1806 1019 1867; x_wconf 85' lang='lat' dir='ltr'><strong>que</strong></span> <span class='ocrx_word' id='word_1_369' title='bbox 1034 1791 1124 1852; x_wconf 89' lang='lat' dir='ltr'><strong>socio</strong></span> <span class='ocrx_word' id='word_1_370' title='bbox 1141 1806 1200 1851; x_wconf 89' lang='lat' dir='ltr'><strong>suo</strong></span> <span class='ocrx_word' id='word_1_371' title='bbox 1216 1813 1223 1850; x_wconf 92' lang='lat'><strong>:</strong></span> <span class='ocrx_word' id='word_1_372' title='bbox 1241 1792 1276 1851; x_wconf 85' lang='lat' dir='ltr'><strong>Si</strong></span> <span class='ocrx_word' id='word_1_373' title='bbox 1291 1791 1370 1851; x_wconf 90' lang='lat' dir='ltr'><strong>belli</strong></span> <span class='ocrx_word' id='word_1_374' title='bbox 1387 1791 1488 1852; x_wconf 86' lang='lat' dir='ltr'><strong>luerit</strong></span> <span class='ocrx_word' id='word_1_375' title='bbox 1503 1793 1682 1854; x_wconf 88' lang='lat' dir='ltr'><strong>attentatus</strong></span> <span class='ocrx_word' id='word_1_376' title='bbox 1695 1791 1750 1852; x_wconf 92' lang='lat' dir='ltr'><strong>in-</strong></span> 
     </span>
     <span class='ocr_line' id='line_1_70' title="bbox 955 1886 1750 1968; baseline 0.003 -21"><span class='ocrx_word' id='word_1_377' title='bbox 955 1902 1101 1962; x_wconf 89' lang='lat' dir='ltr'><strong>gressus,</strong></span> <span class='ocrx_word' id='word_1_378' title='bbox 1125 1886 1269 1949; x_wconf 85' lang='lat' dir='ltr'><strong>ostendit</strong></span> <span class='ocrx_word' id='word_1_379' title='bbox 1290 1887 1372 1948; x_wconf 92' lang='lat' dir='ltr'><strong>mihi</strong></span> <span class='ocrx_word' id='word_1_380' title='bbox 1393 1887 1552 1950; x_wconf 91' lang='lat' dir='ltr'><strong>Dominus</strong></span> <span class='ocrx_word' id='word_1_381' title='bbox 1567 1904 1633 1949; x_wconf 91' lang='lat' dir='ltr'><strong>non</strong></span> <span class='ocrx_word' id='word_1_382' title='bbox 1653 1905 1750 1968; x_wconf 61' lang='lat' dir='ltr'><strong>pros*</strong></span> 
     </span>
     <span class='ocr_line' id='line_1_71' title="bbox 956 1983 1750 2060; baseline 0.003 -17"><span class='ocrx_word' id='word_1_383' title='bbox 956 1999 1035 2060; x_wconf 88' lang='lat' dir='ltr'><strong>pere</strong></span> <span class='ocrx_word' id='word_1_384' title='bbox 1070 1983 1187 2046; x_wconf 91' lang='lat' dir='ltr'><strong>cedere</strong></span> <span class='ocrx_word' id='word_1_385' title='bbox 1223 1984 1429 2046; x_wconf 89' lang='lat' dir='ltr'><strong>christianis.</strong></span> <span class='ocrx_word' id='word_1_386' title='bbox 1463 1987 1586 2046; x_wconf 90' lang='lat' dir='ltr'><strong>Verum</strong></span> <span class='ocrx_word' id='word_1_387' title='bbox 1622 1985 1652 2046; x_wconf 89' lang='lat' dir='ltr'><strong>si</strong></span> <span class='ocrx_word' id='word_1_388' title='bbox 1687 1985 1750 2046; x_wconf 92' lang='lat' dir='ltr'><strong>hoc</strong></span> 
     </span>
     <span class='ocr_line' id='line_1_72' title="bbox 956 2079 1749 2158; baseline 0.003 -18"><span class='ocrx_word' id='word_1_389' title='bbox 956 2079 1083 2152; x_wconf 84' lang='lat' dir='ltr'><strong>dixero,</strong></span> <span class='ocrx_word' id='word_1_390' title='bbox 1100 2079 1211 2142; x_wconf 85' lang='lat' dir='ltr'><strong>tatuus</strong></span> <span class='ocrx_word' id='word_1_391' title='bbox 1227 2081 1425 2158; x_wconf 88' lang='lat' dir='ltr'><strong>reputabor:</strong></span> <span class='ocrx_word' id='word_1_392' title='bbox 1443 2083 1471 2142; x_wconf 90' lang='lat' dir='ltr'><strong>si</strong></span> <span class='ocrx_word' id='word_1_393' title='bbox 1484 2083 1632 2154; x_wconf 87' lang='lat' dir='ltr'><strong>tacuero,</strong></span> <span class='ocrx_word' id='word_1_394' title='bbox 1649 2097 1749 2144; x_wconf 90' lang='lat' dir='ltr'><strong>cons-</strong></span> 
     </span>
     <span class='ocr_line' id='line_1_73' title="bbox 956 2177 1750 2256; baseline 0.001 -18"><span class='ocrx_word' id='word_1_395' title='bbox 956 2177 1111 2256; x_wconf 87' lang='lat' dir='ltr'><strong>cientiam</strong></span> <span class='ocrx_word' id='word_1_396' title='bbox 1136 2191 1203 2237; x_wconf 91' lang='lat' dir='ltr'><strong>nou</strong></span> <span class='ocrx_word' id='word_1_397' title='bbox 1225 2177 1375 2238; x_wconf 84' lang='lat' dir='ltr'><strong>evadam.</strong></span> <span class='ocrx_word' id='word_1_398' title='bbox 1399 2177 1483 2251; x_wconf 91' lang='lat' dir='ltr'><strong>Quid</strong></span> <span class='ocrx_word' id='word_1_399' title='bbox 1502 2178 1604 2253; x_wconf 89' lang='lat' dir='ltr'><strong>igitur</strong></span> <span class='ocrx_word' id='word_1_400' title='bbox 1622 2179 1750 2240; x_wconf 83' lang='grc'><strong>111111-</strong></span> 
     </span>
     <span class='ocr_line' id='line_1_74' title="bbox 955 2273 1750 2350; baseline 0.004 -16"><span class='ocrx_word' id='word_1_401' title='bbox 955 2273 1068 2334; x_wconf 88' lang='lat' dir='ltr'><strong>deturl</strong></span> <span class='ocrx_word' id='word_1_402' title='bbox 1084 2273 1266 2350; x_wconf 85' lang='lat' dir='ltr'><strong>Respondit</strong></span> <span class='ocrx_word' id='word_1_403' title='bbox 1281 2277 1352 2350; x_wconf 81' lang='lat' dir='ltr'><strong>eJus</strong></span> <span class='ocrx_word' id='word_1_404' title='bbox 1370 2276 1492 2346; x_wconf 89' lang='lat' dir='ltr'><strong>socius,</strong></span> <span class='ocrx_word' id='word_1_405' title='bbox 1509 2275 1644 2336; x_wconf 87' lang='lat' dir='ltr'><strong>diceus:</strong></span> <span class='ocrx_word' id='word_1_406' title='bbox 1664 2277 1750 2337; x_wconf 84' lang='lat' dir='ltr'><strong>Fra-</strong></span> 
     </span>
     <span class='ocr_line' id='line_1_75' title="bbox 954 2371 1747 2446; baseline 0 -15"><span class='ocrx_word' id='word_1_407' title='bbox 954 2371 1015 2441; x_wconf 92' lang='lat' dir='ltr'><strong>ter,</strong></span> <span class='ocrx_word' id='word_1_408' title='bbox 1038 2386 1097 2446; x_wconf 90' lang='lat' dir='ltr'><strong>pro</strong></span> <span class='ocrx_word' id='word_1_409' title='bbox 1113 2371 1250 2432; x_wconf 89' lang='lat' dir='ltr'><strong>minimo</strong></span> <span class='ocrx_word' id='word_1_410' title='bbox 1269 2371 1331 2431; x_wconf 86' lang='lat' dir='ltr'><strong>libi</strong></span> <span class='ocrx_word' id='word_1_411' title='bbox 1357 2371 1412 2443; x_wconf 89' lang='lat' dir='ltr'><strong>sit,</strong></span> <span class='ocrx_word' id='word_1_412' title='bbox 1436 2375 1472 2432; x_wconf 90' lang='lat' dir='ltr'><strong>ut</strong></span> <span class='ocrx_word' id='word_1_413' title='bbox 1494 2371 1534 2432; x_wconf 89' lang='lat' dir='ltr'><strong>ab</strong></span> <span class='ocrx_word' id='word_1_414' title='bbox 1558 2371 1747 2432; x_wconf 89' lang='lat' dir='ltr'><strong>hominibus</strong></span> 
     </span>
     <span class='ocr_line' id='line_1_76' title="bbox 951 2467 1749 2553; baseline 0.003 -26"><span class='ocrx_word' id='word_1_415' title='bbox 951 2467 1124 2544; x_wconf 74' lang='lat' dir='ltr'><strong>judiceris</strong></span> <span class='ocrx_word' id='word_1_416' title='bbox 1142 2467 1219 2544; x_wconf 89' lang='lat' dir='ltr'><strong>quia</strong></span> <span class='ocrx_word' id='word_1_417' title='bbox 1237 2483 1303 2528; x_wconf 90' lang='lat' dir='ltr'><strong>non</strong></span> <span class='ocrx_word' id='word_1_418' title='bbox 1319 2467 1415 2528; x_wconf 91' lang='lat' dir='ltr'><strong>modo</strong></span> <span class='ocrx_word' id='word_1_419' title='bbox 1433 2468 1552 2546; x_wconf 88' lang='lat' dir='ltr'><strong>incipis</strong></span> <span class='ocrx_word' id='word_1_420' title='bbox 1564 2469 1678 2553; x_wconf 35' lang='lat' dir='ltr'><strong>&#39;fatuus</strong></span> <span class='ocrx_word' id='word_1_421' title='bbox 1693 2485 1749 2530; x_wconf 90' lang='lat' dir='ltr'><strong>re-</strong></span> 
     </span>
    </p>
   </div>
   <div class='ocr_carea' id='block_1_18' title="bbox 954 2561 1834 2739">
    <p class='ocr_par' dir='ltr' id='par_1_20' title="bbox 954 2561 1834 2739">
     <span class='ocr_line' id='line_1_77' title="bbox 954 2561 1808 2642; baseline 0.005 -16"><span class='ocrx_word' id='word_1_422' title='bbox 954 2566 1074 2642; x_wconf 87' lang='lat' dir='ltr'><strong>putari.</strong></span> <span class='ocrx_word' id='word_1_423' title='bbox 1115 2567 1267 2627; x_wconf 83' lang='lat' dir='ltr'><strong>Exonera</strong></span> <span class='ocrx_word' id='word_1_424' title='bbox 1301 2561 1676 2639; x_wconf 84' lang='lat' dir='ltr'><strong>conscientiam&#39;tuam‚</strong></span> <span class='ocrx_word' id='word_1_425' title='bbox 1715 2571 1749 2630; x_wconf 91' lang='lat' dir='ltr'><strong>et</strong></span> <span class='ocrx_word' id='word_1_426' title='bbox 1804 2561 1808 2571; x_wconf 72' lang='grc'><em>’</em></span> 
     </span>
     <span class='ocr_line' id='line_1_78' title="bbox 954 2663 1834 2739; baseline 0 -15"><span class='ocrx_word' id='word_1_427' title='bbox 954 2665 1057 2724; x_wconf 89' lang='lat' dir='ltr'><strong>Deum</strong></span> <span class='ocrx_word' id='word_1_428' title='bbox 1072 2663 1179 2738; x_wconf 87' lang='lat' dir='ltr'><strong>magis</strong></span> <span class='ocrx_word' id='word_1_429' title='bbox 1194 2664 1283 2734; x_wconf 90' lang='lat' dir='ltr'><strong>time,</strong></span> <span class='ocrx_word' id='word_1_430' title='bbox 1302 2679 1399 2739; x_wconf 90' lang='lat' dir='ltr'><strong>quam</strong></span> <span class='ocrx_word' id='word_1_431' title='bbox 1422 2663 1583 2725; x_wconf 90' lang='lat' dir='ltr'><strong>homines.</strong></span> <span class='ocrx_word' id='word_1_432' title='bbox 1601 2667 1670 2737; x_wconf 91' lang='lat' dir='ltr'><strong>Quo</strong></span> <span class='ocrx_word' id='word_1_433' title='bbox 1686 2679 1748 2725; x_wconf 89' lang='lat' dir='ltr'><strong>au·</strong></span> <span class='ocrx_word' id='word_1_434' title='bbox 1831 2707 1834 2710; x_wconf 89' lang='lat'>-</span> 
     </span>
    </p>
   </div>
   <div class='ocr_carea' id='block_1_19' title="bbox 952 2750 1748 3710">
    <p class='ocr_par' dir='ltr' id='par_1_21' title="bbox 952 2750 1748 3710">
     <span class='ocr_line' id='line_1_79' title="bbox 954 2750 1747 2838; baseline 0.001 -17"><span class='ocrx_word' id='word_1_435' title='bbox 954 2759 1033 2832; x_wconf 91' lang='lat' dir='ltr'><strong>dito,</strong></span> <span class='ocrx_word' id='word_1_436' title='bbox 1048 2759 1191 2821; x_wconf 84' lang='lat' dir='ltr'><strong>exiliens</strong></span> <span class='ocrx_word' id='word_1_437' title='bbox 1207 2760 1329 2822; x_wconf 89' lang='lat' dir='ltr'><strong>Christi</strong></span> <span class='ocrx_word' id='word_1_438' title='bbox 1343 2750 1451 2838; x_wconf 82' lang='lat' dir='ltr'><strong>praeco</strong></span> <span class='ocrx_word' id='word_1_439' title='bbox 1464 2763 1667 2823; x_wconf 88' lang='lat' dir='ltr'><strong>salutaribus</strong></span> <span class='ocrx_word' id='word_1_440' title='bbox 1681 2779 1747 2823; x_wconf 92' lang='lat' dir='ltr'><strong>mo-</strong></span> 
     </span>
     <span class='ocr_line' id='line_1_80' title="bbox 954 2856 1748 2935; baseline 0.001 -19"><span class='ocrx_word' id='word_1_441' title='bbox 954 2856 1032 2918; x_wconf 87' lang='lat' dir='ltr'><strong>nitis</strong></span> <span class='ocrx_word' id='word_1_442' title='bbox 1054 2857 1255 2918; x_wconf 85' lang='lat' dir='ltr'><strong>christianos</strong></span> <span class='ocrx_word' id='word_1_443' title='bbox 1274 2857 1479 2933; x_wconf 87' lang='lat' dir='ltr'><strong>aggreditur,</strong></span> <span class='ocrx_word' id='word_1_444' title='bbox 1499 2858 1654 2935; x_wconf 87' lang='lat' dir='ltr'><strong>prohibet</strong></span> <span class='ocrx_word' id='word_1_445' title='bbox 1675 2857 1748 2918; x_wconf 88' lang='lat' dir='ltr'><strong>bel-</strong></span> 
     </span>
     <span class='ocr_line' id='line_1_81' title="bbox 953 2953 1747 3032; baseline 0.003 -19"><span class='ocrx_word' id='word_1_446' title='bbox 953 2953 1033 3032; x_wconf 88' lang='lat' dir='ltr'><strong>lum,</strong></span> <span class='ocrx_word' id='word_1_447' title='bbox 1046 2953 1220 3015; x_wconf 91' lang='lat' dir='ltr'><strong>denuntiat</strong></span> <span class='ocrx_word' id='word_1_448' title='bbox 1239 2968 1353 3014; x_wconf 88' lang='lat' dir='ltr'><strong>casum</strong></span> <span class='ocrx_word' id='word_1_449' title='bbox 1373 2971 1380 3014; x_wconf 93' lang='lat'>:</span> <span class='ocrx_word' id='word_1_450' title='bbox 1398 2955 1434 3014; x_wconf 85' lang='lat' dir='ltr'><strong>nt</strong></span> <span class='ocrx_word' id='word_1_451' title='bbox 1453 2955 1578 3016; x_wconf 83' lang='lat' dir='ltr'><strong>veritas</strong></span> <span class='ocrx_word' id='word_1_452' title='bbox 1599 2956 1633 3014; x_wconf 91' lang='lat' dir='ltr'><strong>iu</strong></span> <span class='ocrx_word' id='word_1_453' title='bbox 1650 2955 1747 3015; x_wconf 84' lang='lat' dir='ltr'><strong>sahu-</strong></span> 
     </span>
     <span class='ocr_line' id='line_1_82' title="bbox 953 3049 1747 3130; baseline 0.005 -20"><span class='ocrx_word' id='word_1_454' title='bbox 953 3051 1038 3125; x_wconf 82' lang='lat' dir='ltr'><strong>lam3</strong></span> <span class='ocrx_word' id='word_1_455' title='bbox 1054 3050 1296 3111; x_wconf 84' lang='lat' dir='ltr'><strong>induraverunt</strong></span> <span class='ocrx_word' id='word_1_456' title='bbox 1317 3065 1375 3130; x_wconf 84' lang='lat' dir='ltr'><strong>cor</strong></span> <span class='ocrx_word' id='word_1_457' title='bbox 1396 3067 1504 3123; x_wconf 89' lang='lat' dir='ltr'><strong>suum,</strong></span> <span class='ocrx_word' id='word_1_458' title='bbox 1520 3053 1554 3113; x_wconf 91' lang='lat' dir='ltr'><strong>et</strong></span> <span class='ocrx_word' id='word_1_459' title='bbox 1568 3049 1747 3114; x_wconf 90' lang='lat' dir='ltr'><strong>noluerunt</strong></span> 
     </span>
     <span class='ocr_line' id='line_1_83' title="bbox 953 3147 1744 3224; baseline 0.005 -18"><span class='ocrx_word' id='word_1_460' title='bbox 953 3147 1088 3208; x_wconf 89' lang='grc'><strong>1616111.</strong></span> <span class='ocrx_word' id='word_1_461' title='bbox 1115 3147 1195 3219; x_wconf 90' lang='lat' dir='ltr'><strong>Itur,</strong></span> <span class='ocrx_word' id='word_1_462' title='bbox 1223 3147 1449 3224; x_wconf 88' lang='lat' dir='ltr'><strong>committitur,</strong></span> <span class='ocrx_word' id='word_1_463' title='bbox 1477 3147 1630 3221; x_wconf 90' lang='lat' dir='ltr'><strong>bellatur,</strong></span> <span class='ocrx_word' id='word_1_464' title='bbox 1653 3149 1744 3210; x_wconf 86' lang='lat' dir='ltr'><strong>tota-</strong></span> 
     </span>
     <span class='ocr_line' id='line_1_84' title="bbox 953 3241 1742 3320; baseline 0.004 -17"><span class='ocrx_word' id='word_1_465' title='bbox 953 3243 1074 3320; x_wconf 85' lang='lat' dir='ltr'><strong>quein</strong></span> <span class='ocrx_word' id='word_1_466' title='bbox 1100 3241 1212 3320; x_wconf 77' lang='lat' dir='ltr'><strong>bigam</strong></span> <span class='ocrx_word' id='word_1_467' title='bbox 1238 3244 1379 3305; x_wconf 84' lang='lat' dir='ltr'><strong>vertitur</strong></span> <span class='ocrx_word' id='word_1_468' title='bbox 1404 3243 1524 3305; x_wconf 89' lang='lat' dir='ltr'><strong>militia</strong></span> <span class='ocrx_word' id='word_1_469' title='bbox 1546 3245 1742 3318; x_wconf 89' lang='lat' dir='ltr'><strong>christiana,</strong></span> 
     </span>
     <span class='ocr_line' id='line_1_85' title="bbox 953 3339 1746 3417; baseline 0.006 -18"><span class='ocrx_word' id='word_1_470' title='bbox 953 3339 1052 3400; x_wconf 86' lang='lat' dir='ltr'><strong>duem</strong></span> <span class='ocrx_word' id='word_1_471' title='bbox 1061 3339 1140 3401; x_wconf 90' lang='lat' dir='ltr'><strong>belli</strong></span> <span class='ocrx_word' id='word_1_472' title='bbox 1151 3339 1364 3417; x_wconf 90' lang='lat' dir='ltr'><strong>opprobrium</strong></span> <span class='ocrx_word' id='word_1_473' title='bbox 1374 3356 1542 3416; x_wconf 74' lang='lat' dir='ltr'><strong>segerens,</strong></span> <span class='ocrx_word' id='word_1_474' title='bbox 1555 3358 1620 3403; x_wconf 90' lang='lat' dir='ltr'><strong>non</strong></span> <span class='ocrx_word' id='word_1_475' title='bbox 1632 3344 1746 3404; x_wconf 87' lang='lat' dir='ltr'><strong>trium·</strong></span> 
     </span>
     <span class='ocr_line' id='line_1_86' title="bbox 952 3433 1747 3513; baseline 0.006 -17"><span class='ocrx_word' id='word_1_476' title='bbox 952 3437 1065 3513; x_wconf 90' lang='lat' dir='ltr'><strong>phum.</strong></span> <span class='ocrx_word' id='word_1_477' title='bbox 1079 3433 1185 3498; x_wconf 83' lang='lat' dir='ltr'><strong>Tanta</strong></span> <span class='ocrx_word' id='word_1_478' title='bbox 1196 3451 1276 3500; x_wconf 81' lang='lat' dir='ltr'><strong>vero</strong></span> <span class='ocrx_word' id='word_1_479' title='bbox 1292 3437 1402 3512; x_wconf 89' lang='lat' dir='ltr'><strong>strage</strong></span> <span class='ocrx_word' id='word_1_480' title='bbox 1415 3437 1673 3500; x_wconf 89' lang='lat' dir='ltr'><strong>christianorum</strong></span> <span class='ocrx_word' id='word_1_481' title='bbox 1687 3442 1747 3501; x_wconf 89' lang='lat' dir='ltr'><strong>im-</strong></span> 
     </span>
     <span class='ocr_line' id='line_1_87' title="bbox 952 3533 1745 3620; baseline 0.005 -27"><span class='ocrx_word' id='word_1_482' title='bbox 952 3533 1099 3620; x_wconf 78' lang='lat' dir='ltr'><strong>minutus</strong></span> <span class='ocrx_word' id='word_1_483' title='bbox 1123 3536 1173 3595; x_wconf 91' lang='lat' dir='ltr'><strong>est</strong></span> <span class='ocrx_word' id='word_1_484' title='bbox 1195 3549 1364 3607; x_wconf 90' lang='lat' dir='ltr'><strong>uumerus,</strong></span> <span class='ocrx_word' id='word_1_485' title='bbox 1388 3534 1425 3595; x_wconf 90' lang='lat' dir='ltr'><strong>ut</strong></span> <span class='ocrx_word' id='word_1_486' title='bbox 1438 3535 1537 3614; x_wconf 82' lang='lat' dir='ltr'><strong>&#39;circa</strong></span> <span class='ocrx_word' id='word_1_487' title='bbox 1557 3552 1617 3597; x_wconf 87' lang='lat' dir='ltr'><strong>sex</strong></span> <span class='ocrx_word' id='word_1_488' title='bbox 1638 3537 1745 3598; x_wconf 90' lang='lat' dir='ltr'><strong>millia</strong></span> 
     </span>
     <span class='ocr_line' id='line_1_88' title="bbox 952 3629 1745 3710; baseline 0.003 -20"><span class='ocrx_word' id='word_1_489' title='bbox 952 3629 1541 3708; x_wconf 73' lang='grc'><strong>1161111111611161111666116111166.</strong></span> <span class='ocrx_word' id='word_1_490' title='bbox 1554 3633 1591 3692; x_wconf 92' lang='lat' dir='ltr'><strong>In</strong></span> <span class='ocrx_word' id='word_1_491' title='bbox 1603 3649 1667 3710; x_wconf 86' lang='lat' dir='ltr'><strong>quo</strong></span> <span class='ocrx_word' id='word_1_492' title='bbox 1678 3634 1745 3708; x_wconf 85' lang='grc'><strong>611-</strong></span> 
     </span>
    </p>
   </div>
   <div class='ocr_carea' id='block_1_20' title="bbox 952 3726 1835 3806">
    <p class='ocr_par' dir='ltr' id='par_1_22' title="bbox 952 3726 1835 3806">
     <span class='ocr_line' id='line_1_89' title="bbox 952 3726 1835 3806; baseline 0.002 -16"><span class='ocrx_word' id='word_1_493' title='bbox 952 3727 1069 3790; x_wconf 91' lang='lat' dir='ltr'><strong>denter</strong></span> <span class='ocrx_word' id='word_1_494' title='bbox 1084 3727 1240 3804; x_wconf 89' lang='lat' dir='ltr'><strong>innotuit,</strong></span> <span class='ocrx_word' id='word_1_495' title='bbox 1265 3727 1351 3804; x_wconf 81' lang='lat' dir='ltr'><strong>quod</strong></span> <span class='ocrx_word' id='word_1_496' title='bbox 1374 3726 1560 3806; x_wconf 89' lang='lat' dir='ltr'><strong>spernenda</strong></span> <span class='ocrx_word' id='word_1_497' title='bbox 1581 3745 1649 3789; x_wconf 90' lang='lat' dir='ltr'><strong>uon</strong></span> <span class='ocrx_word' id='word_1_498' title='bbox 1671 3733 1745 3791; x_wconf 85' lang='grc'><strong>6161</strong></span> <span class='ocrx_word' id='word_1_499' title='bbox 1834 3745 1835 3748; x_wconf 71' lang='grc'>’</span> 
     </span>
    </p>
   </div>
   <div class='ocr_carea' id='block_1_21' title="bbox 949 3823 1745 4676">
    <p class='ocr_par' dir='ltr' id='par_1_23' title="bbox 949 3823 1745 4197">
     <span class='ocr_line' id='line_1_90' title="bbox 952 3823 1745 3902; baseline 0.005 -18"><span class='ocrx_word' id='word_1_500' title='bbox 952 3823 1126 3902; x_wconf 87' lang='lat' dir='ltr'><strong>sapientia·</strong></span> <span class='ocrx_word' id='word_1_501' title='bbox 1140 3823 1307 3900; x_wconf 91' lang='lat' dir='ltr'><strong>pauperis,</strong></span> <span class='ocrx_word' id='word_1_502' title='bbox 1331 3839 1406 3884; x_wconf 91' lang='lat' dir='ltr'><strong>cum</strong></span> <span class='ocrx_word' id='word_1_503' title='bbox 1428 3827 1547 3886; x_wconf 78' lang='lat' dir='ltr'><strong>ocimo</strong></span> <span class='ocrx_word' id='word_1_504' title='bbox 1568 3830 1639 3888; x_wconf 78' lang='grc'><strong>6111</strong></span> <span class='ocrx_word' id='word_1_505' title='bbox 1653 3829 1745 3900; x_wconf 80' lang='lat' dir='ltr'><strong>justi</strong></span> 
     </span>
     <span class='ocr_line' id='line_1_91' title="bbox 949 3919 1744 3998; baseline 0.008 -18"><span class='ocrx_word' id='word_1_506' title='bbox 949 3923 1027 3995; x_wconf 81' lang='lat' dir='ltr'><strong>ptus</strong></span> <span class='ocrx_word' id='word_1_507' title='bbox 1061 3919 1244 3982; x_wconf 80' lang='lat' dir='ltr'><strong>annuntiet</strong></span> <span class='ocrx_word' id='word_1_508' title='bbox 1278 3924 1460 3996; x_wconf 70' lang='lat' dir='ltr'><strong>minuendo</strong></span> <span class='ocrx_word' id='word_1_509' title='bbox 1502 3937 1598 3995; x_wconf 80' lang='lat' dir='ltr'><strong>ocra,</strong></span> <span class='ocrx_word' id='word_1_510' title='bbox 1640 3939 1744 3998; x_wconf 78' lang='lat' dir='ltr'><strong>quom</strong></span> 
     </span>
     <span class='ocr_line' id='line_1_92' title="bbox 950 4017 1744 4100; baseline 0.004 -22"><span class='ocrx_word' id='word_1_511' title='bbox 950 4017 1081 4090; x_wconf 84' lang='lat' dir='ltr'><strong>septem</strong></span> <span class='ocrx_word' id='word_1_512' title='bbox 1106 4017 1412 4100; x_wconf 79' lang='lat' dir='ltr'><strong>circumspectores</strong></span> <span class='ocrx_word' id='word_1_513' title='bbox 1435 4019 1593 4080; x_wconf 75' lang='lat' dir='ltr'><strong>sederctcs</strong></span> <span class='ocrx_word' id='word_1_514' title='bbox 1616 4023 1653 4080; x_wconf 82' lang='grc' dir='ltr'><strong>1η</strong></span> <span class='ocrx_word' id='word_1_515' title='bbox 1679 4035 1744 4081; x_wconf 72' lang='lat' dir='ltr'><strong>ee:-</strong></span> 
     </span>
     <span class='ocr_line' id='line_1_93' title="bbox 950 4111 1742 4197; baseline 0.009 -25"><span class='ocrx_word' id='word_1_516' title='bbox 950 4117 1038 4174; x_wconf 83' lang='lat' dir='ltr'><strong>cclso</strong></span> <span class='ocrx_word' id='word_1_517' title='bbox 1057 4116 1101 4174; x_wconf 87' lang='lat' dir='ltr'><strong>od</strong></span> <span class='ocrx_word' id='word_1_518' title='bbox 1118 4116 1372 4187; x_wconf 83' lang='lat' dir='ltr'><strong>speculandum.</strong></span> <span class='ocrx_word' id='word_1_519' title='bbox 1391 4111 1660 4192; x_wconf 82' lang='lat' dir='ltr'><strong>(Eccli.,xxxv11,</strong></span> <span class='ocrx_word' id='word_1_520' title='bbox 1678 4115 1742 4197; x_wconf 90' lang='grc'><strong>18.)</strong></span> 
     </span>
    </p>

    <p class='ocr_par' dir='ltr' id='par_1_24' title="bbox 950 4209 1743 4676">
     <span class='ocr_line' id='line_1_94' title="bbox 990 4209 1743 4288; baseline 0.005 -17"><span class='ocrx_word' id='word_1_521' title='bbox 990 4209 1065 4271; x_wconf 80' lang='lat' dir='ltr'><strong>Alio</strong></span> <span class='ocrx_word' id='word_1_522' title='bbox 1081 4223 1211 4286; x_wconf 84' lang='lat' dir='ltr'><strong>quoque</strong></span> <span class='ocrx_word' id='word_1_523' title='bbox 1222 4211 1372 4287; x_wconf 89' lang='lat' dir='ltr'><strong>tempore</strong></span> <span class='ocrx_word' id='word_1_524' title='bbox 1393 4227 1466 4272; x_wconf 92' lang='lat' dir='ltr'><strong>cum</strong></span> <span class='ocrx_word' id='word_1_525' title='bbox 1484 4212 1559 4288; x_wconf 88' lang='lat' dir='ltr'><strong>post</strong></span> <span class='ocrx_word' id='word_1_526' title='bbox 1574 4215 1743 4276; x_wconf 88' lang='lat' dir='ltr'><strong>reversio-</strong></span> 
     </span>
     <span class='ocr_line' id='line_1_95' title="bbox 950 4305 1742 4387; baseline 0.006 -21"><span class='ocrx_word' id='word_1_527' title='bbox 950 4321 1026 4367; x_wconf 91' lang='lat' dir='ltr'><strong>nem</strong></span> <span class='ocrx_word' id='word_1_528' title='bbox 1044 4305 1149 4383; x_wconf 88' lang='lat' dir='ltr'><strong>ipsius</strong></span> <span class='ocrx_word' id='word_1_529' title='bbox 1164 4307 1204 4367; x_wconf 89' lang='lat' dir='ltr'><strong>de</strong></span> <span class='ocrx_word' id='word_1_530' title='bbox 1218 4307 1306 4368; x_wconf 89' lang='lat' dir='ltr'><strong>ultra</strong></span> <span class='ocrx_word' id='word_1_531' title='bbox 1321 4321 1423 4380; x_wconf 89' lang='lat' dir='ltr'><strong>mare,</strong></span> <span class='ocrx_word' id='word_1_532' title='bbox 1439 4309 1597 4370; x_wconf 88' lang='lat' dir='ltr'><strong>Celanum</strong></span> <span class='ocrx_word' id='word_1_533' title='bbox 1616 4311 1742 4387; x_wconf 90' lang='lat' dir='ltr'><strong>praedi-</strong></span> 
     </span>
     <span class='ocr_line' id='line_1_96' title="bbox 951 4403 1743 4484; baseline 0.005 -20"><span class='ocrx_word' id='word_1_534' title='bbox 951 4404 1086 4464; x_wconf 90' lang='lat' dir='ltr'><strong>caturus</strong></span> <span class='ocrx_word' id='word_1_535' title='bbox 1110 4403 1293 4477; x_wconf 88' lang='lat' dir='ltr'><strong>accederet,</strong></span> <span class='ocrx_word' id='word_1_536' title='bbox 1317 4405 1413 4466; x_wconf 92' lang='lat' dir='ltr'><strong>miles</strong></span> <span class='ocrx_word' id='word_1_537' title='bbox 1442 4405 1576 4482; x_wconf 84' lang='lat' dir='ltr'><strong>quidam</strong></span> <span class='ocrx_word' id='word_1_538' title='bbox 1602 4408 1743 4484; x_wconf 87' lang='lat' dir='ltr'><strong>supplici</strong></span> 
     </span>
     <span class='ocr_line' id='line_1_97' title="bbox 951 4499 1742 4579; baseline 0.006 -20"><span class='ocrx_word' id='word_1_539' title='bbox 951 4514 1026 4560; x_wconf 90' lang='lat' dir='ltr'><strong>eum</strong></span> <span class='ocrx_word' id='word_1_540' title='bbox 1047 4499 1222 4560; x_wconf 83' lang='lat' dir='ltr'><strong>devotione</strong></span> <span class='ocrx_word' id='word_1_541' title='bbox 1244 4517 1318 4562; x_wconf 90' lang='lat' dir='ltr'><strong>cum</strong></span> <span class='ocrx_word' id='word_1_542' title='bbox 1340 4501 1499 4578; x_wconf 87' lang='lat' dir='ltr'><strong>instantia</strong></span> <span class='ocrx_word' id='word_1_543' title='bbox 1517 4504 1742 4579; x_wconf 68' lang='grc'><strong>1161161111-</strong></span> 
     </span>
     <span class='ocr_line' id='line_1_98' title="bbox 950 4595 1743 4676; baseline 0.001 -19"><span class='ocrx_word' id='word_1_544' title='bbox 950 4596 1035 4658; x_wconf 84' lang='lat' dir='ltr'><strong>tavit</strong></span> <span class='ocrx_word' id='word_1_545' title='bbox 1049 4595 1090 4656; x_wconf 86' lang='lat' dir='ltr'><strong>ad</strong></span> <span class='ocrx_word' id='word_1_546' title='bbox 1106 4596 1293 4672; x_wconf 87' lang='lat' dir='ltr'><strong>prandium.</strong></span> <span class='ocrx_word' id='word_1_547' title='bbox 1310 4596 1410 4659; x_wconf 88' lang='lat' dir='ltr'><strong>Venit</strong></span> <span class='ocrx_word' id='word_1_548' title='bbox 1430 4598 1543 4676; x_wconf 85' lang='lat' dir='ltr'><strong>itaque</strong></span> <span class='ocrx_word' id='word_1_549' title='bbox 1564 4599 1605 4659; x_wconf 88' lang='lat' dir='ltr'><strong>ad</strong></span> <span class='ocrx_word' id='word_1_550' title='bbox 1627 4600 1743 4660; x_wconf 88' lang='lat' dir='ltr'><strong>militis</strong></span> 
     </span>
    </p>
   </div>
   <div class='ocr_carea' id='block_1_22' title="bbox 950 4692 1880 4771">
    <p class='ocr_par' dir='ltr' id='par_1_25' title="bbox 950 4692 1880 4771">
     <span class='ocr_line' id='line_1_99' title="bbox 950 4692 1880 4771; baseline 0.006 -19"><span class='ocrx_word' id='word_1_551' title='bbox 950 4692 1095 4765; x_wconf 92' lang='lat' dir='ltr'><strong>domum,</strong></span> <span class='ocrx_word' id='word_1_552' title='bbox 1116 4693 1289 4770; x_wconf 86' lang='lat' dir='ltr'><strong>omnisque</strong></span> <span class='ocrx_word' id='word_1_553' title='bbox 1314 4693 1442 4754; x_wconf 83' lang='lat' dir='ltr'><strong>familia</strong></span> <span class='ocrx_word' id='word_1_554' title='bbox 1465 4711 1647 4771; x_wconf 88' lang='lat' dir='ltr'><strong>pauperum</strong></span> <span class='ocrx_word' id='word_1_555' title='bbox 1662 4697 1744 4757; x_wconf 88' lang='lat' dir='ltr'><strong>bos·</strong></span> <span class='ocrx_word' id='word_1_556' title='bbox 1872 4701 1880 4723; x_wconf 51' lang='lat' dir='ltr'><strong>l</strong></span> 
     </span>
    </p>
   </div>
   <div class='ocr_carea' id='block_1_23' title="bbox 948 4789 1743 5554">
    <p class='ocr_par' dir='ltr' id='par_1_26' title="bbox 948 4789 1743 5554">
     <span class='ocr_line' id='line_1_100' title="bbox 950 4789 1742 4871; baseline 0.01 -23"><span class='ocrx_word' id='word_1_557' title='bbox 950 4790 1055 4865; x_wconf 89' lang='lat' dir='ltr'><strong>pitum</strong></span> <span class='ocrx_word' id='word_1_558' title='bbox 1066 4789 1228 4850; x_wconf 78' lang='lat' dir='ltr'><strong>exultavit</strong></span> <span class='ocrx_word' id='word_1_559' title='bbox 1238 4791 1272 4849; x_wconf 91' lang='lat' dir='ltr'><strong>in</strong></span> <span class='ocrx_word' id='word_1_560' title='bbox 1281 4789 1447 4864; x_wconf 89' lang='lat' dir='ltr'><strong>ingressu.</strong></span> <span class='ocrx_word' id='word_1_561' title='bbox 1459 4792 1543 4854; x_wconf 88' lang='lat' dir='ltr'><strong>Ante</strong></span> <span class='ocrx_word' id='word_1_562' title='bbox 1553 4808 1632 4854; x_wconf 83' lang='lat' dir='ltr'><strong>vero</strong></span> <span class='ocrx_word' id='word_1_563' title='bbox 1644 4810 1742 4871; x_wconf 85' lang='lat' dir='ltr'><strong>quam</strong></span> 
     </span>
     <span class='ocr_line' id='line_1_101' title="bbox 951 4885 1743 4963; baseline 0.006 -17"><span class='ocrx_word' id='word_1_564' title='bbox 951 4885 1059 4947; x_wconf 90' lang='lat' dir='ltr'><strong>cibum</strong></span> <span class='ocrx_word' id='word_1_565' title='bbox 1081 4888 1250 4947; x_wconf 88' lang='lat' dir='ltr'><strong>sumerent</strong></span> <span class='ocrx_word' id='word_1_566' title='bbox 1266 4888 1363 4962; x_wconf 84' lang='lat' dir='ltr'><strong>juxta</strong></span> <span class='ocrx_word' id='word_1_567' title='bbox 1385 4887 1519 4949; x_wconf 88' lang='lat' dir='ltr'><strong>solitum</strong></span> <span class='ocrx_word' id='word_1_568' title='bbox 1539 4905 1675 4963; x_wconf 90' lang='lat' dir='ltr'><strong>morem,</strong></span> <span class='ocrx_word' id='word_1_569' title='bbox 1691 4891 1743 4953; x_wconf 92' lang='grc'><strong>111</strong></span> 
     </span>
     <span class='ocr_line' id='line_1_102' title="bbox 951 4981 1741 5061; baseline 0.008 -18"><span class='ocrx_word' id='word_1_570' title='bbox 951 4986 1060 5044; x_wconf 88' lang='lat' dir='ltr'><strong>mente</strong></span> <span class='ocrx_word' id='word_1_571' title='bbox 1077 4982 1229 5054; x_wconf 71' lang='lat' dir='ltr'><strong>devotus</strong></span> <span class='ocrx_word' id='word_1_572' title='bbox 1243 4981 1387 5044; x_wconf 83' lang='lat' dir='ltr'><strong>offerens</strong></span> <span class='ocrx_word' id='word_1_573' title='bbox 1402 4983 1469 5046; x_wconf 88' lang='lat' dir='ltr'><strong>Deo</strong></span> <span class='ocrx_word' id='word_1_574' title='bbox 1487 5001 1602 5061; x_wconf 89' lang='lat' dir='ltr'><strong>preces</strong></span> <span class='ocrx_word' id='word_1_575' title='bbox 1617 4989 1741 5049; x_wconf 79' lang='grc'><strong>61161-</strong></span> 
     </span>
     <span class='ocr_line' id='line_1_103' title="bbox 950 5079 1741 5152; baseline 0.01 -12"><span class='ocrx_word' id='word_1_576' title='bbox 950 5079 1139 5152; x_wconf 81' lang='grc'><strong>166,6611116</strong></span> <span class='ocrx_word' id='word_1_577' title='bbox 1164 5079 1273 5141; x_wconf 89' lang='lat' dir='ltr'><strong>stabat</strong></span> <span class='ocrx_word' id='word_1_578' title='bbox 1295 5079 1432 5143; x_wconf 87' lang='lat' dir='ltr'><strong>elevatis</strong></span> <span class='ocrx_word' id='word_1_579' title='bbox 1454 5081 1490 5142; x_wconf 92' lang='lat' dir='ltr'><strong>in</strong></span> <span class='ocrx_word' id='word_1_580' title='bbox 1507 5085 1636 5145; x_wconf 88' lang='lat' dir='ltr'><strong>coelum.</strong></span> <span class='ocrx_word' id='word_1_581' title='bbox 1654 5088 1741 5148; x_wconf 89' lang='lat' dir='ltr'><strong>Ora-</strong></span> 
     </span>
     <span class='ocr_line' id='line_1_104' title="bbox 948 5175 1741 5256; baseline 0.01 -18"><span class='ocrx_word' id='word_1_582' title='bbox 948 5177 1040 5238; x_wconf 92' lang='lat' dir='ltr'><strong>tione</strong></span> <span class='ocrx_word' id='word_1_583' title='bbox 1058 5175 1231 5253; x_wconf 87' lang='lat' dir='ltr'><strong>completa,</strong></span> <span class='ocrx_word' id='word_1_584' title='bbox 1247 5175 1429 5252; x_wconf 91' lang='lat' dir='ltr'><strong>benignum</strong></span> <span class='ocrx_word' id='word_1_585' title='bbox 1446 5180 1621 5256; x_wconf 89' lang='lat' dir='ltr'><strong>hospitem,</strong></span> <span class='ocrx_word' id='word_1_586' title='bbox 1638 5182 1741 5247; x_wconf 88' lang='lat' dir='ltr'><strong>lami-</strong></span> 
     </span>
     <span class='ocr_line' id='line_1_105' title="bbox 949 5273 1741 5350; baseline 0.009 -17"><span class='ocrx_word' id='word_1_587' title='bbox 949 5273 1078 5335; x_wconf 88' lang='lat' dir='ltr'><strong>liariter</strong></span> <span class='ocrx_word' id='word_1_588' title='bbox 1092 5274 1289 5334; x_wconf 89' lang='lat' dir='ltr'><strong>advocatum</strong></span> <span class='ocrx_word' id='word_1_589' title='bbox 1303 5275 1339 5334; x_wconf 91' lang='lat' dir='ltr'><strong>iu</strong></span> <span class='ocrx_word' id='word_1_590' title='bbox 1357 5280 1496 5350; x_wconf 88' lang='lat' dir='ltr'><strong>partem,</strong></span> <span class='ocrx_word' id='word_1_591' title='bbox 1513 5278 1562 5339; x_wconf 89' lang='lat' dir='ltr'><strong>sic</strong></span> <span class='ocrx_word' id='word_1_592' title='bbox 1577 5279 1741 5343; x_wconf 87' lang='lat' dir='ltr'><strong>allocutus</strong></span> 
     </span>
     <span class='ocr_line' id='line_1_106' title="bbox 949 5369 1739 5452; baseline 0.009 -21"><span class='ocrx_word' id='word_1_593' title='bbox 949 5371 1023 5431; x_wconf 88' lang='lat' dir='ltr'><strong>est:</strong></span> <span class='ocrx_word' id='word_1_594' title='bbox 1046 5369 1140 5442; x_wconf 85' lang='lat' dir='ltr'><strong>Ecce,</strong></span> <span class='ocrx_word' id='word_1_595' title='bbox 1163 5369 1267 5432; x_wconf 88' lang='grc'><strong>116161</strong></span> <span class='ocrx_word' id='word_1_596' title='bbox 1290 5371 1421 5449; x_wconf 87' lang='lat' dir='ltr'><strong>hospes,</strong></span> <span class='ocrx_word' id='word_1_597' title='bbox 1439 5374 1506 5435; x_wconf 90' lang='lat' dir='ltr'><strong>tuis</strong></span> <span class='ocrx_word' id='word_1_598' title='bbox 1529 5377 1739 5452; x_wconf 72' lang='grc'><strong>1161116116-</strong></span> 
     </span>
     <span class='ocr_line' id='line_1_107' title="bbox 948 5465 1738 5554; baseline 0.01 -27"><span class='ocrx_word' id='word_1_599' title='bbox 948 5465 1053 5537; x_wconf 92' lang='lat' dir='ltr'><strong>cibus,</strong></span> <span class='ocrx_word' id='word_1_600' title='bbox 1079 5469 1115 5528; x_wconf 88' lang='lat' dir='ltr'><strong>ut</strong></span> <span class='ocrx_word' id='word_1_601' title='bbox 1138 5467 1383 5542; x_wconf 88' lang='lat' dir='ltr'><strong>manducarem,</strong></span> <span class='ocrx_word' id='word_1_602' title='bbox 1407 5469 1539 5532; x_wconf 92' lang='lat' dir='ltr'><strong>domum</strong></span> <span class='ocrx_word' id='word_1_603' title='bbox 1566 5474 1738 5554; x_wconf 82' lang='grc'><strong>166111111-</strong></span> 
     </span>
    </p>
   </div>
   <div class='ocr_carea' id='block_1_24' title="bbox 1514 5699 1532 5756">
    <p class='ocr_par' dir='ltr' id='par_1_27' title="bbox 1514 5699 1532 5756">
     <span class='ocr_line' id='line_1_108' title="bbox 1514 5699 1532 5756; baseline 0 0"><span class='ocrx_word' id='word_1_604' title='bbox 1514 5699 1532 5756; x_wconf 76' lang='lat'>5</span> 
     </span>
    </p>
   </div>
   <div class='ocr_carea' id='block_1_25' title="bbox 0 0 2084 6375">
    <p class='ocr_par' dir='ltr' id='par_1_28' title="bbox 0 0 2084 6375">
     <span class='ocr_line' id='line_1_109' title="bbox 0 0 2084 6375; baseline 0 0"><span class='ocrx_word' id='word_1_605' title='bbox 0 0 2084 6375; x_wconf 95' lang='lat' dir='ltr'><strong> </strong></span> 
     </span>
    </p>
   </div>
  </div>
 </body>
</html>
