4226 6406
276 259 361 322 ma»
748 261 804 321 sn
832 258 971 327 orsus
999 259 1032 317 s.
1061 255 1238 326 enronn
1266 257 1454 322 renuam
1519 240 1526 252 ’
1863 255 1924 324 460

278 417 374 478 iuxta
399 417 599 480 conditionis
628 433 688 478 sue
712 418 834 479 statum
867 415 1072 479 domicilium
1127 413 1169 474 de
1193 413 1310 476 ordine
1334 416 1501 477 minorum
1529 414 1658 478 litteras
1686 413 1820 492 quidem
1844 429 1923 476 nes·

281 514 507 592 possidebant,
524 514 610 592 quod
626 515 660 576 et
674 515 738 591 ipsi
753 516 839 576 ostio
853 513 967 590 templi
989 527 1071 590 pro·
1128 511 1254 574 cientes
1278 512 1336 573 sed
1359 512 1516 575 uirtutem
1532 512 1642 575 littere
1665 511 1822 588 operibus
1837 511 1921 573 edo-

280 611 404 688 pinquo
428 611 543 672 limine
571 610 797 672 imminebat.
836 611 998 684 Quicum
1037 609 1071 669 in
1128 611 1240 670 centes
1256 609 1311 686 qui
1336 611 1369 670 et
1383 610 1477 672 iuxta
1491 609 1619 670 ordinis
1639 609 1923 671 statutaelemo-

279 709 387 785 primo
413 707 597 769 iuuentutis
621 708 727 769 flore.
751 708 881 770 felicem
904 708 993 769 bunc
1013 722 1073 782 ge-
1127 705 1200 768 sine
1222 706 1361 783 petende
1380 707 1489 782 gratia
1517 749 1525 766 .
1553 705 1595 767 ad
1620 706 1857 767 monasterium
1886 705 1922 766 in

278 805 431 866 nuissent
445 805 551 866 fllium
568 849 576 865 .
606 805 649 867 ab
668 806 741 882 ipso
756 806 845 868 sacri
860 804 1071 881 baptismatis
1127 817 1193 878 quo
1218 804 1272 864 uir
1291 805 1350 864 Dei
1375 801 1639 865 conuersabatur
1653 819 1752 881 qnam
1769 817 1848 880 sepe
1862 817 1924 863 ue-

278 898 393 960 fonte.
429 900 626 962 seruandus
653 901 684 961 ei
713 916 833 962 nomen
862 900 1068 978 imponunt.
1126 899 1282 962 uiebant.
1305 899 1353 961 ad
1369 915 1541 977 quoscum
1562 917 1606 962 ex
1626 916 1737 961 more.
1762 900 1815 962 die
1838 915 1922 978 qua-

277 998 373 1058 Hunc
388 995 595 1076 nimirumin
612 998 802 1074 supradicte
815 998 929 1059 sancte
940 998 998 1059 Dei
1011 1012 1071 1072 ge-
1126 997 1201 1061 dam
1225 997 1280 1060 uir
1294 997 1353 1058 liei
1376 997 1537 1060 nisitandi
1552 997 1662 1072 gratia
1680 997 1847 1058 secrecius
1864 1013 1917 1058 ao·

277 1093 409 1155 nitricis
434 1094 607 1155 Ecclesia.
637 1094 742 1155 sacris
769 1094 890 1157 litteris
918 1095 1072 1155 imbuen-
1126 1093 1283 1156 cessisset
1310 1139 1317 1156 .
1341 1095 1429 1156 inter
1455 1096 1565 1157 cetera
1592 1111 1656 1172 que
1686 1093 1816 1156 locutus
1846 1095 1920 1156 est.

277 1189 355 1250 dum
369 1189 528 1252 tradunt.
553 1190 743 1253 etfuturum
758 1190 879 1255 Christi
895 1206 1070 1268 preconem
1126 1190 1188 1252 bec
1202 1207 1333 1280 quoque
1357 1191 1462 1256 dixit.
1488 1191 1621 1253 Ordinis
1643 1191 1748 1254 uestri
1771 1191 1920 1254 habitum

277 1287 419 1364 quodam
434 1288 589 1364 presagio
602 1280 830 1350 ministrorum
845 1287 969 1349 Christi
988 1289 1071 1349 edu·
1127 1287 1247 1350 fratres
1263 1289 1434 1350 karissimi
1451 1289 1564 1351 animo
1579 1288 1792 1350 desiderandi
1808 1289 1919 1350 susci-

278 1385 399 1446 cationi
417 1386 637 1448 committunt.
1126 1387 1214 1462 piam
1231 1387 1325 1448 sime
1340 1402 1419 1449 mox
1433 1387 1470 1449 ut
1488 1386 1716 1462 introgressus
1740 1386 1858 1447 fuero.
1878 1386 1920 1448 ad

317 1483 443 1544 Lectio.
460 1485 527 1543 flf.
562 1483 619 1543 Est
656 1483 765 1544 autem
801 1483 895 1544 furta
931 1481 1070 1544 eandem
1126 1484 1249 1544 terram
1276 1485 1520 1545 Saracenorum
1543 1484 1676 1545 mittere
1698 1483 1920 1560 spoponderi-

278 1593 376 1656 quam
400 1577 606 1656 prediximus
634 1580 804 1642 ciuitatem
831 1581 1071 1642 Monasterium
1126 1581 1191 1643 tis.
1215 1581 1372 1660 quatinus
1388 1597 1462 1642 cum
1478 1582 1602 1642 sanctis
1622 1581 1827 1658 martyribus
1845 1595 1920 1643 me-

278 1675 441 1754 quoddam
456 1677 496 1738 de
511 1677 629 1740 ordine
644 1677 752 1741 sancti
766 1679 965 1756 Augustini.
982 1677 1071 1739 baud
1126 1693 1205 1738 rear
1227 1681 1260 1741 et
1281 1693 1343 1756 ego
1365 1678 1524 1756 consequi
1549 1691 1671 1739 corone
1686 1677 1917 1755 participium.

222 1775 224 1782 '
277 1773 375 1851 longe
390 1790 410 1835 a
423 1773 574 1835 menibus
589 1775 737 1836 distans.
756 1775 789 1835 in
801 1791 864 1853 qua
877 1773 924 1855 (1)
946 1775 1012 1836 uiri
1022 1791 1072 1836 re·
1127 1775 1189 1847 in
1202 1791 1268 1836 non
1282 1775 1442 1837 mediocri
1458 1775 1579 1851 gaudio
1593 1791 1636 1837 ex
1653 1775 1738 1836 tanti
1754 1775 1820 1836 utri
1838 1790 1919 1836 uer-

277 1871 402 1948 ligione
421 1871 564 1933 famosi.
587 1873 623 1934 in
639 1873 791 1934 canonici
813 1873 978 1949 regularis
1005 1873 1070 1932 ba·
1125 1870 1177 1933 bis
1199 1873 1403 1935 exhilarati.
1428 1872 1593 1949 diemque
1614 1872 1676 1933 bec
1700 1873 1782 1933 flant
1806 1871 1922 1949 proxi-

277 1967 349 2030 bitu
364 1969 503 2029 Domino
519 1967 743 2030 famulantur.
759 1969 807 2030 Ad
829 1969 1072 2046 bunedenique
1126 1985 1215 2030 mum
1241 1973 1433 2050 sequentem
1460 1970 1686 2032 constituunt.
1710 1970 1742 2032 et
1763 1985 1805 2030 ne
1827 1984 1921 2031 mora

278 2065 387 2126 locum
403 2065 456 2125 uir
471 2065 529 2127 Del
553 2067 673 2142 spretis
699 2065 813 2128 mundi
834 2066 1070 2129 oblectationi·
1126 2066 1311 2142 periculum
1332 2066 1469 2128 trabat.
1491 2065 1622 2142 tempus
1638 2065 1809 2126 dilationis
1835 2081 1917 2142 pre-

277 2161 339 2223 bus
350 2178 386 2224 se
398 2162 584 2226 transtulit.
597 2165 629 2225 et
639 2164 792 2224 canonici
801 2165 966 2240 regularis
981 2163 1073 2226 babt-
1126 2163 1252 2225 cidunt.

278 2259 1071 2339 tumhumilldevotionesnscepit.ubicumannis
1165 2261 1290 2322 Lectio.
1319 2263 1374 2322 VI.
1410 2257 1583 2322 Fratribus
1612 2259 1716 2334 igitur
1742 2257 1922 2320 letabunda

277 2355 381 2419 ferme
418 2355 546 2419 duobus
572 2363 826 2422 commoratus.
850 2359 1071 2437 frequentiam
1126 2356 1397 2419 remanentibus.
1420 2357 1553 2418 domum
1577 2357 1677 2418 rediit
1707 2371 1823 2417 servus
1856 2355 1917 2417 Del

276 2456 459 2518 amicorum
475 2455 539 2532 piis
551 2455 717 2517 mentibus
730 2458 952 2533 importunam
967 2457 1073 2518 susti·
1125 2455 1288 2516 Antonius
1301 2470 1402 2532 super
1417 2454 1545 2516 dictisa
1558 2453 1669 2532 priore
1684 2452 1853 2516 licentiam
1867 2469 1922 2530 pe-

277 2553 416 2628 nuisset,
432 2553 468 2614 ut
482 2568 612 2614 omnem
631 2553 694 2615 sibi
710 2553 968 2630 perturbationis
981 2553 1073 2615 eius-
1126 2551 1248 2614 titurus
1263 2551 1351 2624 .Qua
1366 2551 1523 2612 nimirum
1539 2549 1694 2628 precibus
1710 2551 1842 2613 extorta
1856 2551 1920 2612 fra·

277 2649 405 2712 cemodi
429 2649 638 2712 occasionem
659 2651 813 2713 tolleret.
837 2650 949 2712 natale
964 2651 1071 2713 solum
1126 2652 1193 2711 tres
1209 2649 1363 2726 promissi
1377 2665 1443 2710 non
1458 2650 1669 2710 immemores
1694 2692 1702 2709 .
1720 2651 1819 2727 juxta
1834 2664 1920 2710 con-

278 2747 363 2824 quod
389 2747 430 2808 ad
458 2747 669 2809 eneruandos
699 2747 816 2809 uiriles
845 2748 975 2810 animos
1005 2763 1072 2810 non
1126 2745 1249 2809 dictum
1273 2747 1361 2808 facto
1385 2761 1484 2808 mane
1512 2747 1746 2808 conueniunt:
1772 2747 1806 2809 et
1832 2745 1921 2807 reli-

150 2897 153 2906 .
270 2843 489 2906 mediocriter
518 2845 626 2921 potest
652 2889 660 2905 .
684 2844 917 2926 derelinquere
943 2847 1070 2918 statutt,
1126 2845 1235 2920 gionis
1250 2859 1311 2906 sue
1325 2843 1474 2906 habitum
1491 2843 1524 2905 in
1541 2843 1745 2906 monasterio
1767 2843 1841 2905 uiro
1861 2844 1921 2905 nei

278 2941 434 3018 quatinus
447 2941 551 3002 alieni
564 2941 697 3020 aggeris
713 2941 824 3005 littore
838 2943 977 3006 tutatus.
1003 2945 1071 3005 Deo
1127 2942 1220 3002 ocius
1233 2941 1408 3018 imponunt
1421 2941 1546 3028 „Quod
1562 2957 1636 3002 cum
1651 2939 1776 3003 factum
1786 2941 1920 3002 fuisset:

193 3038 204 3057 ¹
278 3038 428 3116 quiecius
441 3038 585 3100 militare
599 3041 728 3116 posset.
741 3039 880 3102 obtenta
894 3039 1072 3116 igiturulx
1127 3053 1306 3100 accurrens
1323 3039 1457 3115 quidam
1473 3037 1513 3099 de
1528 3037 1687 3100 fratribus
1701 3053 1742 3100 ac
1754 3053 1924 3100 concano-

278 3135 433 3213 precibus
460 3135 651 3214 Superioris
671 3136 807 3198 licentia
830 3153 897 3199 non
921 3138 1071 3200 ordinem
1127 3137 1211 3197 nteis
1227 3139 1299 3213 ejus
1314 3136 1350 3197 in
1374 3135 1597 3198 amaritudine
1623 3135 1733 3198 cordis
1756 3134 1922 3212 loqueba-

279 3231 336 3291 sed
361 3229 470 3291 locum
494 3231 667 3293 mutauit.
696 3231 795 3293 etad
831 3233 1071 3294 monasterium
1124 3235 1180 3296 tur
1194 3233 1439 3296 dioens.Uade
1451 3233 1537 3295 uade
1559 3277 1567 3294 .
1591 3233 1669 3312 quia
1692 3235 1827 3297 sanctus
1840 3234 1919 3295 eris.

278 3329 394 3390 sancte
416 3329 525 3389 crucis
541 3327 581 3389 de
597 3327 772 3391 colimbria
791 3329 826 3390 in
843 3329 981 3406 spiritus
999 3329 1071 3392 fer·
1164 3331 1291 3393 Lectio.
1314 3333 1387 3394 VII.
1399 3331 1447 3392 Ad
1463 3347 1561 3409 quem
1585 3347 1768 3392 conuersus
1788 3331 1842 3393 uir
1860 3331 1923 3392 Dei

277 3440 360 3486 nore
373 3425 610 3487 setranstnlit.
1125 3429 1288 3490 Antonius
1304 3449 1310 3489 ε
1325 3429 1443 3489 humili
1465 3443 1547 3490 uoce
1573 3429 1766 3506 respondit.
1790 3429 1918 3490 dicens.

316 3523 430 3584 Lectio
439 3526 478 3584 II
481 3525 525 3584 ll.
540 3521 688 3585 Postbec
700 3525 811 3585 autem
824 3508 898 3586 ¹'cum
909 3525 1072 3607 reliquias
1126 3529 1207 3588 Cum
1223 3541 1275 3587 me
1291 3529 1442 3588 sanctum
1454 3525 1524 3587 fore
1540 3526 1688 3587 audieris
1705 3569 1713 3586 .
1730 3529 1833 3588 Deum
1849 3525 1921 3588 col-

276 3621 467 3681 sanctorum
490 3663 498 3680 .
524 3619 664 3682 fratrum
690 3621 845 3684 videlicet
876 3623 1067 3684 minorum.
1125 3622 1303 3684 laudabis.
1327 3622 1431 3688 bithis
1456 3623 1553 3685 dictis
1575 3621 1695 3685 fratres
1710 3623 1818 3699 gradu
1832 3639 1917 3685 con-

276 3715 430 3778 dominus
444 3717 587 3795 petrus
578 3734 612 3778 m
616 3719 689 3779 faus
712 3734 732 3779 a
756 3719 929 3781 marocbio
950 3720 1072 3796 depor-
1126 3721 1191 3782 cito
1206 3720 1339 3782 domum
1360 3722 1573 3798 properant.
1596 3722 1666 3782 ete
1692 3721 1836 3798 uestigio
1857 3737 1919 3783 se-

275 3817 405 3884 tasset.
428 3816 461 3876 et
481 3816 661 3877 eorundem
677 3816 804 3880 meritis
820 3817 1020 3879 miraculose
1034 3833 1071 3878 se
1125 3819 1279 3899 quantem
1296 3834 1419 3879 nouum
1436 3817 1599 3918 hospitem
1614 3818 1650 3879 ln
1666 3817 1924 3880 ostensioneca

276 3912 452 3974 liberatum
479 3929 539 3990 per
564 3929 680 3976 omnes
702 3915 850 3992 Yspanie
877 3916 1070 3992 prouincias
1125 3915 1238 3977 ritatis
1253 3915 1457 3993 suscipiunt.
1481 3881 1604 3976 Uerum
1621 3915 1699 3993 quia
1714 3915 1921 3978 irruenclum

275 4009 498 4087 diuulgasset.
520 4011 660 4073 audiens
677 4028 796 4074 seruus
817 4014 878 4074 Dei
903 4013 1069 4074 Antonius
1125 4013 1159 4073 in
1175 4029 1212 4074 se
1228 4014 1401 4089 parentum
1415 4029 1550 4074 suorum
1562 4013 1720 4090 impetum
1732 4013 1923 4076 Deiseruus

276 4111 361 4170 mira
384 4125 447 4186 que
470 4123 530 4185 per
550 4123 609 4170 eos
630 4109 775 4171 fiebant.
798 4109 945 4172 directus
968 4112 1071 4173 estet
1126 4109 1324 4172 formidabat
1349 4153 1357 4170 .
1380 4110 1631 4187 requirencium
1654 4126 1730 4171 eum
1755 4110 1924 4172 sollicitu-

276 4207 312 4267 in
328 4207 522 4267 fortitudine
537 4206 675 4282 spiritus
688 4208 806 4269 sancti.
818 4207 1072 4285 Accingensqne
1126 4207 1235 4269 dinem
1257 4208 1412 4286 sagacius
1429 4207 1598 4269 declinare
1613 4209 1785 4285 satagebat
1801 4254 1809 4269 .
1834 4210 1922 4271 Nam

276 4303 438 4365 cinctorio
462 4301 538 4363 fidei
565 4318 663 4364 renes
686 4317 764 4364 suos
785 4303 964 4366 roborabat
986 4305 1069 4366 bra·
1125 4306 1158 4367 et
1172 4307 1298 4367 mutato
1315 4304 1500 4366 uocabul0.
1523 4306 1686 4368 Antonius
1702 4307 1772 4383 ipse
1786 4305 1849 4367 sibi
1866 4322 1923 4368 no·

276 4401 411 4463 chium.
434 4400 638 4461 armaturam
651 4397 699 4479 (2)
709 4401 773 4461 zeli
789 4400 903 4462 illius.
927 4401 1071 4465 dicebat·
1125 4417 1201 4463 men
1216 4403 1375 4480 imposuit
1393 4447 1400 4462 .
1424 4406 1456 4464 et
1470 4404 1614 4479 quantus
1629 4403 1724 4463 uerbi
1738 4404 1797 4464 Del
1819 4419 1923 4480 preco

276 4499 388 4577 quein
404 4497 504 4559 corde
518 4511 590 4558 stro.
603 4499 628 4558 Ο
641 4497 670 4558 si
686 4513 738 4557 me
750 4499 939 4559 sanctorum
951 4501 1072 4577 marty·
1125 4498 1255 4560 futurus
1269 4501 1357 4562 esset
1372 4543 1380 4560 .
1393 4499 1535 4577 quodam
1550 4499 1704 4578 presagio
1717 4500 1920 4577 designauit.

275 4611 348 4658 rum
364 4611 500 4657 snorum
514 4609 636 4656 corone
651 4594 847 4672 participem
863 4595 937 4657 fore
948 4597 1070 4672 ‹ligna-
1124 4597 1287 4657 Antonius
1301 4597 1390 4658 enim
1405 4639 1413 4656 .
1430 4596 1526 4676 quasi
1539 4595 1608 4658 alte
1620 4597 1740 4659 tonans
1755 4597 1889 4661 dicitur.

144 4735 153 4752 .
275 4697 368 4758 retur
381 4693 571 4756 Altisstmus
587 4736 594 4753 .
612 4695 637 4754 0
653 4691 682 4752 si
705 4707 757 4753 me
775 4692 861 4754 flexo
874 4693 998 4770 poplite
1011 4711 1069 4772 pro
1164 4695 1290 4756 Lectto.
1307 4697 1399 4756 VIII.
1414 4697 1453 4757 Et
1473 4708 1591 4757 reuera
1615 4711 1682 4756 uox
1703 4695 1776 4756 eius
1791 4698 1827 4757 ut
1841 4695 1922 4758 tuba

276 4794 409 4854 nomine
432 4794 512 4854 Jesu
537 4791 623 4852 colla
646 4789 837 4852 tendentem
859 4791 987 4852 lictoris
1012 4793 1070 4853 in·
1126 4791 1331 4854 uehemens.
1366 4792 1444 4869 qnia
1469 4808 1544 4852 oum
1571 4791 1769 4869 sapientiam
1798 4794 1858 4854 Dei
1880 4793 1917 4855 in

277 4891 407 4951 ueniret
440 4889 573 4964 gladius
602 4931 611 4948 .
638 4891 741 4951 Putas
777 4888 929 4949 uidebof
967 4891 1070 4952 Putas
1125 4889 1284 4966 mysterio
1310 4887 1539 4951 absconditam
1561 4889 1650 4951 inter
1671 4889 1837 4966 perfectos
1861 4891 1918 4952 lo-

276 4985 490 5048 iocunditatis
515 4985 597 5046 illud
621 4989 751 5064 tempus
765 4985 932 5062 implebof
953 4989 1021 5048 Hec
1037 4991 1070 5050 et
1125 4991 1282 5064 queretur
1296 5007 1303 5047 :
1317 4987 1399 5048 talia
1412 4990 1446 5049 et
1458 4989 1526 5048 tam
1542 4987 1705 5063 profunda
1720 4988 1761 5049 de
1775 4987 1923 5066 scriptu-

276 5085 328 5146 bis
344 5083 467 5144 similia
480 5082 600 5144 tacitus
613 5099 725 5144 secum
741 5082 949 5160 loquebatur.
1125 5085 1172 5144 ris
1188 5084 1352 5146 intonuit.
1377 5085 1413 5146 ut
1427 5083 1479 5144 uel
1495 5099 1594 5144 rarus
1606 5099 1664 5160 pro
1677 5085 1922 5148 consuetudine

315 5181 443 5256 Lectto2
457 5183 492 5239 V.
507 5179 724 5241 Morabantur
738 5183 848 5242 autem
864 5180 979 5242 eodem
990 5183 1071 5244 tem·
1124 5197 1224 5243 sensu
1250 5179 1297 5260 (3)
1322 5181 1550 5243 exercitatus.
1568 5181 1826 5243 dissertudinem
1851 5183 1923 5244 lin-

276 5295 356 5356 pore
369 5293 435 5339 non
449 5277 546 5353 longe
559 5292 579 5337 a
594 5277 730 5340 ciuitate
740 5277 931 5344 Cobimbria
945 5277 980 5338 in
995 5278 1069 5340 loco
1123 5294 1189 5354 gne
1203 5277 1309 5355 ipsius
1324 5278 1513 5354 intelligere
1530 5279 1651 5355 posset.

276 5377 332 5456 qui
357 5375 493 5436 sanctus
515 5373 680 5435 Antonius
706 5376 916 5452 appellatur.
950 5375 1069 5437 fratres
1163 5377 1289 5438 Lectio.
1313 5378 1374 5437 fX.
1403 5375 1534 5437 Sensim
1558 5391 1638 5452 ergo
1665 5378 1698 5439 et
1729 5394 1788 5455 per
1806 5377 1922 5440 incre-

312 5509 352 5577 (lt
373 5509 403 5564 ln
416 5519 481 5577 quo.
1163 5505 1202 5580 (3)
1223 5507 1347 5565 Sensim.

311 5583 351 5652 (2)
371 5581 532 5635 Armatnra.
