<?xml version="1.0" encoding="UTF-8"?>
<!DOCTYPE html PUBLIC "-//W3C//DTD XHTML 1.0 Transitional//EN"
    "http://www.w3.org/TR/xhtml1/DTD/xhtml1-transitional.dtd">
<html xmlns="http://www.w3.org/1999/xhtml" xml:lang="en" lang="en">
 <head>
  <title>
</title>
<meta http-equiv="Content-Type" content="text/html;charset=utf-8" />
  <meta name='ocr-system' content='tesseract 3.04.00' />
  <meta name='ocr-capabilities' content='ocr_page ocr_carea ocr_par ocr_line ocrx_word'/>
</head>
<body>
  <div class='ocr_page' id='page_1' title='image "./mediiaevibiblio02bottgoog_0546.png"; bbox 0 0 4114 6396; ppageno 0'>
   <div class='ocr_carea' id='block_1_1' title="bbox 109 313 1745 388">
    <p class='ocr_par' dir='ltr' id='par_1_1' title="bbox 109 313 1745 388">
     <span class='ocr_line' id='line_1_1' title="bbox 109 313 1745 388; baseline -0.007 0"><span class='ocrx_word' id='word_1_1' title='bbox 109 323 189 388; x_wconf 80' lang='lat'><strong>1065</strong></span> <span class='ocrx_word' id='word_1_2' title='bbox 490 323 598 386; x_wconf 80' lang='lat' dir='ltr'><strong>Pnns</strong></span> <span class='ocrx_word' id='word_1_3' title='bbox 626 319 770 384; x_wconf 81' lang='lat' dir='ltr'>PRIMA.</span> <span class='ocrx_word' id='word_1_4' title='bbox 786 349 826 366; x_wconf 89' lang='lat'><em>-</em></span> <span class='ocrx_word' id='word_1_5' title='bbox 845 313 1064 380; x_wconf 74' lang='lat' dir='ltr'><strong>nxrosmto</strong></span> <span class='ocrx_word' id='word_1_6' title='bbox 1092 316 1136 377; x_wconf 92' lang='lat' dir='ltr'><strong>IN</strong></span> <span class='ocrx_word' id='word_1_7' title='bbox 1164 315 1363 378; x_wconf 75' lang='lat' dir='ltr'><strong>Psanites.</strong></span> <span class='ocrx_word' id='word_1_8' title='bbox 1667 315 1745 380; x_wconf 84' lang='grc'>1060</span> 
     </span>
    </p>
   </div>
   <div class='ocr_carea' id='block_1_2' title="bbox 107 471 1749 656">
    <p class='ocr_par' dir='ltr' id='par_1_2' title="bbox 107 471 1749 656">
     <span class='ocr_line' id='line_1_2' title="bbox 107 471 1748 559; baseline -0.005 -16"><span class='ocrx_word' id='word_1_9' title='bbox 107 497 170 544; x_wconf 90' lang='lat' dir='ltr'><strong>nec</strong></span> <span class='ocrx_word' id='word_1_10' title='bbox 196 479 284 544; x_wconf 88' lang='lat' dir='ltr'><strong>ultra</strong></span> <span class='ocrx_word' id='word_1_11' title='bbox 303 479 406 542; x_wconf 80' lang='lat' dir='ltr'>addas</span> <span class='ocrx_word' id='word_1_12' title='bbox 428 481 571 559; x_wconf 78' lang='lat' dir='ltr'><strong>loqut3»</strong></span> <span class='ocrx_word' id='word_1_13' title='bbox 594 481 691 558; x_wconf 81' lang='lat' dir='ltr'>quasi</span> <span class='ocrx_word' id='word_1_14' title='bbox 705 479 795 540; x_wconf 89' lang='lat' dir='ltr'><strong>dicat</strong></span> <span class='ocrx_word' id='word_1_15' title='bbox 816 494 824 534; x_wconf 76' lang='grc' dir='ltr'><strong>ε</strong></span> <span class='ocrx_word' id='word_1_16' title='bbox 849 475 897 539; x_wconf 83' lang='lat' dir='ltr'><strong>ad</strong></span> <span class='ocrx_word' id='word_1_17' title='bbox 956 473 1002 554; x_wconf 84' lang='lat'><strong>(6,</strong></span> <span class='ocrx_word' id='word_1_18' title='bbox 1019 474 1072 555; x_wconf 87' lang='lat'><strong>1):</strong></span> <span class='ocrx_word' id='word_1_19' title='bbox 1090 477 1173 538; x_wconf 75' lang='lat' dir='ltr'><strong>Ecce</strong></span> <span class='ocrx_word' id='word_1_20' title='bbox 1188 475 1331 552; x_wconf 84' lang='lat' dir='ltr'><strong>quatuor</strong></span> <span class='ocrx_word' id='word_1_21' title='bbox 1349 471 1519 550; x_wconf 75' lang='lat' dir='ltr'><strong>quadrigas</strong></span> <span class='ocrx_word' id='word_1_22' title='bbox 1539 472 1748 550; x_wconf 79' lang='lat' dir='ltr'><strong>egredientes</strong></span> 
     </span>
     <span class='ocr_line' id='line_1_3' title="bbox 107 571 1749 656; baseline -0.003 -18"><span class='ocrx_word' id='word_1_23' title='bbox 107 577 320 656; x_wconf 82' lang='lat' dir='ltr'><strong>disciplinam</strong></span> <span class='ocrx_word' id='word_1_24' title='bbox 334 579 439 656; x_wconf 87' lang='lat' dir='ltr'><strong>patris</strong></span> <span class='ocrx_word' id='word_1_25' title='bbox 460 579 556 640; x_wconf 89' lang='lat' dir='ltr'><strong>tanto</strong></span> <span class='ocrx_word' id='word_1_26' title='bbox 572 579 605 639; x_wconf 92' lang='lat' dir='ltr'><strong>te</strong></span> <span class='ocrx_word' id='word_1_27' title='bbox 617 576 738 639; x_wconf 86' lang='lat' dir='ltr'><strong>exhibe</strong></span> <span class='ocrx_word' id='word_1_28' title='bbox 752 575 899 644; x_wconf 88' lang='lat' dir='ltr'><strong>tacitum,</strong></span> <span class='ocrx_word' id='word_1_29' title='bbox 956 573 997 634; x_wconf 91' lang='lat' dir='ltr'><strong>de</strong></span> <span class='ocrx_word' id='word_1_30' title='bbox 1012 574 1120 634; x_wconf 92' lang='lat' dir='ltr'><strong>medio</strong></span> <span class='ocrx_word' id='word_1_31' title='bbox 1132 572 1274 634; x_wconf 91' lang='lat' dir='ltr'><strong>duorum</strong></span> <span class='ocrx_word' id='word_1_32' title='bbox 1289 571 1449 634; x_wconf 90' lang='lat' dir='ltr'><strong>montium</strong></span> <span class='ocrx_word' id='word_1_33' title='bbox 1466 587 1641 642; x_wconf 86' lang='lat' dir='ltr'><strong>aereorum,</strong></span> <span class='ocrx_word' id='word_1_34' title='bbox 1663 572 1749 634; x_wconf 93' lang='lat' dir='ltr'><strong>idest</strong></span> 
     </span>
    </p>
   </div>
   <div class='ocr_carea' id='block_1_3' title="bbox 108 668 1852 752">
    <p class='ocr_par' dir='ltr' id='par_1_3' title="bbox 108 668 1852 752">
     <span class='ocr_line' id='line_1_4' title="bbox 108 668 1852 752; baseline -0.003 -16"><span class='ocrx_word' id='word_1_35' title='bbox 108 677 232 752; x_wconf 88' lang='lat' dir='ltr'><strong>quanto</strong></span> <span class='ocrx_word' id='word_1_36' title='bbox 248 675 290 736; x_wconf 92' lang='lat' dir='ltr'><strong>ad</strong></span> <span class='ocrx_word' id='word_1_37' title='bbox 305 673 450 737; x_wconf 87' lang='lat' dir='ltr'><strong>futurum</strong></span> <span class='ocrx_word' id='word_1_38' title='bbox 474 675 602 736; x_wconf 86' lang='lat' dir='ltr'><strong>bellurn</strong></span> <span class='ocrx_word' id='word_1_39' title='bbox 616 675 649 736; x_wconf 88' lang='lat' dir='ltr'><strong>te</strong></span> <span class='ocrx_word' id='word_1_40' title='bbox 664 672 829 750; x_wconf 83' lang='lat' dir='ltr'><strong>conspicis</strong></span> <span class='ocrx_word' id='word_1_41' title='bbox 844 671 900 732; x_wconf 94' lang='lat' dir='ltr'><strong>in·</strong></span> <span class='ocrx_word' id='word_1_42' title='bbox 956 670 1096 731; x_wconf 90' lang='lat' dir='ltr'><strong>duorum</strong></span> <span class='ocrx_word' id='word_1_43' title='bbox 1109 671 1394 740; x_wconf 77' lang='lat' dir='ltr'><strong>testamentorum,</strong></span> <span class='ocrx_word' id='word_1_44' title='bbox 1407 684 1481 746; x_wconf 87' lang='lat' dir='ltr'><strong>quae</strong></span> <span class='ocrx_word' id='word_1_45' title='bbox 1491 668 1750 732; x_wconf 84' lang='lat' dir='ltr'><strong>dicunturmou·</strong></span> <span class='ocrx_word' id='word_1_46' title='bbox 1843 682 1852 700; x_wconf 70' lang='grc'><em>“</em></span> 
     </span>
    </p>
   </div>
   <div class='ocr_carea' id='block_1_4' title="bbox 108 765 1750 946">
    <p class='ocr_par' dir='ltr' id='par_1_4' title="bbox 108 765 1750 946">
     <span class='ocr_line' id='line_1_5' title="bbox 108 765 1750 845; baseline -0.005 -11"><span class='ocrx_word' id='word_1_47' title='bbox 108 775 252 834; x_wconf 83' lang='lat' dir='ltr'><strong>firmum.</strong></span> <span class='ocrx_word' id='word_1_48' title='bbox 276 771 337 834; x_wconf 91' lang='lat' dir='ltr'><strong>Vel</strong></span> <span class='ocrx_word' id='word_1_49' title='bbox 361 771 441 833; x_wconf 91' lang='lat' dir='ltr'><strong>sic:</strong></span> <span class='ocrx_word' id='word_1_50' title='bbox 474 771 648 834; x_wconf 82' lang='lat' dir='ltr'><strong>«Emittet</strong></span> <span class='ocrx_word' id='word_1_51' title='bbox 671 773 759 832; x_wconf 87' lang='lat' dir='ltr'><strong>Dens</strong></span> <span class='ocrx_word' id='word_1_52' title='bbox 790 769 901 845; x_wconf 90' lang='lat' dir='ltr'><strong>ignem</strong></span> <span class='ocrx_word' id='word_1_53' title='bbox 957 768 1008 828; x_wconf 83' lang='lat' dir='ltr'><strong>tes</strong></span> <span class='ocrx_word' id='word_1_54' title='bbox 1034 769 1170 844; x_wconf 89' lang='lat' dir='ltr'><strong>propter</strong></span> <span class='ocrx_word' id='word_1_55' title='bbox 1202 765 1461 842; x_wconf 79' lang='lat' dir='ltr'><strong>profunditatem</strong></span> <span class='ocrx_word' id='word_1_56' title='bbox 1489 781 1594 827; x_wconf 74' lang='lat' dir='ltr'><strong>sacrae</strong></span> <span class='ocrx_word' id='word_1_57' title='bbox 1625 767 1750 828; x_wconf 85' lang='lat' dir='ltr'><strong>intelli-</strong></span> 
     </span>
     <span class='ocr_line' id='line_1_6' title="bbox 108 862 1748 946; baseline -0.004 -14"><span class='ocrx_word' id='word_1_58' title='bbox 108 871 233 932; x_wconf 87' lang='lat' dir='ltr'><strong>furoris</strong></span> <span class='ocrx_word' id='word_1_59' title='bbox 257 869 321 944; x_wconf 88' lang='lat' dir='ltr'><strong>sui,</strong></span> <span class='ocrx_word' id='word_1_60' title='bbox 351 871 384 931; x_wconf 92' lang='lat' dir='ltr'><strong>et</strong></span> <span class='ocrx_word' id='word_1_61' title='bbox 421 868 513 946; x_wconf 92' lang='lat' dir='ltr'><strong>pluet</strong></span> <span class='ocrx_word' id='word_1_62' title='bbox 547 883 649 944; x_wconf 88' lang='lat' dir='ltr'><strong>super</strong></span> <span class='ocrx_word' id='word_1_63' title='bbox 676 883 751 928; x_wconf 92' lang='lat' dir='ltr'><strong>eum</strong></span> <span class='ocrx_word' id='word_1_64' title='bbox 777 865 901 928; x_wconf 91' lang='lat' dir='ltr'><strong>bellum</strong></span> <span class='ocrx_word' id='word_1_65' title='bbox 955 863 1089 940; x_wconf 88' lang='lat' dir='ltr'><strong>gentiae,</strong></span> <span class='ocrx_word' id='word_1_66' title='bbox 1113 865 1146 925; x_wconf 94' lang='lat' dir='ltr'><strong>et</strong></span> <span class='ocrx_word' id='word_1_67' title='bbox 1160 868 1257 936; x_wconf 78' lang='lat' dir='ltr'><strong>caret,</strong></span> <span class='ocrx_word' id='word_1_68' title='bbox 1273 862 1359 925; x_wconf 90' lang='lat' dir='ltr'><strong>idest</strong></span> <span class='ocrx_word' id='word_1_69' title='bbox 1379 862 1505 932; x_wconf 86' lang='lat' dir='ltr'><strong>sonori,</strong></span> <span class='ocrx_word' id='word_1_70' title='bbox 1521 863 1561 925; x_wconf 92' lang='lat' dir='ltr'><strong>ad</strong></span> <span class='ocrx_word' id='word_1_71' title='bbox 1577 880 1660 940; x_wconf 87' lang='lat' dir='ltr'><strong>quos</strong></span> <span class='ocrx_word' id='word_1_72' title='bbox 1675 863 1748 926; x_wconf 89' lang='lat' dir='ltr'><strong>ori-</strong></span> 
     </span>
    </p>
   </div>
   <div class='ocr_carea' id='block_1_5' title="bbox 1 959 1751 1142">
    <p class='ocr_par' dir='ltr' id='par_1_5' title="bbox 1 959 1751 1142">
     <span class='ocr_line' id='line_1_7' title="bbox 108 959 1356 1043; baseline -0.008 -12.869"><span class='ocrx_word' id='word_1_73' title='bbox 108 981 252 1029; x_wconf 79' lang='lat' dir='ltr'><strong>suum.»</strong></span> <span class='ocrx_word' id='word_1_74' title='bbox 278 965 442 1043; x_wconf 82' lang='lat' dir='ltr'><strong>Quidquid</strong></span> <span class='ocrx_word' id='word_1_75' title='bbox 467 965 556 1026; x_wconf 91' lang='lat' dir='ltr'><strong>enim</strong></span> <span class='ocrx_word' id='word_1_76' title='bbox 578 963 728 1027; x_wconf 86' lang='lat' dir='ltr'><strong>hiemali</strong></span> <span class='ocrx_word' id='word_1_77' title='bbox 748 962 899 1039; x_wconf 80' lang='lat' dir='ltr'><strong>gesserit,</strong></span> <span class='ocrx_word' id='word_1_78' title='bbox 954 963 1010 1022; x_wconf 91' lang='lat' dir='ltr'><strong>tur</strong></span> <span class='ocrx_word' id='word_1_79' title='bbox 1024 961 1084 1021; x_wconf 86' lang='lat' dir='ltr'><strong>lux</strong></span> <span class='ocrx_word' id='word_1_80' title='bbox 1098 959 1205 1022; x_wconf 88' lang='lat' dir='ltr'><strong>divini</strong></span> <span class='ocrx_word' id='word_1_81' title='bbox 1219 961 1356 1038; x_wconf 87' lang='lat' dir='ltr'><strong>eloquii.</strong></span> 
     </span>
     <span class='ocr_line' id='line_1_8' title="bbox 1 1058 1751 1142; baseline -0.005 -13"><span class='ocrx_word' id='word_1_82' title='bbox 1 1077 3 1085; x_wconf 79' lang='grc'><strong>“</strong></span> <span class='ocrx_word' id='word_1_83' title='bbox 109 1079 169 1142; x_wconf 92' lang='lat' dir='ltr'><strong>pro</strong></span> <span class='ocrx_word' id='word_1_84' title='bbox 185 1061 331 1141; x_wconf 81' lang='lat' dir='ltr'><strong>quolibet</strong></span> <span class='ocrx_word' id='word_1_85' title='bbox 357 1062 445 1124; x_wconf 92' lang='lat' dir='ltr'><strong>malo</strong></span> <span class='ocrx_word' id='word_1_86' title='bbox 473 1076 603 1138; x_wconf 87' lang='lat' dir='ltr'><strong>poenam</strong></span> <span class='ocrx_word' id='word_1_87' title='bbox 619 1059 807 1131; x_wconf 86' lang='lat' dir='ltr'><strong>sustinebit,</strong></span> <span class='ocrx_word' id='word_1_88' title='bbox 823 1058 901 1135; x_wconf 89' lang='lat' dir='ltr'><strong>qnia</strong></span> <span class='ocrx_word' id='word_1_89' title='bbox 994 1059 1170 1122; x_wconf 83' lang='lat' dir='ltr'><strong>Potabuut</strong></span> <span class='ocrx_word' id='word_1_90' title='bbox 1191 1073 1310 1120; x_wconf 74' lang='lat' dir='ltr'><strong>ornnes</strong></span> <span class='ocrx_word' id='word_1_91' title='bbox 1330 1060 1447 1120; x_wconf 78' lang='lat' dir='ltr'><strong>oesrtae</strong></span> <span class='ocrx_word' id='word_1_92' title='bbox 1473 1060 1563 1134; x_wconf 68' lang='lat' dir='ltr'><strong>aaut,</strong></span> <span class='ocrx_word' id='word_1_93' title='bbox 1586 1061 1751 1135; x_wconf 75' lang='lat' dir='ltr'><strong>acepertu-</strong></span> 
     </span>
    </p>
   </div>
   <div class='ocr_carea' id='block_1_6' title="bbox 108 1155 1750 1236">
    <p class='ocr_par' dir='ltr' id='par_1_6' title="bbox 108 1155 1750 1236">
     <span class='ocr_line' id='line_1_9' title="bbox 108 1155 1750 1236; baseline -0.001 -14"><span class='ocrx_word' id='word_1_94' title='bbox 108 1164 197 1222; x_wconf 80' lang='lat' dir='ltr'><strong>Deus</strong></span> <span class='ocrx_word' id='word_1_95' title='bbox 213 1160 305 1236; x_wconf 90' lang='lat' dir='ltr'><strong>pluet</strong></span> <span class='ocrx_word' id='word_1_96' title='bbox 317 1157 737 1235; x_wconf 86' lang='lat' dir='ltr'><strong>bellum,qniatonitruum</strong></span> <span class='ocrx_word' id='word_1_97' title='bbox 750 1157 815 1218; x_wconf 89' lang='lat' dir='ltr'><strong>erit</strong></span> <span class='ocrx_word' id='word_1_98' title='bbox 827 1156 900 1218; x_wconf 90' lang='lat' dir='ltr'><strong>sine</strong></span> <span class='ocrx_word' id='word_1_99' title='bbox 956 1157 1039 1217; x_wconf 80' lang='lat' dir='ltr'><strong>bunt</strong></span> <span class='ocrx_word' id='word_1_100' title='bbox 1059 1159 1183 1231; x_wconf 65' lang='lat' dir='ltr'><strong>oneum</strong></span> <span class='ocrx_word' id='word_1_101' title='bbox 1204 1159 1242 1217; x_wconf 85' lang='lat' dir='ltr'><strong>tn</strong></span> <span class='ocrx_word' id='word_1_102' title='bbox 1259 1157 1320 1217; x_wconf 76' lang='lat' dir='ltr'><strong>etti</strong></span> <span class='ocrx_word' id='word_1_103' title='bbox 1339 1171 1415 1218; x_wconf 84' lang='lat' dir='ltr'><strong>suo.</strong></span> <span class='ocrx_word' id='word_1_104' title='bbox 1438 1155 1500 1217; x_wconf 90' lang='lat' dir='ltr'><strong>Sed</strong></span> <span class='ocrx_word' id='word_1_105' title='bbox 1523 1155 1630 1218; x_wconf 85' lang='lat' dir='ltr'><strong>fontes</strong></span> <span class='ocrx_word' id='word_1_106' title='bbox 1652 1158 1750 1220; x_wconf 90' lang='lat' dir='ltr'><strong>modo</strong></span> 
     </span>
    </p>
   </div>
   <div class='ocr_carea' id='block_1_7' title="bbox 1 1242 1749 1333">
    <p class='ocr_par' dir='ltr' id='par_1_7' title="bbox 1 1242 1749 1333">
     <span class='ocr_line' id='line_1_10' title="bbox 1 1242 1749 1333; baseline -0.002 -14"><span class='ocrx_word' id='word_1_107' title='bbox 1 1242 3 1249; x_wconf 67' lang='grc'><strong>’</strong></span> <span class='ocrx_word' id='word_1_108' title='bbox 109 1257 187 1330; x_wconf 89' lang='lat' dir='ltr'><strong>tine,</strong></span> <span class='ocrx_word' id='word_1_109' title='bbox 198 1258 232 1318; x_wconf 92' lang='lat' dir='ltr'><strong>et</strong></span> <span class='ocrx_word' id='word_1_110' title='bbox 241 1257 366 1328; x_wconf 88' lang='lat' dir='ltr'><strong>anima,</strong></span> <span class='ocrx_word' id='word_1_111' title='bbox 384 1271 457 1332; x_wconf 80' lang='lat' dir='ltr'><strong>quse</strong></span> <span class='ocrx_word' id='word_1_112' title='bbox 478 1255 525 1316; x_wconf 93' lang='lat' dir='ltr'><strong>ibi</strong></span> <span class='ocrx_word' id='word_1_113' title='bbox 540 1254 754 1325; x_wconf 84' lang='lat' dir='ltr'><strong>cruciabitur,</strong></span> <span class='ocrx_word' id='word_1_114' title='bbox 771 1268 902 1328; x_wconf 90' lang='lat' dir='ltr'><strong>semper</strong></span> <span class='ocrx_word' id='word_1_115' title='bbox 955 1253 1094 1315; x_wconf 80' lang='lat' dir='ltr'><strong>arefacti</strong></span> <span class='ocrx_word' id='word_1_116' title='bbox 1105 1255 1197 1326; x_wconf 88' lang='lat' dir='ltr'><strong>sunt;</strong></span> <span class='ocrx_word' id='word_1_117' title='bbox 1214 1253 1303 1314; x_wconf 90' lang='lat' dir='ltr'><strong>unde</strong></span> <span class='ocrx_word' id='word_1_118' title='bbox 1317 1253 1421 1315; x_wconf 89' lang='lat' dir='ltr'><strong>Joclis</strong></span> <span class='ocrx_word' id='word_1_119' title='bbox 1433 1251 1527 1331; x_wconf 84' lang='lat'><strong>(1,19</strong></span> <span class='ocrx_word' id='word_1_120' title='bbox 1542 1254 1574 1315; x_wconf 92' lang='lat' dir='ltr'><strong>et</strong></span> <span class='ocrx_word' id='word_1_121' title='bbox 1587 1252 1641 1333; x_wconf 76' lang='lat'><strong>20)</strong></span> <span class='ocrx_word' id='word_1_122' title='bbox 1654 1253 1749 1316; x_wconf 70' lang='lat' dir='ltr'><strong>:sud</strong></span> 
     </span>
    </p>
   </div>
   <div class='ocr_carea' id='block_1_8' title="bbox 109 1349 1750 1428">
    <p class='ocr_par' dir='ltr' id='par_1_8' title="bbox 109 1349 1750 1428">
     <span class='ocr_line' id='line_1_11' title="bbox 109 1349 1750 1428; baseline -0.002 -12"><span class='ocrx_word' id='word_1_123' title='bbox 109 1353 263 1428; x_wconf 89' lang='lat' dir='ltr'><strong>durabit;</strong></span> <span class='ocrx_word' id='word_1_124' title='bbox 280 1356 312 1416; x_wconf 93' lang='lat' dir='ltr'><strong>et</strong></span> <span class='ocrx_word' id='word_1_125' title='bbox 326 1353 402 1414; x_wconf 91' lang='lat' dir='ltr'><strong>ideo</strong></span> <span class='ocrx_word' id='word_1_126' title='bbox 416 1352 482 1414; x_wconf 88' lang='lat' dir='ltr'><strong>erit</strong></span> <span class='ocrx_word' id='word_1_127' title='bbox 499 1351 622 1414; x_wconf 90' lang='lat' dir='ltr'><strong>bellurn</strong></span> <span class='ocrx_word' id='word_1_128' title='bbox 637 1352 798 1413; x_wconf 85' lang='lat' dir='ltr'><strong>aeternum</strong></span> <span class='ocrx_word' id='word_1_129' title='bbox 815 1350 902 1411; x_wconf 91' lang='lat' dir='ltr'><strong>inter</strong></span> <span class='ocrx_word' id='word_1_130' title='bbox 955 1349 987 1412; x_wconf 89' lang='lat' dir='ltr'><strong>te</strong></span> <span class='ocrx_word' id='word_1_131' title='bbox 1011 1350 1173 1423; x_wconf 90' lang='lat' dir='ltr'><strong>clamabo,</strong></span> <span class='ocrx_word' id='word_1_132' title='bbox 1204 1351 1354 1422; x_wconf 87' lang='lat' dir='ltr'><strong>Domine,</strong></span> <span class='ocrx_word' id='word_1_133' title='bbox 1385 1350 1463 1428; x_wconf 85' lang='lat' dir='ltr'><strong>quia</strong></span> <span class='ocrx_word' id='word_1_134' title='bbox 1492 1350 1579 1426; x_wconf 90' lang='lat' dir='ltr'><strong>ignis</strong></span> <span class='ocrx_word' id='word_1_135' title='bbox 1607 1351 1750 1414; x_wconf 89' lang='lat' dir='ltr'><strong>comedit</strong></span> 
     </span>
    </p>
   </div>
   <div class='ocr_carea' id='block_1_9' title="bbox 1 1439 1749 1528">
    <p class='ocr_par' dir='ltr' id='par_1_9' title="bbox 1 1439 1749 1528">
     <span class='ocr_line' id='line_1_12' title="bbox 1 1439 1749 1528; baseline -0.002 -15"><span class='ocrx_word' id='word_1_136' title='bbox 1 1441 3 1477; x_wconf 73' lang='lat'>²</span> <span class='ocrx_word' id='word_1_137' title='bbox 110 1439 298 1528; x_wconf 86' lang='lat' dir='ltr'><strong>utrumque.</strong></span> <span class='ocrx_word' id='word_1_138' title='bbox 315 1448 409 1512; x_wconf 89' lang='lat' dir='ltr'><strong>Unde</strong></span> <span class='ocrx_word' id='word_1_139' title='bbox 424 1449 520 1510; x_wconf 85' lang='lat' dir='ltr'><strong>Isaiae</strong></span> <span class='ocrx_word' id='word_1_140' title='bbox 531 1446 579 1528; x_wconf 90' lang='lat'><strong>(1)</strong></span> <span class='ocrx_word' id='word_1_141' title='bbox 596 1468 603 1510; x_wconf 77' lang='grc' dir='ltr'><strong>ε</strong></span> <span class='ocrx_word' id='word_1_142' title='bbox 619 1450 688 1508; x_wconf 80' lang='lat' dir='ltr'><strong>sin</strong></span> <span class='ocrx_word' id='word_1_143' title='bbox 701 1447 800 1508; x_wconf 90' lang='lat' dir='ltr'><strong>bellis</strong></span> <span class='ocrx_word' id='word_1_144' title='bbox 810 1461 901 1524; x_wconf 72' lang='lat' dir='ltr'><strong>pra·</strong></span> <span class='ocrx_word' id='word_1_145' title='bbox 955 1448 1107 1524; x_wconf 90' lang='lat' dir='ltr'><strong>speciosa</strong></span> <span class='ocrx_word' id='word_1_146' title='bbox 1118 1449 1253 1516; x_wconf 90' lang='lat' dir='ltr'><strong>deserti,</strong></span> <span class='ocrx_word' id='word_1_147' title='bbox 1265 1449 1298 1510; x_wconf 88' lang='lat' dir='ltr'><strong>et</strong></span> <span class='ocrx_word' id='word_1_148' title='bbox 1308 1447 1442 1508; x_wconf 79' lang='lat' dir='ltr'><strong>flamma</strong></span> <span class='ocrx_word' id='word_1_149' title='bbox 1457 1448 1629 1510; x_wconf 89' lang='lat' dir='ltr'><strong>succendit</strong></span> <span class='ocrx_word' id='word_1_150' title='bbox 1638 1449 1749 1510; x_wconf 91' lang='lat' dir='ltr'><strong>omnia</strong></span> 
     </span>
    </p>
   </div>
   <div class='ocr_carea' id='block_1_10' title="bbox 1 1538 1750 1721">
    <p class='ocr_par' dir='ltr' id='par_1_10' title="bbox 1 1538 1750 1721">
     <span class='ocr_line' id='line_1_13' title="bbox 1 1538 1750 1625; baseline -0.001 -17"><span class='ocrx_word' id='word_1_151' title='bbox 1 1538 3 1578; x_wconf 76' lang='lat'><em>³</em></span> <span class='ocrx_word' id='word_1_152' title='bbox 110 1547 218 1625; x_wconf 91' lang='lat' dir='ltr'><strong>cipuis</strong></span> <span class='ocrx_word' id='word_1_153' title='bbox 235 1543 441 1624; x_wconf 79' lang='lat' dir='ltr'><strong>expugnabit</strong></span> <span class='ocrx_word' id='word_1_154' title='bbox 469 1561 527 1608; x_wconf 90' lang='lat' dir='ltr'><strong>eos</strong></span> <span class='ocrx_word' id='word_1_155' title='bbox 543 1544 679 1608; x_wconf 87' lang='lat' dir='ltr'><strong>:allidet</strong></span> <span class='ocrx_word' id='word_1_156' title='bbox 698 1545 735 1606; x_wconf 92' lang='lat' dir='ltr'><strong>in</strong></span> <span class='ocrx_word' id='word_1_157' title='bbox 755 1543 899 1618; x_wconf 90' lang='lat' dir='ltr'><strong>turbiue,</strong></span> <span class='ocrx_word' id='word_1_158' title='bbox 955 1544 1048 1621; x_wconf 88' lang='lat' dir='ltr'><strong>ligna</strong></span> <span class='ocrx_word' id='word_1_159' title='bbox 1070 1545 1244 1621; x_wconf 82' lang='lat' dir='ltr'><strong>regionis:</strong></span> <span class='ocrx_word' id='word_1_160' title='bbox 1262 1545 1320 1606; x_wconf 90' lang='lat' dir='ltr'><strong>sed</strong></span> <span class='ocrx_word' id='word_1_161' title='bbox 1344 1546 1377 1608; x_wconf 91' lang='lat' dir='ltr'><strong>et</strong></span> <span class='ocrx_word' id='word_1_162' title='bbox 1401 1543 1518 1607; x_wconf 83' lang='lat' dir='ltr'><strong>bestiae</strong></span> <span class='ocrx_word' id='word_1_163' title='bbox 1542 1544 1627 1621; x_wconf 85' lang='lat' dir='ltr'><strong>agri,</strong></span> <span class='ocrx_word' id='word_1_164' title='bbox 1652 1545 1750 1624; x_wconf 89' lang='lat' dir='ltr'><strong>quasi</strong></span> 
     </span>
     <span class='ocr_line' id='line_1_14' title="bbox 1 1638 1747 1721; baseline -0.001 -15"><span class='ocrx_word' id='word_1_165' title='bbox 1 1638 3 1645; x_wconf 82' lang='grc'><strong>’</strong></span> <span class='ocrx_word' id='word_1_166' title='bbox 106 1647 140 1707; x_wconf 89' lang='lat' dir='ltr'><strong>et</strong></span> <span class='ocrx_word' id='word_1_167' title='bbox 160 1645 195 1704; x_wconf 93' lang='lat' dir='ltr'><strong>in</strong></span> <span class='ocrx_word' id='word_1_168' title='bbox 210 1643 321 1721; x_wconf 91' lang='lat' dir='ltr'><strong>lapide</strong></span> <span class='ocrx_word' id='word_1_169' title='bbox 344 1642 519 1719; x_wconf 84' lang='lat' dir='ltr'><strong>grandinis</strong></span> <span class='ocrx_word' id='word_1_170' title='bbox 536 1659 543 1703; x_wconf 95' lang='lat'><strong>:</strong></span> <span class='ocrx_word' id='word_1_171' title='bbox 561 1658 581 1703; x_wconf 90' lang='lat' dir='ltr'><strong>a</strong></span> <span class='ocrx_word' id='word_1_172' title='bbox 601 1658 682 1704; x_wconf 91' lang='lat' dir='ltr'><strong>voce</strong></span> <span class='ocrx_word' id='word_1_173' title='bbox 696 1641 828 1704; x_wconf 89' lang='lat' dir='ltr'><strong>Domini</strong></span> <span class='ocrx_word' id='word_1_174' title='bbox 841 1657 903 1718; x_wconf 90' lang='lat' dir='ltr'><strong>pa·</strong></span> <span class='ocrx_word' id='word_1_175' title='bbox 955 1657 1034 1704; x_wconf 89' lang='lat' dir='ltr'><strong>area</strong></span> <span class='ocrx_word' id='word_1_176' title='bbox 1063 1643 1180 1704; x_wconf 89' lang='lat' dir='ltr'><strong>sitiens</strong></span> <span class='ocrx_word' id='word_1_177' title='bbox 1206 1641 1357 1715; x_wconf 89' lang='lat' dir='ltr'><strong>imbrem,</strong></span> <span class='ocrx_word' id='word_1_178' title='bbox 1387 1643 1611 1719; x_wconf 84' lang='lat' dir='ltr'><strong>suspexerunt</strong></span> <span class='ocrx_word' id='word_1_179' title='bbox 1637 1643 1679 1704; x_wconf 90' lang='lat' dir='ltr'><strong>ad</strong></span> <span class='ocrx_word' id='word_1_180' title='bbox 1705 1645 1747 1718; x_wconf 89' lang='lat' dir='ltr'><strong>te,</strong></span> 
     </span>
    </p>
   </div>
   <div class='ocr_carea' id='block_1_11' title="bbox 1 1736 1748 1818">
    <p class='ocr_par' dir='ltr' id='par_1_11' title="bbox 1 1736 1748 1818">
     <span class='ocr_line' id='line_1_15' title="bbox 1 1736 1748 1818; baseline -0.001 -14"><span class='ocrx_word' id='word_1_181' title='bbox 1 1736 2 1739; x_wconf 69' lang='grc'>’</span> <span class='ocrx_word' id='word_1_182' title='bbox 105 1739 900 1817; x_wconf 82' lang='lat' dir='ltr'><strong>vebitAssuruirgapercussus:eterittransitus</strong></span> <span class='ocrx_word' id='word_1_183' title='bbox 954 1740 1033 1816; x_wconf 85' lang='lat' dir='ltr'><strong>quia</strong></span> <span class='ocrx_word' id='word_1_184' title='bbox 1049 1739 1208 1802; x_wconf 83' lang='lat' dir='ltr'><strong>exsiccati</strong></span> <span class='ocrx_word' id='word_1_185' title='bbox 1225 1740 1748 1818; x_wconf 84' lang='lat' dir='ltr'><strong>suntfontesaquarum,etignis</strong></span> 
     </span>
    </p>
   </div>
   <div class='ocr_carea' id='block_1_12' title="bbox 104 1835 1757 1915">
    <p class='ocr_par' dir='ltr' id='par_1_12' title="bbox 104 1835 1757 1915">
     <span class='ocr_line' id='line_1_16' title="bbox 104 1835 1757 1915; baseline 0.002 -14"><span class='ocrx_word' id='word_1_186' title='bbox 104 1838 209 1915; x_wconf 79' lang='lat' dir='ltr'><strong>rirgae</strong></span> <span class='ocrx_word' id='word_1_187' title='bbox 237 1837 403 1911; x_wconf 87' lang='lat' dir='ltr'><strong>fundatus,</strong></span> <span class='ocrx_word' id='word_1_188' title='bbox 435 1853 534 1915; x_wconf 89' lang='lat' dir='ltr'><strong>quam</strong></span> <span class='ocrx_word' id='word_1_189' title='bbox 563 1837 773 1914; x_wconf 84' lang='lat' dir='ltr'><strong>requiescere</strong></span> <span class='ocrx_word' id='word_1_190' title='bbox 802 1835 902 1896; x_wconf 90' lang='lat' dir='ltr'><strong>faciet</strong></span> <span class='ocrx_word' id='word_1_191' title='bbox 955 1835 1127 1898; x_wconf 82' lang='lat' dir='ltr'><strong>devorarit</strong></span> <span class='ocrx_word' id='word_1_192' title='bbox 1150 1836 1302 1913; x_wconf 89' lang='lat' dir='ltr'><strong>speciosa</strong></span> <span class='ocrx_word' id='word_1_193' title='bbox 1321 1838 1484 1900; x_wconf 78' lang='lat' dir='ltr'><strong>deserti.»</strong></span> <span class='ocrx_word' id='word_1_194' title='bbox 1498 1838 1619 1901; x_wconf 81' lang='lat' dir='ltr'><strong>Fontes</strong></span> <span class='ocrx_word' id='word_1_195' title='bbox 1643 1853 1757 1915; x_wconf 61' lang='lat' dir='ltr'><strong>aquat-x</strong></span> 
     </span>
    </p>
   </div>
   <div class='ocr_carea' id='block_1_13' title="bbox 1 1931 1750 2109">
    <p class='ocr_par' dir='ltr' id='par_1_13' title="bbox 1 1931 1750 2109">
     <span class='ocr_line' id='line_1_17' title="bbox 2 1931 1750 2012; baseline -0.001 -15"><span class='ocrx_word' id='word_1_196' title='bbox 2 1971 5 1974; x_wconf 88' lang='lat'>-</span> <span class='ocrx_word' id='word_1_197' title='bbox 106 1935 462 2006; x_wconf 89' lang='lat' dir='ltr'><strong>Dominuslucitharis,</strong></span> <span class='ocrx_word' id='word_1_198' title='bbox 475 1934 900 2010; x_wconf 81' lang='lat' dir='ltr'><strong>ettympanissupereum.»</strong></span> <span class='ocrx_word' id='word_1_199' title='bbox 954 1948 1028 1994; x_wconf 90' lang='lat' dir='ltr'><strong>rum</strong></span> <span class='ocrx_word' id='word_1_200' title='bbox 1040 1933 1117 1995; x_wconf 90' lang='lat' dir='ltr'><strong>sunt</strong></span> <span class='ocrx_word' id='word_1_201' title='bbox 1132 1931 1238 1995; x_wconf 90' lang='lat' dir='ltr'><strong>fontes</strong></span> <span class='ocrx_word' id='word_1_202' title='bbox 1252 1933 1511 2010; x_wconf 87' lang='lat' dir='ltr'><strong>praedicationis,</strong></span> <span class='ocrx_word' id='word_1_203' title='bbox 1527 1935 1583 2012; x_wconf 85' lang='lat' dir='ltr'><strong>qui</strong></span> <span class='ocrx_word' id='word_1_204' title='bbox 1598 1937 1676 1997; x_wconf 89' lang='lat' dir='ltr'><strong>sunt</strong></span> <span class='ocrx_word' id='word_1_205' title='bbox 1689 1934 1750 1995; x_wconf 93' lang='lat' dir='ltr'><strong>de-</strong></span> 
     </span>
     <span class='ocr_line' id='line_1_18' title="bbox 1 2028 1748 2109; baseline 0.001 -16"><span class='ocrx_word' id='word_1_206' title='bbox 1 2071 5 2075; x_wconf 29' lang='lat'><em>*</em></span> <span class='ocrx_word' id='word_1_207' title='bbox 105 2033 274 2094; x_wconf 83' lang='lat' dir='ltr'><strong>Transibit</strong></span> <span class='ocrx_word' id='word_1_208' title='bbox 296 2031 385 2094; x_wconf 89' lang='lat' dir='ltr'><strong>enirn</strong></span> <span class='ocrx_word' id='word_1_209' title='bbox 401 2032 523 2108; x_wconf 91' lang='lat' dir='ltr'><strong>impius</strong></span> <span class='ocrx_word' id='word_1_210' title='bbox 537 2031 578 2092; x_wconf 88' lang='lat' dir='ltr'><strong>de</strong></span> <span class='ocrx_word' id='word_1_211' title='bbox 590 2030 702 2094; x_wconf 89' lang='lat' dir='ltr'><strong>calore</strong></span> <span class='ocrx_word' id='word_1_212' title='bbox 717 2029 843 2106; x_wconf 86' lang='lat' dir='ltr'><strong>ignium</strong></span> <span class='ocrx_word' id='word_1_213' title='bbox 858 2028 899 2090; x_wconf 85' lang='lat' dir='ltr'><strong>ad</strong></span> <span class='ocrx_word' id='word_1_214' title='bbox 953 2029 1331 2106; x_wconf 82' lang='lat' dir='ltr'><strong>voratiignevitiorum3</strong></span> <span class='ocrx_word' id='word_1_215' title='bbox 1345 2032 1487 2109; x_wconf 87' lang='lat' dir='ltr'><strong>quicum</strong></span> <span class='ocrx_word' id='word_1_216' title='bbox 1502 2031 1661 2096; x_wconf 88' lang='lat' dir='ltr'><strong>deberent</strong></span> <span class='ocrx_word' id='word_1_217' title='bbox 1673 2047 1748 2094; x_wconf 90' lang='lat' dir='ltr'><strong>esse</strong></span> 
     </span>
    </p>
   </div>
   <div class='ocr_carea' id='block_1_14' title="bbox 104 2126 1749 2304">
    <p class='ocr_par' dir='ltr' id='par_1_14' title="bbox 104 2126 1749 2304">
     <span class='ocr_line' id='line_1_19' title="bbox 105 2126 1747 2206; baseline 0 -16"><span class='ocrx_word' id='word_1_218' title='bbox 105 2129 254 2205; x_wconf 89' lang='lat' dir='ltr'><strong>algorem</strong></span> <span class='ocrx_word' id='word_1_219' title='bbox 280 2129 407 2192; x_wconf 82' lang='lat' dir='ltr'><strong>nivium</strong></span> <span class='ocrx_word' id='word_1_220' title='bbox 430 2127 518 2190; x_wconf 88' lang='lat' dir='ltr'><strong>:Sed</strong></span> <span class='ocrx_word' id='word_1_221' title='bbox 549 2128 712 2190; x_wconf 83' lang='lat' dir='ltr'><strong>transitus</strong></span> <span class='ocrx_word' id='word_1_222' title='bbox 736 2127 808 2203; x_wconf 90' lang='lat' dir='ltr'><strong>ipse</strong></span> <span class='ocrx_word' id='word_1_223' title='bbox 837 2126 901 2187; x_wconf 92' lang='lat' dir='ltr'><strong>erit</strong></span> <span class='ocrx_word' id='word_1_224' title='bbox 953 2128 1106 2205; x_wconf 90' lang='lat' dir='ltr'><strong>speciosa</strong></span> <span class='ocrx_word' id='word_1_225' title='bbox 1129 2127 1264 2200; x_wconf 89' lang='lat' dir='ltr'><strong>deserti,</strong></span> <span class='ocrx_word' id='word_1_226' title='bbox 1285 2128 1372 2191; x_wconf 90' lang='lat' dir='ltr'><strong>idest</strong></span> <span class='ocrx_word' id='word_1_227' title='bbox 1394 2129 1563 2201; x_wconf 72' lang='lat' dir='ltr'><strong>Ecclesia,</strong></span> <span class='ocrx_word' id='word_1_228' title='bbox 1587 2131 1620 2192; x_wconf 93' lang='lat' dir='ltr'><strong>et</strong></span> <span class='ocrx_word' id='word_1_229' title='bbox 1642 2130 1747 2206; x_wconf 87' lang='lat' dir='ltr'><strong>ipsam</strong></span> 
     </span>
     <span class='ocr_line' id='line_1_20' title="bbox 104 2223 1749 2304; baseline 0.001 -16"><span class='ocrx_word' id='word_1_230' title='bbox 104 2225 274 2294; x_wconf 89' lang='lat' dir='ltr'><strong>fundatus,</strong></span> <span class='ocrx_word' id='word_1_231' title='bbox 315 2226 394 2304; x_wconf 84' lang='lat' dir='ltr'><strong>quia</strong></span> <span class='ocrx_word' id='word_1_232' title='bbox 420 2239 601 2302; x_wconf 87' lang='lat' dir='ltr'><strong>numquam</strong></span> <span class='ocrx_word' id='word_1_233' title='bbox 631 2223 785 2288; x_wconf 79' lang='lat' dir='ltr'><strong>cessabit.</strong></span> <span class='ocrx_word' id='word_1_234' title='bbox 815 2223 898 2286; x_wconf 86' lang='lat' dir='ltr'><strong>Vel:</strong></span> <span class='ocrx_word' id='word_1_235' title='bbox 953 2225 1109 2300; x_wconf 89' lang='lat' dir='ltr'><strong>irrigare,</strong></span> <span class='ocrx_word' id='word_1_236' title='bbox 1125 2225 1285 2288; x_wconf 83' lang='lat' dir='ltr'><strong>exsiccati</strong></span> <span class='ocrx_word' id='word_1_237' title='bbox 1300 2228 1388 2288; x_wconf 92' lang='lat' dir='ltr'><strong>sunt.</strong></span> <span class='ocrx_word' id='word_1_238' title='bbox 1405 2227 1534 2288; x_wconf 66' lang='lat' dir='ltr'><strong>Bestiae</strong></span> <span class='ocrx_word' id='word_1_239' title='bbox 1549 2230 1639 2302; x_wconf 66' lang='lat' dir='ltr'><strong>ogra,</strong></span> <span class='ocrx_word' id='word_1_240' title='bbox 1662 2227 1749 2289; x_wconf 91' lang='lat' dir='ltr'><strong>idest</strong></span> 
     </span>
    </p>
   </div>
   <div class='ocr_carea' id='block_1_15' title="bbox 1 2320 1749 2496">
    <p class='ocr_par' dir='ltr' id='par_1_15' title="bbox 1 2320 1749 2496">
     <span class='ocr_line' id='line_1_21' title="bbox 1 2320 1749 2398; baseline 0 -12"><span class='ocrx_word' id='word_1_241' title='bbox 1 2334 3 2371; x_wconf 60' lang='grc' dir='ltr'>ὲ</span> <span class='ocrx_word' id='word_1_242' title='bbox 104 2327 223 2395; x_wconf 79' lang='lat' dir='ltr'><strong>Assur,</strong></span> <span class='ocrx_word' id='word_1_243' title='bbox 248 2323 334 2385; x_wconf 90' lang='lat' dir='ltr'><strong>idest</strong></span> <span class='ocrx_word' id='word_1_244' title='bbox 359 2322 523 2395; x_wconf 90' lang='lat' dir='ltr'><strong>diabolus,</strong></span> <span class='ocrx_word' id='word_1_245' title='bbox 539 2322 646 2397; x_wconf 88' lang='lat' dir='ltr'><strong>virga,</strong></span> <span class='ocrx_word' id='word_1_246' title='bbox 676 2321 762 2384; x_wconf 89' lang='lat' dir='ltr'><strong>idest</strong></span> <span class='ocrx_word' id='word_1_247' title='bbox 785 2320 899 2382; x_wconf 83' lang='lat' dir='ltr'><strong>diviua</strong></span> <span class='ocrx_word' id='word_1_248' title='bbox 953 2321 1135 2398; x_wconf 88' lang='lat' dir='ltr'><strong>simplices,</strong></span> <span class='ocrx_word' id='word_1_249' title='bbox 1159 2321 1246 2384; x_wconf 88' lang='lat' dir='ltr'><strong>sicut</strong></span> <span class='ocrx_word' id='word_1_250' title='bbox 1268 2337 1348 2383; x_wconf 87' lang='lat' dir='ltr'><strong>area</strong></span> <span class='ocrx_word' id='word_1_251' title='bbox 1370 2323 1489 2386; x_wconf 87' lang='lat' dir='ltr'><strong>sitiunt</strong></span> <span class='ocrx_word' id='word_1_252' title='bbox 1512 2323 1651 2385; x_wconf 88' lang='lat' dir='ltr'><strong>imbrem</strong></span> <span class='ocrx_word' id='word_1_253' title='bbox 1669 2324 1749 2386; x_wconf 91' lang='lat' dir='ltr'><strong>doc-</strong></span> 
     </span>
     <span class='ocr_line' id='line_1_22' title="bbox 1 2415 1746 2496; baseline 0.001 -16"><span class='ocrx_word' id='word_1_254' title='bbox 1 2450 2 2455; x_wconf 35' lang='lat'><em>*</em></span> <span class='ocrx_word' id='word_1_255' title='bbox 105 2434 204 2496; x_wconf 88' lang='lat' dir='ltr'><strong>poena</strong></span> <span class='ocrx_word' id='word_1_256' title='bbox 218 2433 397 2494; x_wconf 89' lang='lat' dir='ltr'><strong>percussus</strong></span> <span class='ocrx_word' id='word_1_257' title='bbox 416 2416 559 2494; x_wconf 85' lang='lat' dir='ltr'><strong>parebit,</strong></span> <span class='ocrx_word' id='word_1_258' title='bbox 578 2418 657 2493; x_wconf 75' lang='lat' dir='ltr'><strong>grtia</strong></span> <span class='ocrx_word' id='word_1_259' title='bbox 671 2416 743 2480; x_wconf 88' lang='lat' dir='ltr'><strong>sine</strong></span> <span class='ocrx_word' id='word_1_260' title='bbox 755 2415 822 2476; x_wconf 86' lang='lat' dir='ltr'><strong>fine</strong></span> <span class='ocrx_word' id='word_1_261' title='bbox 832 2430 899 2491; x_wconf 92' lang='lat' dir='ltr'><strong>pu·</strong></span> <span class='ocrx_word' id='word_1_262' title='bbox 953 2418 1063 2480; x_wconf 86' lang='lat' dir='ltr'><strong>trinae.</strong></span> <span class='ocrx_word' id='word_1_263' title='bbox 1079 2420 1319 2492; x_wconf 69' lang='lat' dir='ltr'><strong>honestabunt</strong></span> <span class='ocrx_word' id='word_1_264' title='bbox 1333 2423 1468 2496; x_wconf 76' lang='lat' dir='ltr'><strong>euagri,</strong></span> <span class='ocrx_word' id='word_1_265' title='bbox 1482 2421 1569 2483; x_wconf 90' lang='lat' dir='ltr'><strong>idest</strong></span> <span class='ocrx_word' id='word_1_266' title='bbox 1580 2421 1646 2482; x_wconf 82' lang='lat' dir='ltr'><strong>viri</strong></span> <span class='ocrx_word' id='word_1_267' title='bbox 1660 2421 1746 2482; x_wconf 92' lang='lat' dir='ltr'><strong>reli-</strong></span> 
     </span>
    </p>
   </div>
   <div class='ocr_carea' id='block_1_16' title="bbox 104 2511 1748 2594">
    <p class='ocr_par' dir='ltr' id='par_1_16' title="bbox 104 2511 1748 2594">
     <span class='ocr_line' id='line_1_23' title="bbox 104 2511 1748 2594; baseline 0.002 -18"><span class='ocrx_word' id='word_1_268' title='bbox 104 2515 215 2576; x_wconf 90' lang='lat' dir='ltr'><strong>nietur</strong></span> <span class='ocrx_word' id='word_1_269' title='bbox 226 2531 301 2576; x_wconf 90' lang='lat' dir='ltr'><strong>cum</strong></span> <span class='ocrx_word' id='word_1_270' title='bbox 313 2515 395 2587; x_wconf 88' lang='lat' dir='ltr'><strong>suis,</strong></span> <span class='ocrx_word' id='word_1_271' title='bbox 412 2513 544 2592; x_wconf 84' lang='lat' dir='ltr'><strong>quando</strong></span> <span class='ocrx_word' id='word_1_272' title='bbox 560 2513 673 2575; x_wconf 89' lang='lat' dir='ltr'><strong>Sancti</strong></span> <span class='ocrx_word' id='word_1_273' title='bbox 688 2515 723 2574; x_wconf 92' lang='lat' dir='ltr'><strong>in</strong></span> <span class='ocrx_word' id='word_1_274' title='bbox 746 2511 897 2581; x_wconf 85' lang='lat' dir='ltr'><strong>citharis,</strong></span> <span class='ocrx_word' id='word_1_275' title='bbox 952 2515 1059 2591; x_wconf 80' lang='lat' dir='ltr'><strong>giosi3</strong></span> <span class='ocrx_word' id='word_1_276' title='bbox 1076 2514 1164 2576; x_wconf 91' lang='lat' dir='ltr'><strong>unde</strong></span> <span class='ocrx_word' id='word_1_277' title='bbox 1178 2515 1240 2577; x_wconf 87' lang='lat' dir='ltr'><strong>Job</strong></span> <span class='ocrx_word' id='word_1_278' title='bbox 1256 2513 1319 2593; x_wconf 87' lang='lat'><strong>(39,</strong></span> <span class='ocrx_word' id='word_1_279' title='bbox 1331 2517 1351 2578; x_wconf 87' lang='lat'>5</span> <span class='ocrx_word' id='word_1_280' title='bbox 1363 2515 1404 2578; x_wconf 87' lang='lat' dir='ltr'><strong>ad</strong></span> <span class='ocrx_word' id='word_1_281' title='bbox 1419 2515 1453 2594; x_wconf 91' lang='lat'><strong>8)</strong></span> <span class='ocrx_word' id='word_1_282' title='bbox 1468 2537 1476 2578; x_wconf 75' lang='lat' dir='ltr'><strong>r</strong></span> <span class='ocrx_word' id='word_1_283' title='bbox 1495 2517 1606 2588; x_wconf 78' lang='lat' dir='ltr'><strong>«Quis</strong></span> <span class='ocrx_word' id='word_1_284' title='bbox 1621 2516 1748 2579; x_wconf 85' lang='lat' dir='ltr'><strong>dimisit</strong></span> 
     </span>
    </p>
   </div>
   <div class='ocr_carea' id='block_1_17' title="bbox 1 2608 1873 2788">
    <p class='ocr_par' dir='ltr' id='par_1_17' title="bbox 1 2608 1873 2788">
     <span class='ocr_line' id='line_1_24' title="bbox 1 2608 1873 2691; baseline -0.001 -16"><span class='ocrx_word' id='word_1_285' title='bbox 1 2665 2 2668; x_wconf 62' lang='grc'>,</span> <span class='ocrx_word' id='word_1_286' title='bbox 102 2615 137 2675; x_wconf 89' lang='lat' dir='ltr'><strong>et</strong></span> <span class='ocrx_word' id='word_1_287' title='bbox 147 2613 326 2690; x_wconf 87' lang='lat' dir='ltr'><strong>tympanis,</strong></span> <span class='ocrx_word' id='word_1_288' title='bbox 343 2611 430 2674; x_wconf 90' lang='lat' dir='ltr'><strong>idest</strong></span> <span class='ocrx_word' id='word_1_289' title='bbox 439 2613 563 2674; x_wconf 76' lang='lat' dir='ltr'><strong>aterna</strong></span> <span class='ocrx_word' id='word_1_290' title='bbox 572 2611 631 2672; x_wconf 87' lang='lat' dir='ltr'><strong>Dei</strong></span> <span class='ocrx_word' id='word_1_291' title='bbox 644 2610 775 2672; x_wconf 81' lang='lat' dir='ltr'><strong>risione</strong></span> <span class='ocrx_word' id='word_1_292' title='bbox 788 2608 899 2672; x_wconf 84' lang='lat' dir='ltr'><strong>truen·</strong></span> <span class='ocrx_word' id='word_1_293' title='bbox 953 2627 1115 2688; x_wconf 87' lang='lat' dir='ltr'><strong>onagrum</strong></span> <span class='ocrx_word' id='word_1_294' title='bbox 1130 2611 1283 2681; x_wconf 88' lang='lat' dir='ltr'><strong>liberum,</strong></span> <span class='ocrx_word' id='word_1_295' title='bbox 1301 2613 1334 2674; x_wconf 90' lang='lat' dir='ltr'><strong>et</strong></span> <span class='ocrx_word' id='word_1_296' title='bbox 1346 2611 1481 2674; x_wconf 85' lang='lat' dir='ltr'><strong>uincula</strong></span> <span class='ocrx_word' id='word_1_297' title='bbox 1497 2616 1570 2690; x_wconf 89' lang='lat' dir='ltr'><strong>ejus</strong></span> <span class='ocrx_word' id='word_1_298' title='bbox 1587 2615 1662 2691; x_wconf 81' lang='lat' dir='ltr'><strong>quis</strong></span> <span class='ocrx_word' id='word_1_299' title='bbox 1678 2615 1748 2676; x_wconf 90' lang='lat' dir='ltr'><strong>sol·</strong></span> <span class='ocrx_word' id='word_1_300' title='bbox 1851 2617 1873 2664; x_wconf 83' lang='grc'><strong>“.</strong></span> 
     </span>
     <span class='ocr_line' id='line_1_25' title="bbox 1 2708 1857 2788; baseline 0.004 -22"><span class='ocrx_word' id='word_1_301' title='bbox 1 2763 2 2766; x_wconf 74' lang='grc'>,</span> <span class='ocrx_word' id='word_1_302' title='bbox 103 2714 169 2788; x_wconf 88' lang='lat' dir='ltr'><strong>tur,</strong></span> <span class='ocrx_word' id='word_1_303' title='bbox 187 2725 287 2788; x_wconf 82' lang='lat' dir='ltr'><strong>quam</strong></span> <span class='ocrx_word' id='word_1_304' title='bbox 303 2709 507 2772; x_wconf 86' lang='lat' dir='ltr'><strong>meruerunt.</strong></span> <span class='ocrx_word' id='word_1_305' title='bbox 952 2709 1018 2772; x_wconf 86' lang='lat' dir='ltr'><strong>vitl</strong></span> <span class='ocrx_word' id='word_1_306' title='bbox 1031 2709 1091 2770; x_wconf 81' lang='lat' dir='ltr'><strong>Cui</strong></span> <span class='ocrx_word' id='word_1_307' title='bbox 1106 2708 1182 2771; x_wconf 92' lang='lat' dir='ltr'><strong>dedi</strong></span> <span class='ocrx_word' id='word_1_308' title='bbox 1196 2709 1232 2770; x_wconf 95' lang='lat' dir='ltr'><strong>in</strong></span> <span class='ocrx_word' id='word_1_309' title='bbox 1247 2708 1427 2772; x_wconf 90' lang='lat' dir='ltr'><strong>solitudine</strong></span> <span class='ocrx_word' id='word_1_310' title='bbox 1439 2710 1584 2785; x_wconf 92' lang='lat' dir='ltr'><strong>domum,</strong></span> <span class='ocrx_word' id='word_1_311' title='bbox 1598 2710 1746 2774; x_wconf 90' lang='lat' dir='ltr'><strong>ettaber·</strong></span> <span class='ocrx_word' id='word_1_312' title='bbox 1846 2709 1857 2728; x_wconf 78' lang='lat'><strong>¹</strong></span> 
     </span>
    </p>
   </div>
   <div class='ocr_carea' id='block_1_18' title="bbox 1 2806 1814 3468">
    <p class='ocr_par' dir='ltr' id='par_1_18' title="bbox 952 2806 1747 2885">
     <span class='ocr_line' id='line_1_26' title="bbox 952 2806 1747 2885; baseline 0.005 -17"><span class='ocrx_word' id='word_1_313' title='bbox 952 2806 1072 2868; x_wconf 88' lang='lat' dir='ltr'><strong>nacula</strong></span> <span class='ocrx_word' id='word_1_314' title='bbox 1087 2809 1160 2884; x_wconf 78' lang='lat' dir='ltr'><strong>ejus</strong></span> <span class='ocrx_word' id='word_1_315' title='bbox 1181 2807 1219 2868; x_wconf 86' lang='lat' dir='ltr'><strong>in</strong></span> <span class='ocrx_word' id='word_1_316' title='bbox 1238 2808 1328 2870; x_wconf 91' lang='lat' dir='ltr'><strong>terra</strong></span> <span class='ocrx_word' id='word_1_317' title='bbox 1348 2807 1541 2885; x_wconf 88' lang='lat' dir='ltr'><strong>salsuginis.</strong></span> <span class='ocrx_word' id='word_1_318' title='bbox 1558 2810 1747 2872; x_wconf 79' lang='lat' dir='ltr'><strong>contemnit</strong></span> 
     </span>
    </p>

    <p class='ocr_par' dir='ltr' id='par_1_19' title="bbox 1 2900 1814 3468">
     <span class='ocr_line' id='line_1_27' title="bbox 951 2900 1745 2984; baseline 0.003 -18"><span class='ocrx_word' id='word_1_319' title='bbox 951 2904 1214 2980; x_wconf 88' lang='lat' dir='ltr'><strong>magnitudinem</strong></span> <span class='ocrx_word' id='word_1_320' title='bbox 1237 2901 1285 2984; x_wconf 87' lang='grc'><strong>(2)</strong></span> <span class='ocrx_word' id='word_1_321' title='bbox 1311 2900 1476 2977; x_wconf 87' lang='lat' dir='ltr'><strong>civitatis,</strong></span> <span class='ocrx_word' id='word_1_322' title='bbox 1507 2907 1541 2967; x_wconf 92' lang='lat' dir='ltr'><strong>et</strong></span> <span class='ocrx_word' id='word_1_323' title='bbox 1566 2906 1745 2968; x_wconf 89' lang='lat' dir='ltr'><strong>clamorem</strong></span> 
     </span>
     <span class='ocr_line' id='line_1_28' title="bbox 1 2975 1781 3080; baseline 0 -15"><span class='ocrx_word' id='word_1_324' title='bbox 1 3061 8 3066; x_wconf 74' lang='grc'><strong>,,</strong></span> <span class='ocrx_word' id='word_1_325' title='bbox 352 2975 493 3040; x_wconf 69' lang='lat' dir='ltr'>SERMO</span> <span class='ocrx_word' id='word_1_326' title='bbox 522 2975 644 3036; x_wconf 66' lang='lat' dir='ltr'><strong>CXCH·</strong></span> <span class='ocrx_word' id='word_1_327' title='bbox 951 3002 1119 3064; x_wconf 84' lang='lat' dir='ltr'><strong>exactoris</strong></span> <span class='ocrx_word' id='word_1_328' title='bbox 1142 3017 1208 3063; x_wconf 93' lang='lat' dir='ltr'><strong>non</strong></span> <span class='ocrx_word' id='word_1_329' title='bbox 1233 3001 1336 3064; x_wconf 78' lang='lat' dir='ltr'><strong>audit.</strong></span> <span class='ocrx_word' id='word_1_330' title='bbox 1358 3003 1591 3080; x_wconf 86' lang='lat' dir='ltr'><strong>Circumspicit</strong></span> <span class='ocrx_word' id='word_1_331' title='bbox 1614 3007 1744 3065; x_wconf 91' lang='lat' dir='ltr'><strong>montes</strong></span> <span class='ocrx_word' id='word_1_332' title='bbox 1777 3027 1781 3034; x_wconf 94' lang='lat'><em>·</em></span> 
     </span>
     <span class='ocr_line' id='line_1_29' title="bbox 1 3099 1745 3187; baseline 0.002 -14"><span class='ocrx_word' id='word_1_333' title='bbox 1 3142 5 3148; x_wconf 50' lang='lat'><strong>⁴</strong></span> <span class='ocrx_word' id='word_1_334' title='bbox 100 3115 228 3186; x_wconf 85' lang='lat' dir='ltr'><strong>Qualiter</strong></span> <span class='ocrx_word' id='word_1_335' title='bbox 242 3117 319 3173; x_wconf 85' lang='lat' dir='ltr'><strong>Deus</strong></span> <span class='ocrx_word' id='word_1_336' title='bbox 331 3115 434 3172; x_wconf 84' lang='lat' dir='ltr'><strong>emittit</strong></span> <span class='ocrx_word' id='word_1_337' title='bbox 449 3113 542 3172; x_wconf 89' lang='lat' dir='ltr'><strong>fontes</strong></span> <span class='ocrx_word' id='word_1_338' title='bbox 556 3121 663 3172; x_wconf 87' lang='lat' dir='ltr'><strong>sanctae</strong></span> <span class='ocrx_word' id='word_1_339' title='bbox 676 3113 895 3187; x_wconf 77' lang='lat' dir='ltr'><strong>predicationis.</strong></span> <span class='ocrx_word' id='word_1_340' title='bbox 951 3115 1084 3177; x_wconf 63' lang='grc'><strong>03301183</strong></span> <span class='ocrx_word' id='word_1_341' title='bbox 1094 3115 1175 3172; x_wconf 68' lang='grc' dir='ltr'>Βῑὶἓθ,</span> <span class='ocrx_word' id='word_1_342' title='bbox 1190 3099 1375 3162; x_wconf 60' lang='lat' dir='ltr'><strong>Olvirflflfia</strong></span> <span class='ocrx_word' id='word_1_343' title='bbox 1386 3116 1526 3177; x_wconf 51' lang='lat' dir='ltr'><strong>qumque</strong></span> <span class='ocrx_word' id='word_1_344' title='bbox 1540 3101 1745 3178; x_wconf 59' lang='lat' dir='ltr'><strong>willirih)</strong></span> 
     </span>
     <span class='ocr_line' id='line_1_30' title="bbox 951 3194 1744 3273; baseline 0.003 -15"><span class='ocrx_word' id='word_1_345' title='bbox 951 3198 1093 3273; x_wconf 89' lang='lat' dir='ltr'><strong>Onager,</strong></span> <span class='ocrx_word' id='word_1_346' title='bbox 1110 3194 1312 3268; x_wconf 89' lang='lat' dir='ltr'><strong>claustralis,</strong></span> <span class='ocrx_word' id='word_1_347' title='bbox 1329 3196 1384 3257; x_wconf 89' lang='lat' dir='ltr'><strong>cui</strong></span> <span class='ocrx_word' id='word_1_348' title='bbox 1400 3197 1477 3258; x_wconf 87' lang='lat' dir='ltr'><strong>data</strong></span> <span class='ocrx_word' id='word_1_349' title='bbox 1499 3198 1551 3258; x_wconf 90' lang='lat' dir='ltr'><strong>est</strong></span> <span class='ocrx_word' id='word_1_350' title='bbox 1570 3197 1686 3258; x_wconf 90' lang='lat' dir='ltr'><strong>domus</strong></span> <span class='ocrx_word' id='word_1_351' title='bbox 1709 3198 1744 3260; x_wconf 88' lang='lat' dir='ltr'><strong>in</strong></span> 
     </span>
     <span class='ocr_line' id='line_1_31' title="bbox 951 3291 1814 3365; baseline -0.001 -9"><span class='ocrx_word' id='word_1_352' title='bbox 951 3294 1142 3365; x_wconf 89' lang='lat' dir='ltr'><strong>solitudine,</strong></span> <span class='ocrx_word' id='word_1_353' title='bbox 1159 3295 1197 3354; x_wconf 91' lang='lat' dir='ltr'><strong>ut</strong></span> <span class='ocrx_word' id='word_1_354' title='bbox 1210 3292 1258 3355; x_wconf 94' lang='lat' dir='ltr'><strong>ibi</strong></span> <span class='ocrx_word' id='word_1_355' title='bbox 1277 3291 1398 3355; x_wconf 88' lang='lat' dir='ltr'><strong>militet</strong></span> <span class='ocrx_word' id='word_1_356' title='bbox 1417 3296 1497 3362; x_wconf 89' lang='lat' dir='ltr'><strong>Deo,</strong></span> <span class='ocrx_word' id='word_1_357' title='bbox 1513 3294 1548 3355; x_wconf 92' lang='lat' dir='ltr'><strong>in</strong></span> <span class='ocrx_word' id='word_1_358' title='bbox 1569 3293 1659 3355; x_wconf 90' lang='lat' dir='ltr'><strong>terra</strong></span> <span class='ocrx_word' id='word_1_359' title='bbox 1675 3293 1746 3356; x_wconf 92' lang='lat' dir='ltr'><strong>sal·</strong></span> <span class='ocrx_word' id='word_1_360' title='bbox 1810 3317 1814 3331; x_wconf 72' lang='lat'><strong>.</strong></span> 
     </span>
     <span class='ocr_line' id='line_1_32' title="bbox 951 3391 1745 3468; baseline 0.005 -16"><span class='ocrx_word' id='word_1_361' title='bbox 951 3391 1091 3468; x_wconf 88' lang='lat' dir='ltr'><strong>suginis,</strong></span> <span class='ocrx_word' id='word_1_362' title='bbox 1115 3391 1203 3452; x_wconf 89' lang='lat' dir='ltr'><strong>idest</strong></span> <span class='ocrx_word' id='word_1_363' title='bbox 1216 3392 1357 3453; x_wconf 86' lang='lat' dir='ltr'><strong>terrenae</strong></span> <span class='ocrx_word' id='word_1_364' title='bbox 1373 3391 1573 3454; x_wconf 87' lang='lat' dir='ltr'><strong>sterilitatis.</strong></span> <span class='ocrx_word' id='word_1_365' title='bbox 1593 3393 1659 3454; x_wconf 91' lang='lat' dir='ltr'><strong>lste</strong></span> <span class='ocrx_word' id='word_1_366' title='bbox 1674 3393 1745 3456; x_wconf 89' lang='lat' dir='ltr'><strong>sitit</strong></span> 
     </span>
    </p>
   </div>
   <div class='ocr_carea' id='block_1_19' title="bbox 138 3486 1745 3663">
    <p class='ocr_par' dir='ltr' id='par_1_20' title="bbox 138 3486 1745 3663">
     <span class='ocr_line' id='line_1_33' title="bbox 138 3486 1745 3618; baseline -0.021 -16"><span class='ocrx_word' id='word_1_367' title='bbox 138 3541 222 3602; x_wconf 82' lang='lat' dir='ltr'><strong>bunt</strong></span> <span class='ocrx_word' id='word_1_368' title='bbox 245 3543 369 3618; x_wconf 80' lang='lat' dir='ltr'><strong>ouuprt</strong></span> <span class='ocrx_word' id='word_1_369' title='bbox 394 3543 432 3601; x_wconf 81' lang='lat' dir='ltr'><strong>tu</strong></span> <span class='ocrx_word' id='word_1_370' title='bbox 453 3540 513 3600; x_wconf 82' lang='lat' dir='ltr'><strong>siti</strong></span> <span class='ocrx_word' id='word_1_371' title='bbox 538 3553 615 3600; x_wconf 82' lang='lat' dir='ltr'><strong>suc.</strong></span> <span class='ocrx_word' id='word_1_372' title='bbox 637 3537 741 3618; x_wconf 91' lang='lat' dir='ltr'><strong>(Psal.</strong></span> <span class='ocrx_word' id='word_1_373' title='bbox 766 3539 836 3612; x_wconf 88' lang='lat'><strong>103,</strong></span> <span class='ocrx_word' id='word_1_374' title='bbox 859 3541 898 3600; x_wconf 89' lang='lat'><strong>10</strong></span> <span class='ocrx_word' id='word_1_375' title='bbox 950 3487 1156 3598; x_wconf 50' lang='lat' dir='ltr'><strong>⁰¹p9⁰t⁸¹¹d⁰</strong></span> <span class='ocrx_word' id='word_1_376' title='bbox 1178 3486 1518 3598; x_wconf 57' lang='lat' dir='ltr'><strong>d⁰9tri¹¹³¹¹¹,¹{roe¹⁸t¹</strong></span> <span class='ocrx_word' id='word_1_377' title='bbox 1533 3489 1597 3562; x_wconf 58' lang='lat'><strong>⁸⁰12</strong></span> <span class='ocrx_word' id='word_1_378' title='bbox 1614 3505 1675 3551; x_wconf 78' lang='lat'>¹¹⁰⁰</span> <span class='ocrx_word' id='word_1_379' title='bbox 1689 3491 1745 3550; x_wconf 61' lang='lat'><strong>5¹¹·</strong></span> 
     </span>
     <span class='ocr_line' id='line_1_34' title="bbox 950 3582 1743 3663; baseline 0.003 -17"><span class='ocrx_word' id='word_1_380' title='bbox 950 3584 1064 3658; x_wconf 82' lang='lat' dir='ltr'><strong>ven1t3</strong></span> <span class='ocrx_word' id='word_1_381' title='bbox 1088 3582 1175 3645; x_wconf 90' lang='lat' dir='ltr'><strong>unde</strong></span> <span class='ocrx_word' id='word_1_382' title='bbox 1200 3587 1428 3660; x_wconf 81' lang='lat' dir='ltr'><strong>circumsprctt</strong></span> <span class='ocrx_word' id='word_1_383' title='bbox 1454 3585 1583 3647; x_wconf 88' lang='lat' dir='ltr'><strong>montes</strong></span> <span class='ocrx_word' id='word_1_384' title='bbox 1610 3601 1743 3663; x_wconf 89' lang='lat' dir='ltr'><strong>pascuas</strong></span> 
     </span>
    </p>
   </div>
   <div class='ocr_carea' id='block_1_20' title="bbox 141 3636 1743 3857">
    <p class='ocr_par' dir='ltr' id='par_1_21' title="bbox 141 3636 1743 3857">
     <span class='ocr_line' id='line_1_35' title="bbox 141 3636 1742 3759; baseline 0.002 -18"><span class='ocrx_word' id='word_1_385' title='bbox 141 3636 256 3717; x_wconf 56' lang='grc' dir='ltr'><strong>Μ’)</strong></span> <span class='ocrx_word' id='word_1_386' title='bbox 951 3695 1031 3741; x_wconf 86' lang='lat' dir='ltr'><strong>suae.</strong></span> <span class='ocrx_word' id='word_1_387' title='bbox 1054 3681 1140 3740; x_wconf 85' lang='lat' dir='ltr'><strong>Huic</strong></span> <span class='ocrx_word' id='word_1_388' title='bbox 1168 3681 1341 3741; x_wconf 86' lang='lat' dir='ltr'><strong>sententiae</strong></span> <span class='ocrx_word' id='word_1_389' title='bbox 1375 3681 1556 3744; x_wconf 87' lang='lat' dir='ltr'><strong>concordat</strong></span> <span class='ocrx_word' id='word_1_390' title='bbox 1580 3681 1624 3754; x_wconf 91' lang='lat' dir='ltr'><strong>id,</strong></span> <span class='ocrx_word' id='word_1_391' title='bbox 1655 3683 1742 3759; x_wconf 88' lang='lat' dir='ltr'><strong>quod</strong></span> 
     </span>
     <span class='ocr_line' id='line_1_36' title="bbox 141 3775 1743 3857; baseline 0 -17"><span class='ocrx_word' id='word_1_392' title='bbox 141 3778 268 3841; x_wconf 80' lang='lat' dir='ltr'><strong>Emittit</strong></span> <span class='ocrx_word' id='word_1_393' title='bbox 280 3781 369 3840; x_wconf 85' lang='lat' dir='ltr'><strong>Deus</strong></span> <span class='ocrx_word' id='word_1_394' title='bbox 382 3778 495 3852; x_wconf 78' lang='lat' dir='ltr'><strong>sontes</strong></span> <span class='ocrx_word' id='word_1_395' title='bbox 507 3777 632 3839; x_wconf 82' lang='lat' dir='ltr'><strong>sanctae</strong></span> <span class='ocrx_word' id='word_1_396' title='bbox 647 3775 896 3853; x_wconf 86' lang='lat' dir='ltr'><strong>praedicationis</strong></span> <span class='ocrx_word' id='word_1_397' title='bbox 951 3775 1031 3838; x_wconf 88' lang='lat' dir='ltr'><strong>dicit</strong></span> <span class='ocrx_word' id='word_1_398' title='bbox 1042 3778 1060 3838; x_wconf 87' lang='lat' dir='ltr'><strong>J</strong></span> <span class='ocrx_word' id='word_1_399' title='bbox 1063 3776 1146 3836; x_wconf 90' lang='lat' dir='ltr'><strong>udas</strong></span> <span class='ocrx_word' id='word_1_400' title='bbox 1156 3775 1191 3837; x_wconf 92' lang='lat' dir='ltr'><strong>in</strong></span> <span class='ocrx_word' id='word_1_401' title='bbox 1204 3775 1369 3837; x_wconf 89' lang='lat' dir='ltr'><strong>catholica</strong></span> <span class='ocrx_word' id='word_1_402' title='bbox 1382 3792 1442 3837; x_wconf 90' lang='lat' dir='ltr'><strong>sua</strong></span> <span class='ocrx_word' id='word_1_403' title='bbox 1456 3775 1510 3855; x_wconf 82' lang='lat'><strong>(12</strong></span> <span class='ocrx_word' id='word_1_404' title='bbox 1522 3779 1555 3839; x_wconf 88' lang='lat' dir='ltr'><strong>et</strong></span> <span class='ocrx_word' id='word_1_405' title='bbox 1568 3776 1619 3857; x_wconf 89' lang='lat'><strong>13)</strong></span> <span class='ocrx_word' id='word_1_406' title='bbox 1633 3801 1641 3838; x_wconf 92' lang='lat'><strong>:</strong></span> <span class='ocrx_word' id='word_1_407' title='bbox 1655 3780 1743 3841; x_wconf 75' lang='lat' dir='ltr'><strong>«Isti</strong></span> 
     </span>
    </p>
   </div>
   <div class='ocr_carea' id='block_1_21' title="bbox 1 3249 897 3518">
    <p class='ocr_par' dir='ltr' id='par_1_22' title="bbox 1 3249 897 3518">
     <span class='ocr_line' id='line_1_37' title="bbox 1 3249 897 3334; baseline 0 -23"><span class='ocrx_word' id='word_1_408' title='bbox 1 3263 2 3334; x_wconf 82' lang='lat' dir='ltr'>j</span> <span class='ocrx_word' id='word_1_409' title='bbox 101 3253 165 3318; x_wconf 78' lang='lat' dir='ltr'><strong>eut</strong></span> <span class='ocrx_word' id='word_1_410' title='bbox 183 3251 314 3312; x_wconf 75' lang='lat' dir='ltr'><strong>emittis</strong></span> <span class='ocrx_word' id='word_1_411' title='bbox 338 3249 451 3322; x_wconf 79' lang='lat' dir='ltr'><strong>sontes</strong></span> <span class='ocrx_word' id='word_1_412' title='bbox 478 3251 779 3312; x_wconf 70' lang='lat' dir='ltr'><strong>inconvenieus:</strong></span> <span class='ocrx_word' id='word_1_413' title='bbox 803 3250 897 3312; x_wconf 83' lang='lat' dir='ltr'><strong>tuter</strong></span> 
     </span>
     <span class='ocr_line' id='line_1_38' title="bbox 1 3345 895 3420; baseline -0.002 -12"><span class='ocrx_word' id='word_1_414' title='bbox 1 3359 4 3368; x_wconf 66' lang='grc'><em>“</em></span> <span class='ocrx_word' id='word_1_415' title='bbox 140 3350 292 3408; x_wconf 79' lang='lat' dir='ltr'><strong>medium</strong></span> <span class='ocrx_word' id='word_1_416' title='bbox 309 3347 480 3408; x_wconf 74' lang='lat' dir='ltr'><strong>mortitam</strong></span> <span class='ocrx_word' id='word_1_417' title='bbox 498 3345 764 3420; x_wconf 72' lang='lat' dir='ltr'><strong>pertransibuut</strong></span> <span class='ocrx_word' id='word_1_418' title='bbox 785 3361 895 3420; x_wconf 79' lang='lat' dir='ltr'><strong>uouoe.</strong></span> 
     </span>
     <span class='ocr_line' id='line_1_39' title="bbox 140 3443 896 3518; baseline -0.004 -12"><span class='ocrx_word' id='word_1_419' title='bbox 140 3444 313 3506; x_wconf 83' lang='lat' dir='ltr'><strong>Potobuut</strong></span> <span class='ocrx_word' id='word_1_420' title='bbox 331 3457 451 3505; x_wconf 81' lang='lat' dir='ltr'><strong>omues</strong></span> <span class='ocrx_word' id='word_1_421' title='bbox 475 3443 591 3504; x_wconf 75' lang='lat' dir='ltr'><strong>bestiae</strong></span> <span class='ocrx_word' id='word_1_422' title='bbox 609 3446 688 3518; x_wconf 75' lang='lat' dir='ltr'><strong>ogre·</strong></span> <span class='ocrx_word' id='word_1_423' title='bbox 703 3459 714 3502; x_wconf 94' lang='lat'><em>:</em></span> <span class='ocrx_word' id='word_1_424' title='bbox 728 3444 896 3517; x_wconf 73' lang='lat' dir='ltr'><strong>expecta-</strong></span> 
     </span>
    </p>
   </div>
   <div class='ocr_carea' id='block_1_22' title="bbox 2 3872 1743 4154">
    <p class='ocr_par' dir='ltr' id='par_1_23' title="bbox 2 3872 1743 4154">
     <span class='ocr_line' id='line_1_40' title="bbox 2 3872 1743 3950; baseline -0.002 -11"><span class='ocrx_word' id='word_1_425' title='bbox 2 3919 4 3940; x_wconf 52' lang='lat'><strong>.</strong></span> <span class='ocrx_word' id='word_1_426' title='bbox 99 3877 140 3938; x_wconf 83' lang='lat' dir='ltr'><strong>de</strong></span> <span class='ocrx_word' id='word_1_427' title='bbox 154 3879 370 3938; x_wconf 73' lang='lat' dir='ltr'><strong>convallibus.</strong></span> <span class='ocrx_word' id='word_1_428' title='bbox 386 3874 490 3937; x_wconf 89' lang='lat' dir='ltr'><strong>Debet</strong></span> <span class='ocrx_word' id='word_1_429' title='bbox 504 3873 592 3936; x_wconf 93' lang='lat' dir='ltr'><strong>enim</strong></span> <span class='ocrx_word' id='word_1_430' title='bbox 608 3889 682 3935; x_wconf 87' lang='lat' dir='ltr'><strong>esse</strong></span> <span class='ocrx_word' id='word_1_431' title='bbox 696 3873 797 3936; x_wconf 84' lang='lat' dir='ltr'><strong>vallis</strong></span> <span class='ocrx_word' id='word_1_432' title='bbox 811 3873 896 3936; x_wconf 91' lang='lat' dir='ltr'><strong>lilio·</strong></span> <span class='ocrx_word' id='word_1_433' title='bbox 931 3896 935 3902; x_wconf 95' lang='lat'>·</span> <span class='ocrx_word' id='word_1_434' title='bbox 950 3875 1028 3935; x_wconf 91' lang='lat' dir='ltr'><strong>sunt</strong></span> <span class='ocrx_word' id='word_1_435' title='bbox 1040 3872 1144 3934; x_wconf 90' lang='lat' dir='ltr'><strong>nubes</strong></span> <span class='ocrx_word' id='word_1_436' title='bbox 1160 3873 1233 3934; x_wconf 91' lang='lat' dir='ltr'><strong>sine</strong></span> <span class='ocrx_word' id='word_1_437' title='bbox 1245 3887 1342 3950; x_wconf 86' lang='lat' dir='ltr'><strong>aqua,</strong></span> <span class='ocrx_word' id='word_1_438' title='bbox 1355 3889 1429 3950; x_wconf 86' lang='lat' dir='ltr'><strong>quae</strong></span> <span class='ocrx_word' id='word_1_439' title='bbox 1443 3873 1583 3935; x_wconf 89' lang='lat' dir='ltr'><strong>aventis</strong></span> <span class='ocrx_word' id='word_1_440' title='bbox 1598 3875 1743 3936; x_wconf 88' lang='lat' dir='ltr'><strong>circum-</strong></span> 
     </span>
     <span class='ocr_line' id='line_1_41' title="bbox 2 3969 1741 4050; baseline 0.003 -22"><span class='ocrx_word' id='word_1_441' title='bbox 2 4018 4 4028; x_wconf 65' lang='lat'><strong>.</strong></span> <span class='ocrx_word' id='word_1_442' title='bbox 99 3989 173 4035; x_wconf 88' lang='lat' dir='ltr'><strong>rum</strong></span> <span class='ocrx_word' id='word_1_443' title='bbox 188 3973 388 4050; x_wconf 73' lang='lat' dir='ltr'><strong>predicator</strong></span> <span class='ocrx_word' id='word_1_444' title='bbox 408 3987 468 4049; x_wconf 93' lang='lat' dir='ltr'><strong>per</strong></span> <span class='ocrx_word' id='word_1_445' title='bbox 486 3971 665 4034; x_wconf 89' lang='lat' dir='ltr'><strong>candorem</strong></span> <span class='ocrx_word' id='word_1_446' title='bbox 681 3971 894 4047; x_wconf 89' lang='lat' dir='ltr'><strong>innocentiae,</strong></span> <span class='ocrx_word' id='word_1_447' title='bbox 950 3971 1113 4042; x_wconf 91' lang='lat' dir='ltr'><strong>feruntur,</strong></span> <span class='ocrx_word' id='word_1_448' title='bbox 1130 3969 1268 4032; x_wconf 89' lang='lat' dir='ltr'><strong>arbores</strong></span> <span class='ocrx_word' id='word_1_449' title='bbox 1278 3969 1498 4042; x_wconf 89' lang='lat' dir='ltr'><strong>autumnales,</strong></span> <span class='ocrx_word' id='word_1_450' title='bbox 1511 3970 1741 4049; x_wconf 86' lang='lat' dir='ltr'><strong>infructucsae,</strong></span> 
     </span>
     <span class='ocr_line' id='line_1_42' title="bbox 2 4066 1742 4154; baseline -0.001 -22"><span class='ocrx_word' id='word_1_451' title='bbox 2 4146 3 4154; x_wconf 8' lang='grc' dir='ltr'>ἵ</span> <span class='ocrx_word' id='word_1_452' title='bbox 99 4072 133 4132; x_wconf 89' lang='lat' dir='ltr'><strong>et</strong></span> <span class='ocrx_word' id='word_1_453' title='bbox 155 4071 306 4132; x_wconf 81' lang='lat' dir='ltr'><strong>honestae</strong></span> <span class='ocrx_word' id='word_1_454' title='bbox 324 4068 591 4132; x_wconf 90' lang='lat' dir='ltr'><strong>conversationis</strong></span> <span class='ocrx_word' id='word_1_455' title='bbox 614 4067 749 4140; x_wconf 87' lang='lat' dir='ltr'><strong>famam,</strong></span> <span class='ocrx_word' id='word_1_456' title='bbox 766 4069 799 4130; x_wconf 92' lang='lat' dir='ltr'><strong>et</strong></span> <span class='ocrx_word' id='word_1_457' title='bbox 817 4069 894 4131; x_wconf 82' lang='lat' dir='ltr'><strong>vitae</strong></span> <span class='ocrx_word' id='word_1_458' title='bbox 949 4067 1000 4130; x_wconf 88' lang='lat' dir='ltr'><strong>bis</strong></span> <span class='ocrx_word' id='word_1_459' title='bbox 1015 4069 1167 4142; x_wconf 87' lang='lat' dir='ltr'><strong>mortuae,</strong></span> <span class='ocrx_word' id='word_1_460' title='bbox 1183 4067 1246 4128; x_wconf 89' lang='lat' dir='ltr'><strong>leri</strong></span> <span class='ocrx_word' id='word_1_461' title='bbox 1261 4067 1364 4128; x_wconf 86' lang='lat' dir='ltr'><strong>maris</strong></span> <span class='ocrx_word' id='word_1_462' title='bbox 1384 4066 1516 4140; x_wconf 87' lang='lat' dir='ltr'><strong>fluctus,</strong></span> <span class='ocrx_word' id='word_1_463' title='bbox 1538 4069 1742 4146; x_wconf 89' lang='lat' dir='ltr'><strong>despuman-</strong></span> 
     </span>
    </p>
   </div>
   <div class='ocr_carea' id='block_1_23' title="bbox 99 4163 1741 4244">
    <p class='ocr_par' dir='ltr' id='par_1_24' title="bbox 99 4163 1741 4244">
     <span class='ocr_line' id='line_1_43' title="bbox 99 4163 1741 4244; baseline -0.001 -14"><span class='ocrx_word' id='word_1_464' title='bbox 99 4168 351 4240; x_wconf 87' lang='lat' dir='ltr'><strong>continenttam‚</strong></span> <span class='ocrx_word' id='word_1_465' title='bbox 362 4165 440 4244; x_wconf 83' lang='lat' dir='ltr'><strong>quia</strong></span> <span class='ocrx_word' id='word_1_466' title='bbox 451 4167 609 4241; x_wconf 75' lang='lat' dir='ltr'><strong>poscitur</strong></span> <span class='ocrx_word' id='word_1_467' title='bbox 620 4168 707 4228; x_wconf 88' lang='lat' dir='ltr'><strong>Deus</strong></span> <span class='ocrx_word' id='word_1_468' title='bbox 720 4166 814 4228; x_wconf 82' lang='lat' dir='ltr'><strong>tator</strong></span> <span class='ocrx_word' id='word_1_469' title='bbox 824 4169 896 4228; x_wconf 85' lang='lat' dir='ltr'><strong>lttta</strong></span> <span class='ocrx_word' id='word_1_470' title='bbox 948 4166 999 4227; x_wconf 86' lang='lat' dir='ltr'><strong>tes</strong></span> <span class='ocrx_word' id='word_1_471' title='bbox 1014 4180 1092 4226; x_wconf 89' lang='lat' dir='ltr'><strong>suas</strong></span> <span class='ocrx_word' id='word_1_472' title='bbox 1108 4163 1334 4227; x_wconf 89' lang='lat' dir='ltr'><strong>confusiones.</strong></span> <span class='ocrx_word' id='word_1_473' title='bbox 1348 4165 1491 4226; x_wconf 80' lang='lat' dir='ltr'><strong>»Nubes</strong></span> <span class='ocrx_word' id='word_1_474' title='bbox 1507 4163 1741 4230; x_wconf 85' lang='lat' dir='ltr'><strong>obscuritatem</strong></span> 
     </span>
    </p>
   </div>
   <div class='ocr_carea' id='block_1_24' title="bbox 2 4260 1741 4350">
    <p class='ocr_par' dir='ltr' id='par_1_25' title="bbox 2 4260 1741 4350">
     <span class='ocr_line' id='line_1_44' title="bbox 2 4260 1741 4350; baseline 0.003 -28"><span class='ocrx_word' id='word_1_475' title='bbox 2 4297 4 4350; x_wconf 78' lang='lat' dir='ltr'>j</span> <span class='ocrx_word' id='word_1_476' title='bbox 100 4262 255 4341; x_wconf 81' lang='lat' dir='ltr'><strong>(cantic,</strong></span> <span class='ocrx_word' id='word_1_477' title='bbox 275 4267 306 4336; x_wconf 88' lang='lat'><strong>2,</strong></span> <span class='ocrx_word' id='word_1_478' title='bbox 329 4263 393 4344; x_wconf 84' lang='lat'><strong>16).</strong></span> <span class='ocrx_word' id='word_1_479' title='bbox 415 4263 509 4325; x_wconf 91' lang='lat' dir='ltr'><strong>Unde</strong></span> <span class='ocrx_word' id='word_1_480' title='bbox 533 4263 568 4324; x_wconf 93' lang='lat' dir='ltr'><strong>in</strong></span> <span class='ocrx_word' id='word_1_481' title='bbox 590 4263 697 4340; x_wconf 86' lang='lat' dir='ltr'><strong>primo</strong></span> <span class='ocrx_word' id='word_1_482' title='bbox 719 4260 895 4339; x_wconf 86' lang='lat' dir='ltr'><strong>Paralipo-</strong></span> <span class='ocrx_word' id='word_1_483' title='bbox 949 4262 1087 4334; x_wconf 88' lang='lat' dir='ltr'><strong>inducit,</strong></span> <span class='ocrx_word' id='word_1_484' title='bbox 1104 4263 1137 4324; x_wconf 91' lang='lat' dir='ltr'><strong>et</strong></span> <span class='ocrx_word' id='word_1_485' title='bbox 1153 4261 1219 4338; x_wconf 90' lang='lat' dir='ltr'><strong>ipsi</strong></span> <span class='ocrx_word' id='word_1_486' title='bbox 1242 4261 1372 4338; x_wconf 84' lang='lat' dir='ltr'><strong>praelati</strong></span> <span class='ocrx_word' id='word_1_487' title='bbox 1393 4263 1549 4326; x_wconf 90' lang='lat' dir='ltr'><strong>similiter</strong></span> <span class='ocrx_word' id='word_1_488' title='bbox 1563 4279 1622 4326; x_wconf 92' lang='lat' dir='ltr'><strong>suo</strong></span> <span class='ocrx_word' id='word_1_489' title='bbox 1638 4281 1741 4342; x_wconf 87' lang='lat' dir='ltr'><strong>pravo</strong></span> 
     </span>
    </p>
   </div>
   <div class='ocr_carea' id='block_1_25' title="bbox 96 4357 1743 5508">
    <p class='ocr_par' dir='ltr' id='par_1_26' title="bbox 96 4357 1743 5508">
     <span class='ocr_line' id='line_1_45' title="bbox 100 4357 1741 4445; baseline 0.003 -26"><span class='ocrx_word' id='word_1_490' title='bbox 100 4375 221 4420; x_wconf 89' lang='lat' dir='ltr'><strong>menen</strong></span> <span class='ocrx_word' id='word_1_491' title='bbox 237 4359 282 4439; x_wconf 83' lang='grc'><strong>(4,</strong></span> <span class='ocrx_word' id='word_1_492' title='bbox 298 4362 338 4422; x_wconf 87' lang='grc'><strong>39</strong></span> <span class='ocrx_word' id='word_1_493' title='bbox 349 4362 383 4422; x_wconf 91' lang='lat' dir='ltr'><strong>et</strong></span> <span class='ocrx_word' id='word_1_494' title='bbox 396 4358 449 4439; x_wconf 76' lang='grc'><strong>40)</strong></span> <span class='ocrx_word' id='word_1_495' title='bbox 467 4383 475 4422; x_wconf 86' lang='lat'><strong>:</strong></span> <span class='ocrx_word' id='word_1_496' title='bbox 492 4359 670 4423; x_wconf 83' lang='lat' dir='ltr'><strong>«Profecti</strong></span> <span class='ocrx_word' id='word_1_497' title='bbox 692 4361 780 4445; x_wconf 77' lang='lat' dir='ltr'><strong>sunt,</strong></span> <span class='ocrx_word' id='word_1_498' title='bbox 797 4375 893 4437; x_wconf 82' lang='lat' dir='ltr'><strong>quae-</strong></span> <span class='ocrx_word' id='word_1_499' title='bbox 949 4358 1101 4438; x_wconf 85' lang='lat' dir='ltr'><strong>exemplo</strong></span> <span class='ocrx_word' id='word_1_500' title='bbox 1116 4358 1265 4420; x_wconf 88' lang='lat' dir='ltr'><strong>subditos</strong></span> <span class='ocrx_word' id='word_1_501' title='bbox 1278 4357 1468 4432; x_wconf 90' lang='lat' dir='ltr'><strong>obscurant,</strong></span> <span class='ocrx_word' id='word_1_502' title='bbox 1478 4363 1512 4423; x_wconf 89' lang='lat' dir='ltr'><strong>et</strong></span> <span class='ocrx_word' id='word_1_503' title='bbox 1524 4363 1602 4423; x_wconf 89' lang='lat' dir='ltr'><strong>sunt</strong></span> <span class='ocrx_word' id='word_1_504' title='bbox 1615 4363 1741 4426; x_wconf 89' lang='lat' dir='ltr'><strong>similes</strong></span> 
     </span>
     <span class='ocr_line' id='line_1_46' title="bbox 98 4454 1742 4534; baseline 0.003 -17"><span class='ocrx_word' id='word_1_505' title='bbox 98 4458 211 4517; x_wconf 88' lang='lat' dir='ltr'><strong>rentes</strong></span> <span class='ocrx_word' id='word_1_506' title='bbox 230 4471 367 4533; x_wconf 88' lang='lat' dir='ltr'><strong>pascua,</strong></span> <span class='ocrx_word' id='word_1_507' title='bbox 388 4457 424 4519; x_wconf 93' lang='lat' dir='ltr'><strong>ut</strong></span> <span class='ocrx_word' id='word_1_508' title='bbox 445 4457 702 4532; x_wconf 88' lang='lat' dir='ltr'><strong>ingrederentur</strong></span> <span class='ocrx_word' id='word_1_509' title='bbox 725 4459 760 4520; x_wconf 94' lang='lat' dir='ltr'><strong>in</strong></span> <span class='ocrx_word' id='word_1_510' title='bbox 784 4457 895 4519; x_wconf 84' lang='lat' dir='ltr'><strong>Gador</strong></span> <span class='ocrx_word' id='word_1_511' title='bbox 948 4455 1123 4518; x_wconf 87' lang='lat' dir='ltr'><strong>arboribus</strong></span> <span class='ocrx_word' id='word_1_512' title='bbox 1149 4454 1413 4528; x_wconf 86' lang='lat' dir='ltr'><strong>autumnalibus,</strong></span> <span class='ocrx_word' id='word_1_513' title='bbox 1431 4473 1505 4534; x_wconf 84' lang='lat' dir='ltr'><strong>qnae</strong></span> <span class='ocrx_word' id='word_1_514' title='bbox 1527 4459 1562 4518; x_wconf 94' lang='lat' dir='ltr'><strong>in</strong></span> <span class='ocrx_word' id='word_1_515' title='bbox 1582 4461 1742 4522; x_wconf 91' lang='lat' dir='ltr'><strong>autumno</strong></span> 
     </span>
     <span class='ocr_line' id='line_1_47' title="bbox 99 4547 1743 4638; baseline 0.002 -24"><span class='ocrx_word' id='word_1_516' title='bbox 99 4567 208 4630; x_wconf 89' lang='lat' dir='ltr'><strong>usque</strong></span> <span class='ocrx_word' id='word_1_517' title='bbox 229 4551 271 4613; x_wconf 84' lang='lat' dir='ltr'><strong>ad</strong></span> <span class='ocrx_word' id='word_1_518' title='bbox 299 4547 468 4614; x_wconf 75' lang='lat' dir='ltr'><strong>Orientem</strong></span> <span class='ocrx_word' id='word_1_519' title='bbox 497 4553 612 4626; x_wconf 87' lang='lat' dir='ltr'><strong>vallis,</strong></span> <span class='ocrx_word' id='word_1_520' title='bbox 635 4557 668 4617; x_wconf 90' lang='lat' dir='ltr'><strong>et</strong></span> <span class='ocrx_word' id='word_1_521' title='bbox 692 4555 894 4616; x_wconf 85' lang='lat' dir='ltr'><strong>invenerunt</strong></span> <span class='ocrx_word' id='word_1_522' title='bbox 949 4554 1136 4631; x_wconf 90' lang='lat' dir='ltr'><strong>spoliantur</strong></span> <span class='ocrx_word' id='word_1_523' title='bbox 1157 4553 1331 4626; x_wconf 84' lang='lat' dir='ltr'><strong>fructibus,</strong></span> <span class='ocrx_word' id='word_1_524' title='bbox 1354 4556 1388 4616; x_wconf 91' lang='lat' dir='ltr'><strong>et</strong></span> <span class='ocrx_word' id='word_1_525' title='bbox 1409 4554 1474 4630; x_wconf 91' lang='lat' dir='ltr'><strong>ipsi</strong></span> <span class='ocrx_word' id='word_1_526' title='bbox 1496 4555 1650 4638; x_wconf 75' lang='lat' dir='ltr'><strong>similiter</strong></span> <span class='ocrx_word' id='word_1_527' title='bbox 1664 4573 1743 4632; x_wconf 89' lang='lat' dir='ltr'><strong>spo-</strong></span> 
     </span>
     <span class='ocr_line' id='line_1_48' title="bbox 99 4649 1742 4729; baseline 0.002 -17"><span class='ocrx_word' id='word_1_528' title='bbox 99 4650 288 4712; x_wconf 89' lang='lat' dir='ltr'><strong>uberrimas</strong></span> <span class='ocrx_word' id='word_1_529' title='bbox 312 4663 498 4727; x_wconf 81' lang='lat' dir='ltr'><strong>pascuas.»</strong></span> <span class='ocrx_word' id='word_1_530' title='bbox 521 4649 633 4710; x_wconf 75' lang='lat' dir='ltr'><strong>(tader</strong></span> <span class='ocrx_word' id='word_1_531' title='bbox 654 4651 894 4729; x_wconf 89' lang='lat' dir='ltr'><strong>interpretatur</strong></span> <span class='ocrx_word' id='word_1_532' title='bbox 948 4651 1357 4714; x_wconf 84' lang='lat' dir='ltr'><strong>tianturomntbusbonts.</strong></span> <span class='ocrx_word' id='word_1_533' title='bbox 1373 4649 1519 4713; x_wconf 82' lang='lat' dir='ltr'><strong>Arbores</strong></span> <span class='ocrx_word' id='word_1_534' title='bbox 1532 4653 1742 4716; x_wconf 82' lang='lat' dir='ltr'><strong>autumnales</strong></span> 
     </span>
     <span class='ocr_line' id='line_1_49' title="bbox 98 4745 1742 4825; baseline 0.004 -16"><span class='ocrx_word' id='word_1_535' title='bbox 98 4747 263 4810; x_wconf 90' lang='lat' dir='ltr'><strong>accinctio</strong></span> <span class='ocrx_word' id='word_1_536' title='bbox 274 4745 421 4816; x_wconf 91' lang='lat' dir='ltr'><strong>luminis,</strong></span> <span class='ocrx_word' id='word_1_537' title='bbox 434 4745 512 4822; x_wconf 88' lang='lat' dir='ltr'><strong>quia</strong></span> <span class='ocrx_word' id='word_1_538' title='bbox 525 4746 760 4822; x_wconf 83' lang='lat' dir='ltr'><strong>praedicatores</strong></span> <span class='ocrx_word' id='word_1_539' title='bbox 774 4748 894 4810; x_wconf 86' lang='lat' dir='ltr'><strong>debent</strong></span> <span class='ocrx_word' id='word_1_540' title='bbox 947 4747 1103 4810; x_wconf 86' lang='lat' dir='ltr'><strong>videntur</strong></span> <span class='ocrx_word' id='word_1_541' title='bbox 1130 4749 1262 4822; x_wconf 83' lang='lat' dir='ltr'><strong>florere,</strong></span> <span class='ocrx_word' id='word_1_542' title='bbox 1293 4751 1327 4812; x_wconf 89' lang='lat' dir='ltr'><strong>et</strong></span> <span class='ocrx_word' id='word_1_543' title='bbox 1354 4747 1465 4812; x_wconf 88' lang='lat' dir='ltr'><strong>facere</strong></span> <span class='ocrx_word' id='word_1_544' title='bbox 1487 4749 1654 4825; x_wconf 87' lang='lat' dir='ltr'><strong>fructum;</strong></span> <span class='ocrx_word' id='word_1_545' title='bbox 1679 4769 1742 4816; x_wconf 92' lang='lat' dir='ltr'><strong>nec</strong></span> 
     </span>
     <span class='ocr_line' id='line_1_50' title="bbox 97 4842 1740 4928; baseline 0.003 -22"><span class='ocrx_word' id='word_1_546' title='bbox 97 4861 173 4907; x_wconf 89' lang='lat' dir='ltr'><strong>esse</strong></span> <span class='ocrx_word' id='word_1_547' title='bbox 193 4844 328 4921; x_wconf 88' lang='lat' dir='ltr'><strong>cingulo</strong></span> <span class='ocrx_word' id='word_1_548' title='bbox 352 4842 488 4904; x_wconf 90' lang='lat' dir='ltr'><strong>luminis</strong></span> <span class='ocrx_word' id='word_1_549' title='bbox 511 4843 665 4914; x_wconf 88' lang='lat' dir='ltr'><strong>accincti,</strong></span> <span class='ocrx_word' id='word_1_550' title='bbox 688 4843 818 4907; x_wconf 85' lang='lat' dir='ltr'><strong>seilicet</strong></span> <span class='ocrx_word' id='word_1_551' title='bbox 840 4844 895 4905; x_wconf 91' lang='lat' dir='ltr'><strong>lu-</strong></span> <span class='ocrx_word' id='word_1_552' title='bbox 947 4847 1145 4913; x_wconf 86' lang='lat' dir='ltr'><strong>maturatur,</strong></span> <span class='ocrx_word' id='word_1_553' title='bbox 1162 4847 1239 4922; x_wconf 88' lang='lat' dir='ltr'><strong>gelu</strong></span> <span class='ocrx_word' id='word_1_554' title='bbox 1255 4847 1535 4924; x_wconf 83' lang='lat' dir='ltr'><strong>superueniente:</strong></span> <span class='ocrx_word' id='word_1_555' title='bbox 1552 4849 1601 4910; x_wconf 85' lang='lat' dir='ltr'><strong>sic</strong></span> <span class='ocrx_word' id='word_1_556' title='bbox 1615 4852 1650 4910; x_wconf 91' lang='lat' dir='ltr'><strong>et</strong></span> <span class='ocrx_word' id='word_1_557' title='bbox 1663 4851 1740 4928; x_wconf 92' lang='lat' dir='ltr'><strong>ipsi,</strong></span> 
     </span>
     <span class='ocr_line' id='line_1_51' title="bbox 97 4939 1741 5024; baseline 0.004 -20"><span class='ocrx_word' id='word_1_558' title='bbox 97 4944 190 5004; x_wconf 89' lang='lat' dir='ltr'><strong>mine</strong></span> <span class='ocrx_word' id='word_1_559' title='bbox 202 4942 298 5004; x_wconf 69' lang='lat' dir='ltr'><strong>bonae</strong></span> <span class='ocrx_word' id='word_1_560' title='bbox 313 4939 578 5004; x_wconf 84' lang='lat' dir='ltr'><strong>conversationis</strong></span> <span class='ocrx_word' id='word_1_561' title='bbox 594 4960 602 5000; x_wconf 76' lang='grc' dir='ltr'><strong>ε</strong></span> <span class='ocrx_word' id='word_1_562' title='bbox 619 4941 652 5002; x_wconf 90' lang='lat' dir='ltr'><strong>et</strong></span> <span class='ocrx_word' id='word_1_563' title='bbox 664 4941 838 5002; x_wconf 83' lang='lat' dir='ltr'><strong>venientes</strong></span> <span class='ocrx_word' id='word_1_564' title='bbox 851 4941 893 5002; x_wconf 90' lang='lat' dir='ltr'><strong>ad</strong></span> <span class='ocrx_word' id='word_1_565' title='bbox 947 4944 1003 5020; x_wconf 87' lang='lat' dir='ltr'><strong>qui</strong></span> <span class='ocrx_word' id='word_1_566' title='bbox 1016 4942 1103 5004; x_wconf 91' lang='lat' dir='ltr'><strong>bona</strong></span> <span class='ocrx_word' id='word_1_567' title='bbox 1118 4943 1294 5022; x_wconf 90' lang='lat' dir='ltr'><strong>incipiunt,</strong></span> <span class='ocrx_word' id='word_1_568' title='bbox 1308 4944 1364 5005; x_wconf 90' lang='lat' dir='ltr'><strong>sed</strong></span> <span class='ocrx_word' id='word_1_569' title='bbox 1380 4959 1449 5006; x_wconf 91' lang='lat' dir='ltr'><strong>non</strong></span> <span class='ocrx_word' id='word_1_570' title='bbox 1463 4946 1589 5008; x_wconf 92' lang='lat' dir='ltr'><strong>ducunt</strong></span> <span class='ocrx_word' id='word_1_571' title='bbox 1601 4947 1641 5008; x_wconf 91' lang='lat' dir='ltr'><strong>ad</strong></span> <span class='ocrx_word' id='word_1_572' title='bbox 1659 4963 1741 5024; x_wconf 90' lang='lat' dir='ltr'><strong>per-</strong></span> 
     </span>
     <span class='ocr_line' id='line_1_52' title="bbox 97 5038 1740 5120; baseline 0.003 -18"><span class='ocrx_word' id='word_1_573' title='bbox 97 5039 442 5102; x_wconf 87' lang='lat' dir='ltr'><strong>Orientemvallis.1n</strong></span> <span class='ocrx_word' id='word_1_574' title='bbox 455 5038 543 5100; x_wconf 86' lang='lat' dir='ltr'><strong>valle</strong></span> <span class='ocrx_word' id='word_1_575' title='bbox 559 5039 693 5100; x_wconf 91' lang='lat' dir='ltr'><strong>notatur</strong></span> <span class='ocrx_word' id='word_1_576' title='bbox 707 5038 891 5100; x_wconf 87' lang='lat' dir='ltr'><strong>humilitas.</strong></span> <span class='ocrx_word' id='word_1_577' title='bbox 947 5041 1146 5114; x_wconf 89' lang='lat' dir='ltr'><strong>fectionem;</strong></span> <span class='ocrx_word' id='word_1_578' title='bbox 1174 5044 1207 5103; x_wconf 88' lang='lat' dir='ltr'><strong>et</strong></span> <span class='ocrx_word' id='word_1_579' title='bbox 1234 5043 1312 5104; x_wconf 91' lang='lat' dir='ltr'><strong>sunt</strong></span> <span class='ocrx_word' id='word_1_580' title='bbox 1343 5042 1482 5104; x_wconf 90' lang='lat' dir='ltr'><strong>arbores</strong></span> <span class='ocrx_word' id='word_1_581' title='bbox 1507 5042 1559 5104; x_wconf 89' lang='lat' dir='ltr'><strong>bis</strong></span> <span class='ocrx_word' id='word_1_582' title='bbox 1579 5049 1740 5120; x_wconf 75' lang='lat' dir='ltr'><strong>mortua,</strong></span> 
     </span>
     <span class='ocr_line' id='line_1_53' title="bbox 97 5135 1741 5219; baseline 0.004 -19"><span class='ocrx_word' id='word_1_583' title='bbox 97 5139 138 5200; x_wconf 87' lang='lat' dir='ltr'><strong>Et</strong></span> <span class='ocrx_word' id='word_1_584' title='bbox 161 5137 217 5215; x_wconf 88' lang='lat' dir='ltr'><strong>qni</strong></span> <span class='ocrx_word' id='word_1_585' title='bbox 237 5135 450 5213; x_wconf 86' lang='lat' dir='ltr'><strong>pervenitad</strong></span> <span class='ocrx_word' id='word_1_586' title='bbox 473 5135 714 5209; x_wconf 74' lang='lat' dir='ltr'><strong>humilitatem,</strong></span> <span class='ocrx_word' id='word_1_587' title='bbox 730 5135 764 5197; x_wconf 92' lang='lat' dir='ltr'><strong>in</strong></span> <span class='ocrx_word' id='word_1_588' title='bbox 783 5136 891 5214; x_wconf 90' lang='lat' dir='ltr'><strong>ipsum</strong></span> <span class='ocrx_word' id='word_1_589' title='bbox 946 5139 1024 5215; x_wconf 87' lang='lat' dir='ltr'><strong>quia</strong></span> <span class='ocrx_word' id='word_1_590' title='bbox 1039 5139 1074 5199; x_wconf 93' lang='lat' dir='ltr'><strong>in</strong></span> <span class='ocrx_word' id='word_1_591' title='bbox 1095 5137 1241 5216; x_wconf 90' lang='lat' dir='ltr'><strong>peccatis</strong></span> <span class='ocrx_word' id='word_1_592' title='bbox 1262 5138 1383 5200; x_wconf 90' lang='lat' dir='ltr'><strong>mortui</strong></span> <span class='ocrx_word' id='word_1_593' title='bbox 1399 5140 1487 5214; x_wconf 88' lang='lat' dir='ltr'><strong>snut,</strong></span> <span class='ocrx_word' id='word_1_594' title='bbox 1504 5141 1537 5202; x_wconf 93' lang='lat' dir='ltr'><strong>et</strong></span> <span class='ocrx_word' id='word_1_595' title='bbox 1558 5143 1637 5219; x_wconf 88' lang='lat' dir='ltr'><strong>quot</strong></span> <span class='ocrx_word' id='word_1_596' title='bbox 1652 5145 1741 5206; x_wconf 89' lang='lat' dir='ltr'><strong>malo</strong></span> 
     </span>
     <span class='ocr_line' id='line_1_54' title="bbox 97 5233 1739 5312; baseline 0.003 -16"><span class='ocrx_word' id='word_1_597' title='bbox 97 5234 249 5312; x_wconf 83' lang='lat' dir='ltr'><strong>pervenit</strong></span> <span class='ocrx_word' id='word_1_598' title='bbox 270 5233 385 5295; x_wconf 85' lang='lat' dir='ltr'><strong>radius</strong></span> <span class='ocrx_word' id='word_1_599' title='bbox 406 5236 532 5296; x_wconf 84' lang='lat' dir='ltr'><strong>sanotae</strong></span> <span class='ocrx_word' id='word_1_600' title='bbox 551 5233 892 5311; x_wconf 64' lang='lat' dir='ltr'><strong>praedicationisque</strong></span> <span class='ocrx_word' id='word_1_601' title='bbox 946 5235 1099 5312; x_wconf 83' lang='lat' dir='ltr'><strong>exemplo</strong></span> <span class='ocrx_word' id='word_1_602' title='bbox 1115 5235 1402 5312; x_wconf 89' lang='lat' dir='ltr'><strong>corrumpunt,tot</strong></span> <span class='ocrx_word' id='word_1_603' title='bbox 1417 5237 1539 5298; x_wconf 89' lang='lat' dir='ltr'><strong>mortes</strong></span> <span class='ocrx_word' id='word_1_604' title='bbox 1551 5238 1739 5312; x_wconf 87' lang='lat' dir='ltr'><strong>incurrunt,</strong></span> 
     </span>
     <span class='ocr_line' id='line_1_55' title="bbox 96 5329 1740 5408; baseline 0.002 -15"><span class='ocrx_word' id='word_1_605' title='bbox 96 5330 331 5393; x_wconf 88' lang='lat' dir='ltr'><strong>illuminantur</strong></span> <span class='ocrx_word' id='word_1_606' title='bbox 358 5331 540 5398; x_wconf 88' lang='lat' dir='ltr'><strong>auditores,</strong></span> <span class='ocrx_word' id='word_1_607' title='bbox 569 5331 604 5392; x_wconf 94' lang='lat' dir='ltr'><strong>in</strong></span> <span class='ocrx_word' id='word_1_608' title='bbox 637 5329 758 5408; x_wconf 87' lang='lat' dir='ltr'><strong>quibus</strong></span> <span class='ocrx_word' id='word_1_609' title='bbox 785 5333 893 5393; x_wconf 89' lang='lat' dir='ltr'><strong>oritur</strong></span> <span class='ocrx_word' id='word_1_610' title='bbox 946 5334 980 5394; x_wconf 87' lang='lat' dir='ltr'><strong>et</strong></span> <span class='ocrx_word' id='word_1_611' title='bbox 1002 5333 1048 5394; x_wconf 89' lang='lat' dir='ltr'><strong>ita</strong></span> <span class='ocrx_word' id='word_1_612' title='bbox 1069 5347 1136 5393; x_wconf 92' lang='lat' dir='ltr'><strong>non</strong></span> <span class='ocrx_word' id='word_1_613' title='bbox 1160 5331 1267 5394; x_wconf 89' lang='lat' dir='ltr'><strong>solum</strong></span> <span class='ocrx_word' id='word_1_614' title='bbox 1294 5331 1356 5404; x_wconf 92' lang='lat' dir='ltr'><strong>bis,</strong></span> <span class='ocrx_word' id='word_1_615' title='bbox 1383 5333 1440 5396; x_wconf 90' lang='lat' dir='ltr'><strong>sed</strong></span> <span class='ocrx_word' id='word_1_616' title='bbox 1468 5335 1591 5397; x_wconf 93' lang='lat' dir='ltr'><strong>millies</strong></span> <span class='ocrx_word' id='word_1_617' title='bbox 1617 5337 1740 5400; x_wconf 87' lang='lat' dir='ltr'><strong>mortui</strong></span> 
     </span>
     <span class='ocr_line' id='line_1_56' title="bbox 96 5428 1741 5508; baseline 0.004 -17"><span class='ocrx_word' id='word_1_618' title='bbox 96 5431 190 5491; x_wconf 82' lang='lat' dir='ltr'><strong>tuter</strong></span> <span class='ocrx_word' id='word_1_619' title='bbox 213 5431 366 5491; x_wconf 76' lang='lat' dir='ltr'><strong>medium</strong></span> <span class='ocrx_word' id='word_1_620' title='bbox 393 5431 574 5491; x_wconf 75' lang='lat' dir='ltr'><strong>mortttum.</strong></span> <span class='ocrx_word' id='word_1_621' title='bbox 599 5428 693 5491; x_wconf 91' lang='lat' dir='ltr'><strong>Unde</strong></span> <span class='ocrx_word' id='word_1_622' title='bbox 721 5428 891 5492; x_wconf 86' lang='lat' dir='ltr'><strong>Zachariae</strong></span> <span class='ocrx_word' id='word_1_623' title='bbox 946 5432 1034 5492; x_wconf 91' lang='lat' dir='ltr'><strong>sunt.</strong></span> <span class='ocrx_word' id='word_1_624' title='bbox 1052 5429 1252 5493; x_wconf 78' lang='lat' dir='ltr'><strong>suntetlam</strong></span> <span class='ocrx_word' id='word_1_625' title='bbox 1272 5429 1394 5492; x_wconf 87' lang='lat' dir='ltr'><strong>ductus</strong></span> <span class='ocrx_word' id='word_1_626' title='bbox 1410 5433 1524 5508; x_wconf 90' lang='lat' dir='ltr'><strong>maris,</strong></span> <span class='ocrx_word' id='word_1_627' title='bbox 1539 5434 1627 5497; x_wconf 90' lang='lat' dir='ltr'><strong>idest</strong></span> <span class='ocrx_word' id='word_1_628' title='bbox 1645 5451 1741 5497; x_wconf 84' lang='lat' dir='ltr'><strong>ama·</strong></span> 
     </span>
    </p>
   </div>
   <div class='ocr_carea' id='block_1_26' title="bbox 132 5627 1388 5706">
    <p class='ocr_par' dir='ltr' id='par_1_27' title="bbox 132 5627 1388 5706">
     <span class='ocr_line' id='line_1_57' title="bbox 132 5627 1388 5706; baseline 0 -20"><span class='ocrx_word' id='word_1_629' title='bbox 132 5629 171 5700; x_wconf 83' lang='lat' dir='ltr'><strong>(l)</strong></span> <span class='ocrx_word' id='word_1_630' title='bbox 184 5628 281 5700; x_wconf 79' lang='lat' dir='ltr'><strong>isaia,</strong></span> <span class='ocrx_word' id='word_1_631' title='bbox 292 5629 338 5698; x_wconf 81' lang='lat'><strong>30,</strong></span> <span class='ocrx_word' id='word_1_632' title='bbox 352 5629 387 5687; x_wconf 84' lang='grc'><strong>30</strong></span> <span class='ocrx_word' id='word_1_633' title='bbox 400 5627 434 5687; x_wconf 88' lang='lat' dir='ltr'><strong>ad</strong></span> <span class='ocrx_word' id='word_1_634' title='bbox 450 5631 494 5688; x_wconf 80' lang='lat'><strong>32.</strong></span> <span class='ocrx_word' id='word_1_635' title='bbox 982 5631 1023 5704; x_wconf 78' lang='lat'><strong>(2)</strong></span> <span class='ocrx_word' id='word_1_636' title='bbox 1040 5631 1124 5706; x_wconf 86' lang='lat' dir='ltr'><strong>Vulg.</strong></span> <span class='ocrx_word' id='word_1_637' title='bbox 1143 5647 1150 5687; x_wconf 95' lang='lat'>:</span> <span class='ocrx_word' id='word_1_638' title='bbox 1167 5629 1388 5689; x_wconf 85' lang='lat' dir='ltr'><strong>multitudinem.</strong></span> 
     </span>
    </p>
   </div>
   <div class='ocr_carea' id='block_1_27' title="bbox 0 0 2062 6391">
    <p class='ocr_par' dir='ltr' id='par_1_28' title="bbox 0 0 2062 6391">
     <span class='ocr_line' id='line_1_58' title="bbox 0 0 2062 6391; baseline 0 0"><span class='ocrx_word' id='word_1_639' title='bbox 0 0 2062 6391; x_wconf 95' lang='lat' dir='ltr'><strong> </strong></span> 
     </span>
    </p>
   </div>
  </div>
 </body>
</html>
