4118 6390
316 322 393 382 1167
740 323 772 380 S.
801 320 976 380 AN'I'ONII
1002 321 1190 381 PADUANI
1219 321 1357 380 OPERA
1385 319 1534 380 OMNIA.
1893 316 1973 376 1168

315 480 496 551 damnatio,
518 495 591 556 quaa
606 479 792 556 praescitur,
808 479 849 540 de
860 495 924 555 qua
940 478 968 538 si
984 478 1110 540 attente
1161 493 1240 570 sum
1254 481 1362 539 caract.
1374 477 1525 538 Christus
1538 475 1691 538 confixus
1707 471 1805 536 cruci
1821 475 1860 534 in
1875 488 1975 534 cruce

314 577 436 654 cogitet
448 578 533 654 quis,
546 592 612 636 non
629 576 774 639 tardabit
785 577 959 641 retrahere
972 589 1107 636 sensum
1164 576 1314 646 moritur,
1342 591 1403 636 nec
1428 575 1539 635 statim
1568 573 1741 650 depositus
1769 573 1838 638 est,
1870 569 1975 630 donec

315 691 410 735 suum
437 691 456 736 a
481 675 584 736 vitiis.
608 677 647 736 Et
666 675 845 738 infirmitas
871 675 996 750 gravis
1023 674 1109 733 idest
1163 673 1362 749 sepeliretur
1377 693 1386 730 ε
1401 673 1448 732 sic
1461 673 1495 732 et
1506 670 1717 740 tu,oarnales
1729 669 1978 745 coucupiscen-

313 774 484 848 respectus
499 773 673 849 praesentis
685 773 829 833 miserim
840 771 985 832 sobriam
1000 769 1109 830 reddit
1163 771 1227 831 tias
1237 770 1441 831 mortificans
1457 784 1636 846 persevera
1652 769 1687 828 in
1701 783 1819 837 cruce,
1838 766 1935 826 idest
1947 766 1977 824 in

314 870 471 941 animam,
485 885 585 947 quam
605 869 775 930 miseriam
794 869 821 929 si
841 869 940 930 homo
954 867 1109 928 similiter

314 967 516 1038 considerat,
540 983 607 1028 non
619 966 798 1029 inebriabit
813 983 849 1028 se
867 964 1106 1042 voluptatibus,

314 1069 348 1126 et
387 1065 602 1143 praesentium
638 1065 827 1127 dilectione.
866 1067 933 1124 Has
970 1063 1109 1138 sagittas

312 1162 399 1224 bene
407 1164 560 1225 senserat
579 1162 640 1224 Job
656 1161 701 1240 (6,
721 1161 753 1240 1)
769 1183 776 1222 :
794 1162 962 1236 «Sagittae
978 1158 1108 1221 Domini

313 1261 349 1320 in
365 1276 417 1321 me
432 1262 520 1333 sunt,
533 1275 673 1337 quarum
685 1259 871 1334 indignatio
885 1258 989 1320 ebibit
1004 1257 1108 1334 spiri-

314 1358 383 1420 tum
397 1373 518 1426 meum,
534 1373 554 1417 a
568 1357 823 1434 idestquidquid
841 1357 875 1418 in
890 1373 943 1416 me
956 1353 1109 1416 carnali·

313 1457 366 1518 ter
394 1454 556 1533 spirabat.
581 1457 646 1515 Per
668 1455 729 1515 has
757 1470 838 1530 ergo
863 1453 1002 1529 sagittas
1030 1451 1110 1528 petit

316 1553 483 1629 Propheta
499 1552 620 1627 contigi
636 1567 754 1612 carnes
770 1567 866 1624 suas;
885 1550 973 1611 unde
989 1551 1110 1610 notan·

315 1651 404 1736 dum,
427 1650 513 1727 quod
537 1650 633 1720 dicit,
648 1650 796 1724 conlige,
822 1648 908 1709 idest
928 1646 1027 1708 simul
1045 1645 1109 1720 lige

314 1762 390 1810 cum
412 1747 563 1820 Christo,
579 1761 652 1822 quae
674 1744 818 1808 confixio
837 1743 999 1812 fitclavis,
1017 1741 1111 1802 scili-

315 1848 367 1904 cet
380 1847 507 1904 sanctae
523 1842 785 1920 praedicationis,
801 1842 834 1902 et
855 1837 1108 1916 compassionis.

316 1943 392 2004 Istae
414 1941 543 2016 sagittae
568 1939 641 2003 duae
661 1942 757 2014 sunt;
775 1954 914 2015 quarum
934 1952 1012 2007 una,
1029 1949 1112 1996 con-

316 2038 477 2102 sideratio
501 2053 606 2114 pcenae
630 2035 761 2106 futurae,
786 2036 904 2108 altera,
922 2032 1108 2111 praesentis.

314 2138 486 2198 Iustorum
510 2150 604 2195 mens
629 2148 695 2194 non
717 2134 824 2194 solum
839 2131 1015 2210 perpendit
1036 2145 1110 2206 quae

314 2233 445 2303 tolerat,
473 2233 530 2293 sed
560 2231 659 2292 etiam
687 2230 858 2308 praevidet,
883 2230 968 2306 quod
993 2229 1108 2289 restat.

314 2330 422 2402 Videt,
453 2345 551 2406 quam
574 2330 692 2405 gravia
718 2329 773 2389 hic
802 2329 929 2404 patitur
952 2348 959 2386 :
981 2325 1109 2392 metuit,

314 2443 357 2488 116
378 2427 535 2503 graviora
560 2427 717 2503 patiatur.
744 2427 814 2486 Hae
843 2423 1110 2486 consideratione

316 2523 623 2610 quasiquibusdam
649 2524 781 2599 sagittis
800 2521 1020 2596 transfigitur,
1038 2519 1109 2581 etsi

316 2621 394 2699 quid
410 2622 445 2682 11
461 2637 499 2682 ea
519 2620 677 2686 elationis
699 2623 760 2692 est,
776 2623 881 2682 tolum
894 2619 1048 2681 ebibitur.

357 2719 513 2794 Sequitur
538 2740 545 2778 :
570 2722 597 2780 A
620 2721 762 2791 jaculans
787 2721 881 2779 elsim
905 2717 1109 2786 1111111111·

315 2815 403 2880 idest
418 2830 437 2877 a
450 2815 564 2878 uerbis
581 2816 648 2877 tuis
658 2815 821 2892 indictum
832 2810 1110 2875 comminantibus

316 2915 423 2985 timui,
445 2929 487 2975 ne
509 2914 595 2975 iorte
616 2913 750 2975 tradant
764 2926 816 2975 me
827 2911 945 2988 judici,
963 2912 995 2972 et
1005 2909 1111 2986 judex

316 3011 448 3084 tortori,
463 3013 495 3074 et
508 3011 568 3072 ille
582 3010 734 3072 detrudat
746 3025 797 3070 me
812 3009 847 3071 in
867 3023 1035 3069 carcerem
1049 3005 1109 3084 (1).

313 3109 481 3171 undenon
504 3125 632 3180 exeam,
652 3108 757 3168 donec
782 3107 939 3168 solverim
962 3103 1111 3167 nouissi-

261 3185 274 3212 ¹
314 3223 404 3276 mum
428 3207 660 3284 quadrantem,
678 3208 713 3266 ut
737 3205 792 3282 qni
807 3207 896 3266 terra
910 3205 972 3272 est,
988 3203 1021 3262 in
1037 3205 1109 3262 ter-

316 3319 388 3362 ram
401 3305 469 3370 eat,
483 3305 588 3370 Homo
602 3304 733 3363 constat
749 3317 791 3362 ex
806 3303 950 3377 quatuor
965 3299 1111 3364 elemun-

317 3400 372 3471 tis,
398 3399 486 3461 inter
508 3415 580 3476 quaa
607 3399 825 3460 novissimum
848 3400 899 3460 est
923 3399 1025 3458 terra.
1049 3395 1110 3466 Qui

318 3513 398 3572 ergo
410 3512 476 3558 non
491 3496 635 3558 custodit
649 3496 757 3572 ignem
774 3496 808 3556 in
824 3512 860 3556 se
873 3511 933 3572 per
946 3493 1110 3555 fervorem

317 3596 467 3675 caritatis
485 3617 492 3655 :
509 3595 576 3672 qui,
592 3595 752 3672 quantum
766 3594 806 3660 ad
825 3607 937 3654 aerem
953 3591 1110 3668 pertinet,

314 3695 498 3756 contemnit
512 3693 733 3769 spiritualiter
748 3691 942 3753 conversari
956 3689 1110 3766 :quinon

314 3792 386 3854 uult
409 3791 589 3853 observare
614 3791 824 3862 munditiam,
848 3791 919 3850 sive
942 3787 1108 3851 mandata.

315 3907 391 3966 quae
406 3889 529 3950 dantur
548 3904 608 3965 per
629 3905 750 3965 aquam
770 3886 937 3964 baptismi,
952 3899 1018 3946 non
1035 3900 1111 3946 res-

314 3987 374 4059 tat,
388 3987 453 4047 nisi
466 3988 500 4047 11
515 3987 623 4047 solvat
646 3986 864 4046 novissimum
879 3983 1108 4059 quadrantem,

316 4085 352 4156 ut
371 4084 427 4161 qui
440 4085 530 4146 terra
545 4085 606 4154 est,
624 4083 659 4143 in
682 4085 807 4144 terram
832 4083 886 4143 eat
899 4080 1108 4150 infernalem,

1164 867 1370 944 poenitentia,
1386 866 1490 928 donec
1502 865 1689 943 sepeliaris,
1704 881 1746 926 ac
1761 865 1800 924 in
1817 863 1977 940 sepulcre

1165 965 1368 1042 requiescas.

1386 1133 1527 1193 SERMO
1541 1133 1744 1192 CCXXXIII.

1201 1302 1242 1358 De
1256 1313 1332 1356 vano
1348 1299 1454 1359 auxilio
1466 1298 1685 1371 temporalium
1700 1296 1737 1354 de
1749 1297 1958 1368 dissipatione
2043 1265 2044 1346 1

1456 1386 1532 1462 legis
1548 1386 1664 1445 diuina.

1166 1572 1311 1642 Tempus
1334 1569 1494 1641 scatendi,
1520 1569 1690 1628 Domine:
1705 1567 1979 1638 susceceperunt

1303 1669 1413 1740 tapam
1428 1664 1536 1724 tuam.
1553 1663 1644 1723 Psal.
1661 1665 1730 1734 118,
1751 1661 1849 1741 126.)

1200 1841 1292 1901 llicit
1322 1840 1395 1913 iste,
1409 1839 1565 1918 quoniam
1584 1841 1719 1914 tempus
1737 1841 1793 1900 est
1805 1841 1978 1913 faciendi,

1165 1939 1198 1998 61
1210 1953 1277 1998 non
1292 1938 1373 2000 dicit
1388 1938 1478 2014 quid.
1494 1937 1655 2005 Similiter
1682 1937 1767 1997 111111
1789 1937 1922 1998 Daniel
1938 1937 1977 2014 (9,
2043 1997 2044 2000 ,

1165 2034 1218 2114 19)
1236 2057 1243 2096 :
1260 2035 1582 2109 Attendallonzine,
1599 2035 1632 2095 et
1642 2037 1709 2108 sne.
1725 2033 1905 2110 intelligit
1922 2050 1979 2095 au·

1164 2136 1230 2194 tem
1253 2135 1323 2209 jam
1343 2135 1473 2209 tempus
1500 2147 1573 2193 esse
1602 2131 1746 2192 faciendi
1776 2132 1978 2194 misericor-

1166 2229 1274 2304 diam;
1293 2229 1412 2291 etideo
1436 2229 1522 2300 dico,
1551 2229 1636 2306 quod
1662 2231 1806 2303 tempus
1827 2233 1978 2304 1111611111·

1166 2329 1226 2399 est,
1245 2328 1409 2404 quiajam
1434 2326 1571 2388 adverto
1595 2325 1841 2402 temporalium
1866 2342 1978 2388 rerum

1166 2425 1346 2496 fallaciam,
1364 2424 1404 2484 de
1421 2439 1485 2500 qua
1504 2423 1693 2483 inThrenis
1710 2423 1756 2500 (4,
1776 2423 1838 2500 17)
1856 2443 1898 2483 :c
1914 2427 1978 2484 De-

1166 2522 1316 2584 iecerunt
1338 2522 1427 2583 oculi
1446 2522 1550 2582 nostri
1567 2522 1608 2582 ad
1624 2521 1792 2582 auxilium
1823 2526 1978 2584 nostrum

1165 2636 1300 2692 uanum,
1317 2636 1392 2680 cum
1415 2621 1658 2694 respiceremus
1678 2619 1802 2680 attenti
1829 2620 1876 2680 ad
1892 2637 1976 2697 gen·

1165 2719 1242 2787 tem,
1259 2733 1333 2793 quae
1358 2717 1490 2778 salvare
1505 2731 1567 2777 nos
1591 2731 1657 2776 non
1681 2719 1832 2793 poterat.
1852 2735 1897 2778 :a
1913 2719 1977 2783 Hoc

1165 2816 1275 2876 autem
1310 2815 1488 2895 exponitur
1510 2829 1570 2890 per
1590 2813 1671 2874 illud
1706 2816 1794 2876 Osee
1827 2815 1975 2894 (5,13);

1166 2913 1290 2974 «Vidit
1311 2913 1468 2988 Ephraim
1496 2911 1690 2986 languorem
1716 2928 1822 2972 suum
1843 2915 1881 2976 et
1894 2915 1975 2974 duda
2043 2955 2044 2964 .

1165 3010 1337 3071 uinculum
1366 3009 1503 3070 sum:et
1530 3007 1615 3070 abiit
1638 3008 1801 3086 Ephraim
1835 3011 1882 3070 ad
1913 3017 1974 3072 As-

1166 3125 1234 3174 sur,
1256 3109 1289 3169 et
1303 3107 1395 3168 misit
1409 3108 1449 3168 ad
1466 3122 1576 3182 regem
1595 3107 1749 3178 ultorem,
1763 3109 1797 3168 et
1817 3108 1896 3185 ipse
1914 3125 1975 3169 non

1167 3205 1725 3282 1116111161616161,1611111616
1740 3207 1877 3281 poterit
1898 3209 1972 3267 rin·

1166 3303 1428 3364 11111111111111
1453 3303 1612 3379 Ephraim
1634 3302 1840 3378 languorem
1866 3321 1973 3376 suum,

1166 3403 1199 3463 et
1217 3400 1486 3464 Judavinculum
1503 3417 1610 3472 suum,
1636 3399 1715 3460 dum
1737 3399 1872 3477 aliquis
1901 3419 1976 3480 pec·
2043 3413 2044 3426 ³

1166 3502 1259 3560 catur
1276 3498 1467 3562 considerat
1481 3499 1650 3558 miseriam
1672 3499 1857 3574 praesentis
1873 3501 1973 3572 vilae;

1166 3599 1199 3659 et
1214 3597 1393 3668 incolatus,
1409 3597 1440 3657 et
1465 3599 1588 3673 quanto
1612 3594 1776 3671 languore
1798 3598 1921 3658 carnis
1935 3600 1973 3659 sit

1166 3695 1355 3756 vinculatus
1378 3715 1385 3754 :
1407 3699 1517 3756 Assar
1543 3693 1595 3756 est
1616 3693 1783 3766 diabolus,
1801 3695 1848 3754 ad
1879 3713 1974 3772 quem

1166 3792 1259 3854 radit
1282 3807 1434 3869 quaerens
1453 3791 1618 3852 auxilium
1641 3791 1682 3852 de
1706 3791 1893 3868 languore.
1914 3797 1975 3854 Per

1167 3890 1305 3952 delicias
1327 3889 1400 3951 vult
1431 3888 1556 3950 habere
1582 3889 1781 3960 remedium,
1813 3907 1974 3967 quaerens

1167 3988 1329 4050 auxilium
1367 3985 1409 4046 ab
1432 3986 1582 4059 inimico,
1611 3990 1648 4048 ut
1681 3987 1810 4048 dicitur
1833 3990 1870 4050 in
1902 3992 1973 4052 Na-

1167 4087 1245 4146 num
1268 4083 1392 4164 (3.11).
1416 4085 1491 4145 uon
1517 4083 1651 4145 nabent
1675 4085 1848 4145 ausurum
1876 4109 1884 4146 :
1910 4089 1973 4148 imo
2043 4069 2044 4092 ¹

316 4177 1110 4259 quaeterradaturinmanusimpii.Notandum
1166 4201 1263 4261 quem
1297 4183 1414 4244 habuit
1447 4184 1674 4258 incensorem,
1714 4183 1768 4244 uel
1810 4185 1972 4248 incento-

318 4278 543 4362 autem,qu0d
565 4277 834 4352 dicIt:Constpe,
859 4275 1110 4337 scilicetclavis
1166 4298 1247 4354 rem,
1279 4282 1312 4341 ln
1342 4282 1457 4358 culpa,
1487 4279 1621 4342 habebut
1654 4281 1797 4342 ultorem
1830 4284 1869 4344 in
1899 4300 1972 4360 ρας.

316 4391 421 4446 sacrae
447 4375 627 4452 scripturae
649 4373 922 4445 comminatoriis,
939 4375 973 4434 et
995 4371 1109 4434 iocre·
1166 4395 1225 4452 na;
1243 4379 1275 4439 et
1299 4393 1365 4438 non
1395 4377 1517 4454 poterit
1545 4375 1688 4450 salvare,
1719 4379 1755 4438 111
1784 4377 1917 4440 dieitur
1941 4382 1973 4440 in

316 4475 466 4552 potoriis,
488 4490 561 4550 quae
583 4471 686 4538 verba
708 4487 813 4536 sacrae
840 4471 1020 4548 Scripturas
1049 4486 1110 4530 nos
1167 4475 1350 4553 praemissis
1388 4474 1643 4536 auctoritatibus
1672 4473 1903 4548 threnorum,
1943 4484 1972 4538 et

315 4589 390 4633 cum
419 4575 489 4633 Deo
515 4571 662 4648 affigunt,
692 4573 726 4632 et
750 4570 791 4631 ad
820 4569 1012 4648 patiendum
1037 4583 1111 4634 cum
1167 4577 1261 4634 Osee.
1291 4575 1359 4634 Hoc
1386 4573 1448 4642 est,
1474 4571 1560 4648 quod
1590 4571 1671 4633 dicit
1696 4573 1804 4634 isaias
1832 4575 1971 4653 (31,7);

316 4671 447 4732 Christo
464 4683 523 4734 nos
543 4669 698 4742 trahunt3
713 4668 803 4728 unde
827 4668 861 4727 in
888 4666 974 4727 libro
993 4665 1110 4726 Eccle«
1167 4690 1184 4732 1
1206 4673 1370 4747 AEgpptus
1392 4686 1491 4743 vane,
1505 4671 1538 4731 61
1555 4668 1678 4730 trustra
1698 4670 1938 4734 auxiliabitur.
1954 4697 1971 4732 ι

314 4769 435 4831 slastes
450 4767 515 4848 (12,
530 4765 581 4844 11)
596 4784 631 4828 :u
645 4766 755 4828 Verba
770 4765 943 4841 sapientis,
957 4761 1110 4841 quasi'(2)

315 4867 452 4934 stimuli,
481 4867 515 4926 et
540 4865 635 4942 quasi
665 4864 754 4924 clavi
782 4865 817 4924 in
841 4863 946 4923 altum
967 4861 1111 4925 delixi.»
1167 4867 1325 4944 quoniam
1350 4869 1466 4927 contra
1492 4880 1543 4924 me
1564 4864 1709 4925 invaluit
1734 4865 1909 4940 inimicus,
1939 4871 1973 4931 nt

315 4965 436 5031 Clavus
452 4963 486 5024 tn
501 4964 596 5040 parte
615 4961 721 5024 altera
744 4959 871 5039 pungit,
888 4960 922 5021 et
936 4959 1062 5035 apertu
1080 4961 1112 5023 et
1167 4965 1290 5027 dicitur
1315 4964 1349 5029 tn
1374 4963 1515 5032 Threnis
1528 4961 1572 5040 (2,
1596 4960 1630 5041 6)
1649 4961 1710 5021 suh
1737 4962 1853 5024 littera
1869 4971 1969 5027 Phe:

293 5065 351 5130 „in
363 5063 429 5122 alta
446 5061 542 5139 parte
552 5058 693 5132 claudit,¹
703 5061 736 5122 61
750 5058 940 5133 adstringit.
952 5057 1113 5118 Similiter
1168 5081 1185 5122 11
1201 5061 1411 5139 aperuerunt
1434 5061 1582 5137 superte
1600 5075 1637 5121 os
1653 5076 1752 5120 suurn
1767 5077 1887 5123 omnes
1900 5065 1970 5124 ini-

316 5158 453 5232 111111
475 5159 534 5220 Dei
559 5157 678 5235 pungit
698 5172 766 5229 cor,
781 5157 813 5217 et
826 5157 945 5232 aperit,
957 5160 993 5216 ut
1009 5157 1111 5224 Deum
1169 5161 1246 5220 mici
1261 5161 1323 5230 tui,
1341 5157 1573 5228 sibilaverunt,
1588 5159 1620 5218 et
1642 5155 1856 5221 tremuerunt
1868 5161 1971 5224 denti-

316 5255 468 5332 recipiat.
486 5258 569 5331 Item¹
586 5256 745 5318 claudite
762 5254 896 5323 saecule,
913 5251 1111 5314 etadatrin-
1168 5257 1230 5318 bus
1258 5257 1339 5316 suis.
1365 5273 1383 5318 a
1408 5257 1478 5321 Hoc
1507 5253 1589 5318 dicit
1615 5255 1735 5316 contra
1761 5257 1911 5318 animam
1936 5259 1970 5318 in

316 5355 375 5433 git,
393 5356 429 5414 ut
444 5355 545 5414 Deum
561 5356 729 5429 receptum
742 5351 919 5414 custodiat.
936 5349 1112 5428 Apostolus
1168 5355 1331 5430 sanguine
1354 5355 1562 5430 peccatorum
1588 5353 1829 5439 conculcatam,
1853 5359 1969 5418 contra

317 5453 404 5536 (Gal.
419 5455 455 5526 2,
465 5449 497 5530 9)
512 5472 518 5510 :
535 5451 574 5512 Ut
588 5455 655 5512 Deo
666 5454 798 5529 vivam,
808 5451 944 5512 Christo
954 5449 1112 5522 conflans
1169 5469 1266 5531 quam
1280 5451 1426 5529 quotidie
1440 5451 1568 5514 inimici
1580 5453 1758 5526 venantur,
1771 5452 1850 5537 quid
1864 5469 1967 5514 accu-

353 5629 393 5702 (1)
407 5626 505 5689 116111.
522 5625 697 5704 11111111,
1204 5621 1245 5690 (1)
1263 5619 1348 5694 Vulg.
1366 5635 1372 5676 :
1387 5619 1559 5697 sapientium
1575 5617 1661 5684 sicut,

1207 4771 1288 4836 Item
1305 4770 1440 4842 tempus
1452 4769 1503 4829 est
1523 4770 1671 4842 sociandi
1688 4767 1970 4840 misericordiam,
2043 4747 2044 4812 ἶ
