4204 6402
367 339 429 400 80³
792 341 825 400 S.
853 339 1027 401 ANTONII
1057 339 1245 402 PADt'sxl
1274 341 1413 402 OPERA
1442 338 1589 402 Olmii.
1950 343 2001 403 801

368 497 461 560 terra
486 495 645 570 Zabulon,
670 497 704 558 et
731 499 821 560 terra
845 497 1070 574 Nepbtbali›;
1104 497 1161 560 ubi
1217 498 1298 574 puli,
1312 515 1387 560 cum
1400 498 1625 575 corripientur
1636 497 1773 575 propter
1783 495 1868 558 duas
1878 495 2000 576 iniqui-

371 593 488 656 Glossa
502 591 550 670 (1)
567 610 576 654 :
590 595 783 668 captivatis
797 596 1045 656 dubitator-taos
1061 600 1162 657 sauls:
1215 595 1342 668 talea»
1356 595 1485 655 scilicet
1498 594 1659 656 ultionem
1671 595 1828 656 bumana
1840 597 2000 670 vindicta,

369 690 573 766 sicexpulsis
585 691 827 767 peccatoribus,
835 691 1159 754 alleviabiturterra.
1216 693 1249 752 et
1268 692 1533 753 taciturnitatem
1548 691 1764 766 idololatriae3
1788 695 2001 769 proplerma-

370 789 464 848 blare
486 801 544 848 eos
573 788 739 863 fluctibus,
759 791 793 850 et
819 791 1014 866 tempestate
1042 790 1161 866 pulsa-
1216 787 1322 849 littam
1336 789 1515 866 propriam,
1531 790 1566 849 et
1580 789 1742 849 malitiam
1761 789 1893 862 blicbae,
1909 808 2000 866 quam

366 882 428 944 bit
443 887 511 946 Aer
522 884 665 962 lulgure,
679 888 712 947 et
726 887 896 959 tonitruis,
913 889 947 948 et
959 885 1092 948 turbiue
1102 901 1161 947 eos
1216 886 1387 946 vindicare
1399 886 1594 946 omiserunt.
1612 885 1706 946 Unde
1721 886 1945 948 Ecclesiastici
1961 889 1999 966 (7,

367 981 554 1053 ventilabit,
571 985 605 1043 et
618 981 812 1058 exagitabit.
830 984 978 1044 Flamma
995 985 1084 1059 ignis
1103 983 1162 1044 de-
1215 981 1249 1060 8)
1266 1003 1274 1040 :
1289 999 1308 1040 a
1323 985 1398 1043 Non
1411 981 1471 1043 tibi
1483 981 1532 1061 (3)
1543 983 1663 1058 alliges
1677 981 1825 1059 duplicia
1836 989 2001 1060 peccata.»

367 1079 520 1139 vorantis
540 1081 758 1157 persequetur
778 1095 848 1146 eos.
863 1082 897 1142 el
910 1079 1113 1154 molestabit3
1129 1081 1163 1142 et
1216 1079 1369 1154 Duplicia
1385 1081 1520 1155 peccata
1531 1079 1661 1154 alligat,
1673 1080 1729 1156 qui
1742 1083 1775 1140 et
1786 1083 1999 1157 teneturpro-

369 1174 416 1236 ita
437 1175 585 1236 damnati
614 1177 734 1238 coelum
757 1177 883 1239 intrare
905 1192 972 1238 nou
994 1180 1160 1254 poterunt,
1216 1176 1310 1252 prils,
1327 1177 1437 1238 etnou
1451 1176 1590 1252 corripit
1604 1176 1728 1236 aliena.

367 1271 447 1350 quia
457 1273 621 1346 tonitruo,
639 1275 673 1335 et
688 1275 820 1350 fulgure
833 1289 891 1336 eos
910 1274 1049 1336 terrebit
1067 1295 1075 1334 ε
1100 1289 1162 1335 nec
1257 1273 1439 1348 Sequitur:
1462 1274 1686 1334 Emttmastt
1709 1278 1837 1348 intqroe,
1860 1275 1925 1336 cte.
1946 1276 1999 1337 Hic

364 1368 526 1430 similiter
540 1369 574 1430 in
598 1371 666 1432 alio
690 1369 832 1432 aliorum
847 1371 1007 1432 coelorum
1023 1370 1088 1431 sibi
1111 1371 1163 1432 lo-
1216 1370 1370 1444 arguitur
1392 1371 1558 1445 peccator,
1579 1370 1656 1446 quia
1673 1371 1835 1447 patientia
1849 1373 1910 1432 Dei
1921 1373 1997 1434 abu-

368 1481 443 1526 cum
460 1467 646 1540 inveniann
662 1467 749 1528 uude
770 1467 936 1543 oportebit
954 1467 994 1530 de
1013 1467 1163 1530 uecessi-
1217 1466 1307 1527 titur.
1320 1465 1383 1527 Job
1396 1465 1461 1545 (21,
1475 1466 1530 1545 23)
1547 1487 1555 1526 :
1570 1467 1666 1529 Dedit
1677 1467 1710 1528 ei
1721 1470 1809 1528 Deus
1824 1468 1999 1546 locumpoe-

369 1563 437 1626 tate
451 1563 536 1642 quod
552 1565 587 1626 iu
599 1564 766 1627 internum
781 1565 1010 1628 detrudantur.
1217 1563 1377 1634 nitentia,
1404 1567 1439 1625 el
1452 1564 1525 1640 ipse
1538 1563 1687 1625 abutitur
1702 1580 1743 1626 eo
1756 1566 1791 1625 iu
1804 1567 1996 1643 superbiam.

1216 1660 1383 1722 Promittit
1397 1661 1562 1737 siquidem
1575 1663 1731 1738 peccator
1744 1661 1808 1722 sibi
1822 1664 1997 1739 impunita-

641 1787 781 1848 SERMO
803 1787 884 1847 XCI·
1216 1759 1281 1818 tem
1303 1759 1438 1834 propter
1452 1759 1656 1834 poeniteutiae
1677 1759 1884 1821 dilationem.
1904 1761 1937 1822 Si
1950 1762 1998 1822 ri-

1216 1869 1309 1925 xero,
1337 1853 1429 1928 dicit,
1456 1854 1541 1916 bene
1562 1855 1735 1932 penitebit
1756 1857 1791 1917 iu
1805 1858 1901 1918 senio
1914 1859 1997 1930 vitan

370 1929 412 1985 ΒΘ
427 1925 673 2026 ,ΡΜῊΓῙΨῙΨΘ
704 1927 877 2026 P⁰⁰⁰⁸J⁰fi⁸3
902 1925 1162 2028 (ΙΜῙῙΨΜῙΨ
1216 1951 1995 2033 cujusrerbabeneexprimitllalacbias(3‚15):

406 2012 501 2071 divine
519 2021 663 2086 patientia,
679 2020 708 2070 el
722 2015 842 2086 qualiter
863 2013 899 2072 de
915 2013 1055 2072 beneflcio
1070 2029 1163 2088 argur-
1217 2051 1302 2124 Ergo
1319 2065 1406 2110 nuno
1419 2048 1534 2111 beatos
1553 2050 1695 2112 dicimus
1719 2055 1919 2127 arrogantes
1933 2075 1940 2088 ,
1955 2054 1998 2112 Si·

406 2109 460 2160 tur.
478 2101 703 2174 lleprebeuditur
718 2110 850 2174 peccator
864 2117 920 2159 non
942 2103 1034 2160 solum
1048 2101 1084 2159 de
1099 2117 1159 2161 ma·
1262 2145 1270 2158 .
1417 2147 1423 2158 .
1509 2147 1515 2158 .
1682 2148 1688 2160 .
1794 2149 1801 2162 .
1865 2149 1873 2162 .
1933 2099 1939 2112 '

406 2189 464 2247 litia
477 2191 602 2262 proprie,
617 2189 669 2247 sed
681 2189 717 2246 de
731 2191 835 2256 aliena,
856 2205 942 2262 quam
958 2191 987 2247 in
998 2191 1163 2264 uliurepre
1217 2145 1348 2222 qmdem
1361 2146 1518 2208 aedfflcan
1533 2150 1611 2256 ⁸⁰⁰}
1625 2145 1997 2260 ramentefflmpffltftem!

406 2276 530 2336 bendere
545 2279 712 2347 contemnit,
727 2285 756 2334 e,
774 2279 887 2335 omittit.
1218 2245 1483 2318 provocaverunt
1507 2247 1684 2306 Dominum
1705 2244 1764 2324 (4),
1786 2247 1917 2308 etsalrr
1932 2247 1999 2308 laeti

1218 2341 1305 2411 sunl.
1318 2343 1358 2402 st
1373 2342 1501 2403 utinam
1525 2342 1735 2404 attenderent
1749 2344 1836 2420 quod
1859 2343 2000 2404 subditur

370 2413 594 2488 nauseam,
623 2413 657 2474 θ(
685 2414 788 2474 laeua
810 2413 1036 2476 aestimasti
1048 2416 1164 2488 12qu
1218 2437 1339 2498 insuam
1362 2437 2000 2518 (3,18):‹convertimiui(5)‚etride-

410 2513 570 2586 diodero
585 2511 636 2572 tut
650 2513 775 2572 amon
789 2529 801 2570 -·
822 2511 1033 2586 nrpuamta
1047 2511 1164 2572 etsta»
1217 2532 1306 2604 bitis,
1323 2535 1402 2610 quia
1417 2535 1561 2596 situta-
1578 2535 1727 2613 impium,
1756 2539 1790 2598 et
1809 2540 1947 2615 justum,
1973 2539 2000 2598 et

412 2609 508 2668 01070
530 2607 651 2668 ‘millia
665 2609 791 2681 satiem
805 2608 912 2668 01070·
939 2605 1042 2686 (Pm-
1058 2611 1108 2680 492
1123 2609 1165 2668 2⁰
1218 2631 1306 2692 iuter
1319 2631 1530 2705 servientem,
1546 2635 1578 2695 et
1593 2649 1659 2695 non
1674 2635 1889 2697 seruientiem
1902 2639 2000 2696 Deo.»

411 2706 444 2766 θῐ
458 2703 525 2782 21·)
1218 2729 1310 2800 Quod
1321 2727 1458 2790 verbum
1474 2731 1828 2808 magisexplauaturiu
1838 2731 1999 2809 eodem(l,

412 2837 475 2898 Hic
502 2835 660 2898 notantur
685 2834 762 2910 tria,
779 2835 907 2898 scilicet
931 2835 1163 2914 prevaricatio
1219 2824 1250 2904 1)
1266 2847 1273 2884 =
1290 2843 1309 2886 ⁴<
1324 2829 1408 2888 Ecce
1423 2828 1535 2888 veniel
1562 2828 1633 2889 dies
1656 2843 1838 2890 succensus
1855 2829 1904 2908 (6)
1917 2829 2001 2906 quasi

373 2935 571 3012 peccatoris,
602 2949 676 2994 cum
698 2933 779 2996 dicit
802 2955 809 2994 ε
835 2937 919 2995 Hoc
947 2935 1077 3008 sectstt,·
1111 2948 1165 2994 se-
1218 2924 1370 2983 caminus
1398 2945 1405 2982 :
1436 2925 1469 2985 et
1494 2926 1594 2986 eruut
1617 2940 1731 2988 omnes
1746 2925 1895 3002 superbi,
1910 2932 1942 2989 et
1954 2925 2000 2986 la-

374 3031 482 3094 cundo
504 3031 617 3092 divina
634 3030 806 3106 patientia,
822 3045 896 3092 cum
913 3029 1084 3092 subditur:
1101 3033 1165 3092 To·
1219 3021 1346 3082 cientes
1358 3020 1581 3098 iniquitatem,
1596 3021 1743 3098 stillula:
1764 3023 1798 3084 ei
1817 3023 2001 3084 inflamma·

372 3131 445 3200 cnl:
469 3127 582 3190 Tertio
607 3127 803 3188 beneficium
827 3127 959 3188 Domini
979 3127 1162 3204 arguentis,
1218 3117 1266 3180 bit
1278 3133 1335 3180 eos
1351 3117 1423 3179 dies
1434 3118 1583 3190 veniens,
1599 3118 1679 3181 dicit
1693 3120 1854 3182 Dominus
1880 3121 2001 3182 exerci-

374 3242 449 3287 oum
463 3225 788 3300 uicltznrpnumta
812 3225 846 3286 et
866 3225 1020 3286 statuum
1042 3225 1165 3286 contra
1218 3216 1324 3287 tuum,
1350 3215 1406 3292 qui
1431 3217 1531 3276 etiam
1558 3215 1687 3278 auferet
1711 3215 1759 3296 (7)
1793 3217 1951 3289 radicem,
1975 3219 2002 3278 et

373 3324 497 3397 famem
518 3324 626 3383 ticum.
644 3321 910 3397 Reprehenditur
928 3322 1085 3398 peccator
1098 3335 1164 3381 uon
1219 3327 1367 3388 germen.
1384 3328 1402 3371 a
1417 3315 1559 3374 German
1583 3316 1634 3376 est
1654 3314 1822 3390 superbia,
1852 3318 1889 3377 et
1914 3315 2001 3376 elatio

375 3419 481 3480 solum
508 3417 548 3479 de
577 3417 704 3478 malitia
729 3418 874 3494 propria,
903 3417 960 3479 sad
977 3418 1017 3480 ua
1041 3417 1164 3492 aliena,
1220 3409 1493 3487 saecularisque
1508 3411 1786 3488 quasiexradice
1804 3413 2001 3488 proceditur
2058 3461 2059 3480 ,

375 3529 472 3594 quam
492 3515 527 3576 ln
549 3514 626 3576 aliis
645 3514 893 3591 reprehendere
912 3515 1105 3587 contemnit,
1134 3516 1167 3576 et
1220 3506 1425 3568 abundantia
1449 3508 1637 3583 temporali·
1668 3509 1752 3570 Hinc
1769 3511 1877 3571 laetas
1894 3508 1955 3589 (42,
1970 3511 2000 3568 tl

376 3613 515 3685 omittit:
532 3612 619 3674 uude
633 3615 716 3675 Osee
733 3610 796 3690 (10,
813 3610 846 3690 0)
862 3614 955 3673 :an
969 3611 1085 3674 diebus
1096 3614 1166 3674 (la-
1221 3606 1254 3665 et
1269 3601 1321 3682 15)
1339 3621 1346 3666 :
1363 3620 1382 3664 a
1405 3605 1508 3666 Tacui
1534 3620 1677 3683 semper,
1706 3605 1797 3679 silui,
1826 3609 1860 3668 et
1885 3607 2001 3685 patiens

375 3709 438 3772 baa
466 3709 615 3788 peccavit
640 3709 755 3780 lsrael,
778 3709 824 3771 ibi
851 3695 1058 3772 steterunt.»
1080 3709 1167 3771 Satis
1221 3701 1281 3773 lui,
1302 3701 1397 3778 quasi
1410 3699 1459 3780 (8)
1475 3702 1665 3777 parturiens
1680 3701 1809 3780 loquar,
1831 3703 2000 3779 dissipabo,

376 3809 454 3870 uota
468 3809 519 3869 est
531 3807 682 3879 historia,
698 3807 784 3884 quod
800 3809 935 3885 propter
947 3822 1086 3868 uxorem
1099 3808 1166 3867 Le·
1222 3801 1255 3860 et
1275 3797 1459 3860 absorbebo
1484 3799 1599 3874 simul;
1617 3799 1766 3862 desertos
1778 3800 1903 3863 taciem
1921 3815 2001 3862 mou-

375 3906 453 3968 vitae
472 3920 492 3967 a
512 3903 708 3982 quibusdam
737 3903 778 3964 de
804 3903 978 3980 Benjamiu
1010 3903 1166 3971 occisam,
1222 3897 1283 3969 tes,
1305 3898 1338 3958 et
1361 3897 1475 3966 colles
1501 3897 1714 3974 »Dissipabo
1740 3899 1857 3971 malos,
1889 3897 2001 3960 scilicet
2057 3947 2058 3994 ,

377 4003 493 4065 contre
518 4017 600 4080 quos
624 4001 798 4062 moverunt
818 3997 942 4061 bellum
970 4001 1031 4061 illii
1044 4000 1166 4072 Israel,
1223 3995 1279 4070 qui
1293 3993 1390 4055 modo
1410 3993 1555 4055 connexi
1569 3993 1610 4054 ad
1626 3995 1752 4055 malum
1773 3997 1864 4064 sunt,
1888 3993 2002 4072 dequi-
2057 3995 2058 4041 l

377 4113 517 4178 quorum
542 4097 687 4158 maxima
714 4095 890 4157 mullitudo
914 4095 1086 4158 interiecta
1108 4096 1170 4158 luit
1223 4091 1284 4152 bus
1300 4091 1576 4170 Nabum(1‚10):‹
1591 4091 1683 4153 Sicut
1698 4091 1801 4168 spiuae
1816 4109 1854 4154 se
1870 4093 2000 4155 invicem

378 4195 412 4256 iu
430 4195 548 4271 primo,
571 4195 604 4254 et
627 4191 772 4254 secundo
794 4208 986 4268 congressu,
1003 4209 1069 4254 uon
1083 4193 1168 4270 quod
1224 4188 1496 4266 complectuntur,
1520 4189 1569 4250 sio
1582 4190 1912 4251 convivium-eorum
1926 4189 2002 4266 pari·
2056 4163 2057 4250 l

378 4291 537 4370 injustam
551 4305 685 4352 causam
703 4288 865 4351 haberent
880 4289 1033 4351 movendi
1045 4289 1168 4351 bellum
1223 4286 1275 4347 ter
1287 4287 1482 4362 potantium.
1499 4287 1538 4347 Et
1561 4285 1745 4347 absorbebo
1760 4287 1861 4348 simul
1876 4289 2000 4356 montes,

379 4389 494 4452 contra
507 4387 680 4465 Benjamiu
694 4387 1088 4464 propterultiouemtanti
1102 4401 1171 4449 sce-
1224 4385 1321 4444 etc.»
1350 4382 1440 4444 Idesi
1461 4381 1621 4459 superbos
1644 4383 1814 4445 rotrudam
1841 4385 1878 4445 in
1907 4385 2000 4460 iguem

379 4485 472 4559 laris,
485 4485 541 4548 sed
555 4499 594 4546 co
610 4482 658 4562 (2)
674 4483 760 4560 quod
776 4483 998 4546 idololatriam
1016 4485 1051 4546 iu
1073 4484 1169 4547 domo
1225 4481 1396 4541 aeternum.
1412 4479 1507 4542 Unde
1517 4481 1624 4542 isaias
1640 4479 1765 4560 (l,31):
1782 4498 1801 4541 a
1821 4483 1895 4544 Erit
1915 4481 1999 4542 lorti·

380 4585 500 4648 Micllae
520 4599 585 4645 uon
602 4581 851 4655 subverterunt3
862 4583 895 4643 et
908 4581 982 4644 ideo
998 4578 1102 4645 dicit:
1122 4585 1171 4644 Du
1224 4577 1303 4639 tudo
1319 4579 1431 4639 vestra
1453 4577 1540 4639 sicut
1554 4578 1677 4654 stipula
1696 4576 1756 4655 (9),
1780 4581 1914 4655 etopus
1934 4591 2000 4639 res·

380 4681 496 4744 diebus
512 4679 624 4743 (labae
639 4680 789 4757 peccavit
800 4681 914 4756 lsrael,
931 4681 977 4742 ibi
989 4683 1169 4755 steteruut;
1224 4677 1311 4736 trum
1325 4675 1411 4737 sicut
1423 4675 1510 4750 iguis
1526 4672 1647 4752 (10)‚et
1657 4675 2002 4740 succendeturutrum·

380 4779 415 4842 in
430 4779 575 4858 peccetis
590 4777 636 4838 ibi
652 4779 915 4855 permanserunt.
932 4779 1060 4840 Accidit
1070 4779 1170 4840 etiam
1226 4789 1288 4851 que
1308 4773 1418 4843 simul,
1436 4773 1469 4833 et
1481 4787 1546 4832 uon
1560 4773 1625 4833 erit
1638 4773 1695 4849 qui
1708 4773 1898 4862 extinguat.

380 4889 423 4938 ex
437 4891 488 4947 eo,
504 4873 589 4951 quod
610 4874 751 4952 quodam
771 4875 917 4936 naturali
944 4875 1068 4951 impetu
1090 4875 1170 4936 rin·
1264 4875 1421 4946 aronam
1437 4870 1480 4942 te,
1508 4869 1588 4931 dicit
1608 4869 1778 4940 Dominus,
1808 4871 1843 4930 ct
1864 4871 2000 4932 statuam

381 4965 910 5049 dictambonilnispotius‚quam
932 4971 992 5032 Dei
1012 4971 1170 5048 injuriam
1227 4968 1532 5040 tecentrnsocicm
1555 4967 1668 5037 tunam
1692 4966 1788 5042 quasi
1809 4963 1999 5037 dicat:Quia
2054 4959 2055 5000 ³

382 5069 553 5131 vindicare
568 5069 754 5131 voluerunt.
778 5069 872 5131 Unde
885 5069 1036 5145 sequitur
1060 5068 1169 5146 (Osee,
1226 5065 1322 5126 modo
1338 5063 1441 5124 babes
1456 5063 1631 5123 adversam
1647 5061 1778 5135 taciem,
1793 5066 1826 5125 et
1838 5064 1932 5141 quasi
1942 5061 2001 5139 posi
2054 5053 2055 5136 l

383 5167 432 5242 10,
449 5165 501 5246 10)
518 5181 524 5226 :
541 5166 870 5243 «congregabuntur
895 5179 996 5242 super
1022 5181 1083 5226 eos
1108 5179 1170 5243 po-
1226 5163 1372 5234 dorsum,
1389 5175 1450 5237 ego
1466 5173 1586 5237 ponam
1602 5175 1676 5220 eam
1691 5163 1768 5221 aute
1787 5163 1832 5222 te.
1844 5161 1926 5222 Boni
1940 5158 2001 5236 qui·

395 5282 397 5288 ¹
419 5306 461 5390 (1)
476 5306 574 5388 Glosse
596 5304 790 5374 hebraicude
809 5321 865 5380 qua
890 5303 954 5362 vide
974 5305 1127 5378 Lyranum,
1143 5313 1173 5363 et
1262 5303 1291 5372 (5
1323 5301 1409 5373 vulg.
1426 5317 1432 5400 f
1450 5299 1671 5358 convertemini.

382 5379 410 5438 δ’
428 5379 592 5530 gregum
602 5375 1170 5530 iiiviriffb'onm.{nosseqloeouuu
1262 5374 1291 5516 (ξ
1324 5371 1410 5515 guig.
1426 5415 1435 5498 ¹:
1449 5385 1778 5524 qluffienlffi'dereuuquet
1789 5439 1841 5498 eia.

383 5451 522 5578 Hebraico
539 5516 613 5591 apud
629 5519 909 5602 Lyrsuummc.20,
924 5516 1015 5576 ludia.
1263 5515 1291 5586 (8
1323 5515 1409 5586 vulg.
1426 5527 1433 5568 :
1450 5519 1551 5594 ειουῑ.Ι

419 5591 448 5663 (3
472 5589 817 5664 Vulg.:Nequeolllges.
1262 5586 1291 5653 (9
1323 5585 1378 5641 vul
1403 5589 1482 5640 ‚zui
1497 5581 1591 5642 invilla
1607 5587 1727 5654 stuppa.

2052 5863 2053 5902 l

2050 6225 2052 6377 l

418 5663 447 5734 (t
468 5661 553 5734 Vulg.
572 5664 769 5716 :tentaverunt
782 5660 881 5716 Deum
1263 5655 1323 5726 (10)
1336 5598 1436 5727 Vufga
1451 5665 1532 5724 quasi
1547 5652 1679 5709 scintilla.
