4114 6396
78 295 153 360 lom

77 454 259 526 bominum,
275 451 458 524 volucrum,
469 449 730 529 quadrupedum,
747 448 866 513 etser-

78 549 236 627 pentium,
249 550 336 612 sicut
347 547 623 624 dicitnpostolus.
633 543 866 624 (Rom.,1,ae.)

77 647 148 721 Vel,
165 663 284 723 equam
299 646 548 722 in·sanguinem
569 646 699 706 mutere
718 643 768 706 est
786 658 865 704 car·

78 744 199 806 naliter
219 743 260 804 de
275 746 341 804 Deo
360 743 495 815 sentire,
512 742 565 803 vel
584 741 765 803 secundum
787 755 867 815 pru·

78 842 223 902 dentiam
245 841 369 912 cernis,
381 840 433 901 vel
449 839 562 902 mundi
579 853 715 916 superer
732 835 819 899 unde
831 837 867 898 in

78 940 141 1000 hac
160 953 246 1015 equa
261 938 369 1014 pisces
384 937 583 998 moriuntur.
601 934 731 1014 (Exodi,
752 937 782 1008 7,
799 930 866 1012 21.)

78 1035 264 1097 Secundum
288 1033 480 1096 mandatum
496 1055 504 1095 r
520 1036 599 1098 Non
623 1045 779 1094 assumes
800 1043 866 1092 rto·

76 1149 156 1194 men
166 1135 303 1193 Domini
311 1134 375 1194 Det
385 1132 436 1192 tut
450 1133 487 1191 tn
497 1143 627 1192 conum
640 1128 747 1206 (ibid,
758 1129 808 1199 20,
817 1126 865 1206 l),

76 1230 162 1290 idest
176 1245 196 1290 a
212 1229 353 1290 veritate
366 1243 432 1290 non
447 1226 584 1288 recedes
599 1225 708 1288 eundo
722 1225 757 1286 iu
771 1224 869 1286 vani·

77 1327 199 1399 interm
222 1326 309 1402 quod
335 1323 463 1388 iaciunt
486 1323 542 1401 qui
567 1325 751 1399 sequuntur
767 1336 866 1389 vene,

77 1425 111 1484 et
141 1422 325 1493 mendacia,
360 1421 569 1486 adhaerentes
607 1417 865 1495 temporalibus,

77 1519 164 1582 unde
178 1518 357 1596 Apostolus
374 1517 418 1597 (ΙΙ
437 1519 524 1589 Con,
544 1519 575 1588 6,
593 1515 626 1595 1)
645 1539 654 1578 ι
672 1517 869 1580 Hortamur

77 1633 148 1690 vos,
164 1632 208 1678 ne
219 1619 257 1678 tn
268 1629 416 1678 nocuum
430 1615 586 1691 pretium
596 1617 660 1676 Det
674 1613 868 1684 recipietis:

78 1713 141 1776 hoc
162 1714 223 1784 est,
240 1729 315 1774 cum
339 1727 412 1774 eam
436 1711 642 1787 receperitis,
657 1725 725 1774 non
745 1725 806 1772 uos
827 1723 868 1772 ea

78 1825 137 1888 per
149 1811 319 1887 peccatum
334 1809 515 1872 evacuetis.
532 1808 595 1879 Qui
608 1807 671 1870 boc
684 1805 774 1878 lacit,
786 1819 867 1881 per-

77 1908 201 1970 cutitur
210 1908 308 1985 plaga
319 1905 475 1968 secunde.
485 1905 570 1968 Huic
580 1903 757 1984 respondet
769 1902 867 1979 plage

78 2020 247 2075 ranarum,
257 2019 316 2080 per
325 2019 407 2080 ques
416 2003 661 2078 signeturrana
671 2000 866 2077 loquacitas

79 2102 252 2179 dequibus
273 2101 396 2162 dicitur
414 2097 517 2178 (Psoi.
533 2101 582 2171 11,
598 2095 631 2177 8)
647 2121 654 2160 ι
668 2115 687 2158 s
701 2101 796 2160 Vana
816 2097 868 2158 lo-

79 2196 866 2274 cutisuntunusquisqueadproximumsuumn

79 2297 111 2357 et
124 2295 303 2372 sapientise
317 2293 380 2373 (13,
398 2294 449 2371 1):
466 2309 484 2353 t<
499 2293 585 2356 Vani
596 2294 673 2353 sunt
685 2307 798 2353 omnes
813 2291 869 2352 ho·

77 2393 195 2465 mineo,
212 2390 379 2468 inquibus
394 2404 461 2452 non
477 2391 528 2452 est
541 2389 680 2452 scientia
690 2405 710 2449 s
720 2385 779 2466 (1).
792 2389 869 2450 Ter·

78 2489 161 2550 tium
180 2489 371 2550 mandatum
395 2489 446 2552 est
471 2487 699 2558 sanctificatio
718 2485 867 2556 sconart,

78 2586 164 2648 idest
176 2585 309 2663 requies
322 2585 453 2652 mentis,
462 2585 518 2646 cui
528 2583 698 2646 contraria
710 2580 868 2658 estplagu

78 2684 278 2760 sciniphum,
296 2697 369 2760 qum
388 2681 466 2744 suut
484 2695 607 2744 muscm
629 2678 866 2749 subtilissimae,

78 2783 111 2841 et
125 2781 293 2857 inquietae,
310 2792 369 2855 per
391 2793 474 2856 quas
496 2777 728 2852 intelliguntur
749 2775 868 2840 mentis

78 2877 296 2953 cogitationes
318 2877 425 2953 ipsam
448 2873 690 2952 perturbantes.
708 2873 868 2944 Quartum

78 2975 270 3036 mandatum
287 2975 337 3038 est
352 2994 360 3033 ε
376 2976 523 3036 Honora
543 2973 683 3046 patrem
703 2973 811 3042 tutem,
835 2972 868 3034 ct

77 3073 228 3134 matrem
242 3071 348 3142 tuom,
364 3069 418 3130 cui
430 3068 608 3146 respondet
618 3069 727 3144 plaga,
741 3067 870 3130 scilicet

76 3184 193 3230 musca
207 3167 327 3230 canina
344 3165 403 3246 (2).
431 3166 591 3230 Parentes
611 3165 701 3228 enlm
723 3181 790 3230 uon
806 3163 869 3226 bo-

78 3280 210 3336 norare,
226 3265 382 3326 caninum
402 3265 453 3326 est
466 3280 475 3337 ;
489 3277 590 3324 cenes
605 3263 693 3324 enim
708 3261 789 3325 caeci
801 3277 867 3324 na·-

77 3363 227 3433 scuntur,
243 3377 305 3423 nec
320 3362 474 3437 parentes
497 3374 576 3423 suos
597 3361 793 3436 agnoscunt,
810 3359 868 3420 sed

77 3459 285 3536 despiciunt3
300 3458 388 3519 unde
404 3457 630 3519 Ecclesiastici
643 3454 688 3534 (3,
699 3455 769 3535 11);
784 3459 869 3518 ‹Be-

76 3557 223 3622 nedictio
244 3557 349 3632 putris
368 3553 543 3615 confirmat
564 3552 678 3614 domos
700 3553 867 3614 filiorum:

77 3655 267 3716 maledictio
293 3653 403 3713 autem
430 3650 546 3712 matris
569 3649 718 3712 eradicat
744 3647 868 3709 lunda·-

77 3753 199 3813 menta.
216 3767 234 3810 ε
248 3750 404 3822 Quintum
418 3747 611 3810 mandatum
627 3745 679 3808 est
693 3763 700 3802 :
716 3749 794 3809 Noc
808 3761 868 3808 oc·

74 3853 179 3920 eides,
192 3849 246 3909 cui
258 3847 436 3924 respondet
451 3845 535 3906 cinis
550 3843 672 3904 missus
686 3843 720 3904 iu
736 3844 868 3916 ooelum,

75 3945 117 4006 de
140 3962 204 4023 quo
220 3945 315 4007 lactte
337 3944 417 4005 suut
437 3941 588 4013 vessicae,
602 3941 726 4015 ulcera,
743 3943 776 4003 et
796 3941 869 4006 ter-

74 4042 169 4104 buree
185 4039 244 4120 (3).
260 4041 354 4103 Unde
367 4040 507 4101 illoesa:
524 4039 649 4105 Ardent
663 4039 751 4098 enim
766 4037 871 4100 hemi·

75 4141 161 4202 cidae
181 4140 243 4211 ira,
259 4141 293 4200 et
308 4138 452 4210 insania,
475 4151 617 4214 quorum
632 4135 819 4198 animarum
840 4135 869 4202 si

74 4237 267 4298 videremus
286 4237 437 4307 vulnere,
462 4235 689 4297 inveniremus
713 4233 869 4308 graviora

77 4331 257 4391 ulceribus.
277 4332 338 4391 vel
351 4333 400 4392 sic
417 4352 424 4392 :
441 4333 575 4394 Ardent
585 4335 680 4396 enim
692 4333 871 4393 bomtotdre

75 4431 146 4498 tra,
168 4428 201 4487 et
221 4431 369 4498 trecento,
390 4443 537 4501 cuorum
562 4433 638 4503 ptus
656 4428 799 4504 lugeres,
816 4428 870 4488 vel

73 4531 259 4600 ptonpcres
279 4527 426 4597 opinior,
446 4527 478 4584 st
496 4527 643 4598 adderes,
660 4541 766 4599 prtum
780 4531 872 4588 utre·

75 4623 240 4683 rotonum
264 4635 411 4695 corpora
429 4617 487 4698 (4).
510 4622 647 4682 Sextum
668 4623 870 4700 preceptum

75 4721 128 4782 est
142 4739 149 4780 ε
164 4722 244 4782 Non
266 4719 500 4789 moectaoerts,
523 4717 586 4778 hoc
607 4719 670 4790 est,
691 4735 758 4781 non
779 4735 872 4783 com-

113 4939 155 5009 (l)
171 4938 257 5010 vulg.
275 4953 283 4995 t
299 4935 327 4994 lu
343 4935 445 5010 quibus
464 4950 521 4994 non
537 4935 636 4994 subest
650 4945 791 4996 secretum
807 4940 869 4998 Det.

114 5011 157 5078 (i)
173 5012 215 5068 Ex
229 5011 328 5067 Glossa
341 5008 403 5065 ord.

112 5081 154 5206 33)
171 5084 205 5138 Ε(
219 5079 348 5138 terburoe.
362 5078 446 5147 (Vide
459 5079 680 5140 annotationem
695 5079 736 5148 tl)
748 5081 784 5140 ed
797 5097 868 5156 pre·

74 5165 110 5206 co
132 5150 235 5206 endum
256 5151 422 5208 Sermonem
438 5149 626 5218 crement.
645 5151 737 5222 1075.)

113 5221 156 5290 (l)
172 5223 271 5278 Glossa
285 5220 345 5276 ord.
360 5237 366 5277 :
381 5219 438 5276 bic.

113 5293 155 5362 (5)
172 5293 239 5360 Qum
250 5289 302 5347 luit
313 5305 388 5347 mors
399 5289 550 5361 pecudum.
565 5290 647 5347 Sexta
657 5291 772 5374 AEgyptl
785 5292 870 5366 plaga

76 5359 191 5418 luerunt
206 5383 216 5412 ι
233 5362 327 5420 ulcera
341 5361 517 5420 vessicarum
533 5361 708 5434 turgentium
732 5377 761 5419 m
777 5362 869 5424 bomi-

77 5433 172 5496 nibus,
184 5439 211 5492 et
226 5431 362 5500 iumentis
376 5453 386 5486 ι
401 5446 410 5501 ;
426 5433 523 5504 quintu
544 5447 622 5500 vero,
633 5448 709 5490 neers
721 5435 868 5506 pecudum,

75 5505 117 5562 uti
137 5503 240 5579 legitur
260 5501 350 5561 Exodi
373 5515 436 5574 cap.
461 5501 488 5574 9,
512 5517 586 5561 vers.
606 5503 624 5562 d
642 5509 671 5560 et
691 5503 733 5562 10.
752 5507 868 5576 Verum,

450 294 560 358 Pntts
590 293 734 356 PRIMA.
750 317 792 338 -
810 291 1030 358 mommo
1059 295 1105 358 IN
1136 295 1338 360 Psuumoe

1633 294 1764 358 tots.

921 451 1094 515 miscearis
1109 452 1223 526 alicui,
1239 453 1379 530 excepto
1400 449 1524 516 loedere
1539 451 1714 514 matrimo-

921 549 980 610 nii.
998 550 1060 621 Qui
1083 551 1187 614 fraena
1211 551 1305 612 laxat
1329 549 1484 622 luxuriae,
1505 548 1593 611 etin
1620 564 1660 610 ea
1679 563 1716 612 se
1836 632 1838 638 Ι

921 645 1099 724 immergit,
1121 647 1305 726 percutitur
1326 647 1420 710 sexte
1438 646 1548 724 plaga,
1566 661 1638 724 quse
1654 643 1716 707 luit

921 759 1011 804 mors
1021 744 1183 820 pecudum
1200 741 1259 822 (5),
1275 743 1361 804 idest
1375 743 1416 803 ad
1430 743 1563 808 modum
1577 741 1714 820 pecudis

922 855 988 904 non
1004 839 1143 902 intrabis
1167 842 1290 902 terrem
1313 840 1446 901 aeternae
1469 837 1713 918 promissionis,

922 937 999 1014 quia
1014 939 1047 1000 te
1062 937 1204 1000 similem
1219 937 1369 1016 jumento
1385 936 1504 1012 fecisti,
1517 937 1614 1013 juxte
1633 937 1716 998 1οε-

922 1035 986 1095 lem
1010 1031 1124 1112 (1,17)
1144 1056 1151 1094 :
1175 1050 1193 1094 ε
1213 1033 1492 1112 computruerunt
1509 1034 1658 1110 jumenta
1679 1033 1715 1092 in

922 1133 1069 1194 stercore
1084 1147 1156 1192 suo.
1173 1148 1192 1192 s
1208 1132 1390 1208 Septimum
1405 1129 1597 1191 mandatam
1614 1131 1716 1193 :Non

921 1231 1106 1302 mrceerts,
1119 1227 1174 1289 cui
1188 1227 1366 1304 respondet
1380 1227 1478 1303 plage
1492 1225 1678 1302 grandinis,
1694 1239 1715 1288 ε

922 1339 987 1400 que
1011 1325 1206 1401 percutitur.
1233 1321 1625 1396 carlummannum
1648 1323 1716 1384 Do-

922 1421 1005 1484 mini
1022 1422 1060 1482 in
1079 1421 1191 1484 tuturo
1213 1420 1482 1496 grandinabltur,
1497 1419 1576 1496 quie
1597 1417 1639 1480 de
1661 1431 1716 1480 se·

923 1517 1013 1579 creto
1027 1518 1089 1579 Dei
1103 1518 1255 1593 consilio,
1272 1519 1403 1589 mentis,
1421 1518 1455 1579 et
1465 1515 1577 1578 cordis
1592 1513 1716 1576 duritia

922 1615 1188 1690 grandinabitur,
1199 1617 1232 1677 et
1241 1614 1437 1680 vastabitur.
1448 1615 1608 1676 Octamm
1619 1627 1717 1673 man·

923 1711 1034 1773 datum
1050 1713 1100 1778 est
1114 1731 1122 1771 r
1138 1713 1353 1786 Nortsattltm
1364 1712 1599 1774 testemonium
1610 1711 1714 1780 dices,

923 1809 977 1870 cui
989 1807 1168 1885 respondet
1180 1808 1321 1880 locusta,
1338 1823 1357 1868 a
1375 1823 1440 1885 qua
1461 1807 1623 1869 vastatur.
1637 1804 1717 1866 Fal-

923 1921 979 1965 sus
994 1904 1083 1965 enim
1102 1903 1196 1966 testis
1216 1905 1268 1966 est
1282 1903 1369 1966 sicut
1383 1903 1522 1974 locuste,
1537 1901 1617 1979 quia
1628 1900 1717 1962 sicut

922 2002 1051 2064 locusta
1061 2003 1203 2078 segetes,
1218 2001 1267 2062 sic
1279 2001 1383 2062 falsus
1394 2000 1490 2062 testis
1504 1999 1592 2060 benc
1605 1998 1717 2074 proxi·-

922 2098 968 2159 mi
983 2099 1036 2160 sui
1049 2097 1227 2159 incidendo
1240 2097 1415 2160 consumit.
1432 2097 1566 2158 Nonum
1581 2094 1716 2156 menda·

921 2197 991 2256 tum
1002 2199 1070 2258 est:
1081 2199 1159 2258 Nou
1172 2197 1391 2269 concupisces
1401 2194 1717 2266 umorempromtmt

923 2293 985 2365 tut,
1002 2292 1057 2354 cui
1077 2289 1256 2368 respondet
1280 2290 1377 2368 plaga
1391 2289 1550 2351 tenebre.
1575 2288 1639 2360 Qui
1652 2288 1717 2350 boo

923 2387 1013 2462 lacit,
1038 2389 1172 2466 ponitur
1192 2389 1228 2448 in
1257 2387 1427 2460 tenebris3
1457 2385 1546 2448 unde
1569 2385 1715 2446 Glossa:

922 2504 941 2545 ι
955 2487 1011 2548 Nil
1032 2487 1099 2548 tam
1114 2484 1204 2550 dolet
1218 2486 1364 2562 petiens,
1381 2485 1429 2544 nil
1445 2485 1513 2545 tarn
1528 2481 1633 2544 nollet
1646 2482 1717 2558 pati

922 2581 1060 2645 iaciens.
1077 2583 1246 2646 Decimum
1261 2582 1454 2643 mandatum
1469 2581 1522 2641 est
1533 2597 1540 2640 :
1552 2583 1631 2642 Non
1641 2593 1718 2640 cou-

922 2685 1076 2756 cupisces
1094 2697 1171 2743 rem
1193 2683 1350 2755 proctmt
1373 2679 1435 2751 tut,
1458 2677 1513 2740 cui
1536 2675 1717 2754 respondet

923 2794 1013 2839 mors
1024 2779 1335 2855 primogenitorum
1347 2776 1415 2836 nisi
1427 2775 1545 2836 credas
1557 2775 1717 2850 tanquam

923 2876 1162 2953 primogenitus
1178 2878 1263 2952 eJ'us,
1280 2872 1459 2936 succedere
1473 2873 1506 2933 ei
1522 2871 1555 2934 in
1573 2869 1718 2933 baeredi-

922 2975 1034 3036 tatem.
1054 2973 1145 3044 Quod
1165 2973 1195 3035 si
1210 2971 1341 3045 leceris,
1358 2973 1391 3032 et
1408 2971 1473 3031 boc
1487 2968 1715 3045 concupisces,

923 3063 1402 3146 perdidistllidem,quesquesi
1413 3069 1464 3128 est
1475 3064 1715 3143 primogenitu

922 3167 956 3228 et
971 3167 1139 3228 multoties
1154 3165 1332 3230 heredem.
1355 3167 1426 3226 Hoc
1445 3163 1534 3225 enim
1555 3177 1645 3238 supe
1658 3161 1716 3223 ri·-

923 3265 1038 3327 demus
1051 3265 1085 3325 in
1097 3263 1211 3325 multis
1224 3263 1442 3341 principibus,
1456 3263 1491 3322 et
1500 3259 1647 3336 regibus,
1659 3257 1717 3336 qul

922 3363 1043 3425 tollunt
1052 3363 1175 3424 terram
1188 3374 1382 3438 pauperum,
1391 3360 1423 3421 et
1433 3357 1626 3436 opprimunt
1635 3369 1719 3433 quos

923 3457 1169 3537 possunt,quod
1183 3457 1326 3535 perdunt
1338 3457 1426 3518 tilios
1439 3469 1530 3529 suos,
1541 3454 1620 3531 qma
1632 3453 1720 3514 alios

923 3555 1149 3620 exhaeredent.
1171 3555 1251 3616 Item
1277 3555 1319 3614 de
1340 3551 1605 3614 sancttlicatione
1634 3548 1717 3610 sab-

923 3652 1003 3723 beb,
1027 3652 1182 3713 Jeremiae
1204 3648 1269 3727 (17,
1293 3651 1331 3710 21
1352 3651 1386 3711 et
1406 3647 1465 3727 22)
1485 3669 1492 3707 :
1509 3663 1529 3707 ε
1546 3645 1720 3709 custodite

923 3749 1211 3817 animusvestras,
1233 3747 1266 3807 et
1286 3745 1390 3806 nolite
1409 3747 1543 3821 portare
1566 3741 1718 3819 pondera

923 3846 958 3906 in
974 3845 1028 3906 die
1047 3843 1187 3915 sabbati,
1203 3857 1266 3904 nec
1287 3839 1440 3903 inieratis
1455 3855 1516 3918 per
1529 3840 1643 3917 portus
1657 3840 1718 3900 Je-

923 3943 1067 4004 rusalem
1084 3959 1118 4015 »3
1148 3939 1295 4018 pondera
1323 3938 1453 4000 scilicet
1486 3937 1717 4014 peccatorum,

924 4057 997 4119 quse
1021 4055 1088 4102 non
1107 4040 1185 4104 sunt
1203 4034 1365 4115 portanda
1381 4056 1389 4096 ε
1405 4051 1466 4098 nec
1481 4033 1636 4096 inieratis
1658 4047 1720 4110 per

924 4139 1038 4217 portes
1051 4136 1248 4208 Jerusalem,
1265 4135 1351 4197 idest
1375 4134 1507 4204 mentis
1524 4132 1577 4194 vel
1601 4145 1721 4207 corpo-

924 4237 982 4298 ris.
1005 4237 1044 4297 nt
1064 4233 1168 4296 nolite
1187 4233 1310 4310 ejicere
1325 4247 1440 4304 onera,
1456 4230 1545 4294 idest
1564 4229 1719 4300 uirtutes,

924 4334 967 4395 de
988 4333 1140 4396 domibus
1163 4332 1297 4402 vestris,
1319 4331 1406 4392 idest
1428 4330 1469 4390 de
1491 4326 1718 4396 conscientiis,

923 4431 978 4492 vel
993 4429 1247 4493 conversatione
1261 4427 1403 4500 boneio
1419 4427 1472 4487 die
1485 4423 1722 4495 sabbati,idest

925 4529 993 4589 toto
1006 4529 1156 4603 tempore
1168 4526 1245 4588 vites
1259 4527 1391 4594 vestrae,
1406 4522 1439 4584 et
1448 4537 1545 4582 omne
1558 4533 1642 4596 opus
1652 4531 1720 4579 non

925 4624 1067 4698 iacietis,
1082 4623 1212 4684 scilicet
1224 4621 1358 4682 servile.

925 4955 990 4999 cum
1015 4945 1114 4999 ructor
1135 4939 1243 4997 Glosste
1267 4935 1429 5006 ordinaries,
1450 4947 1622 5008 comparens
1645 4945 1718 5003 prm·

925 5021 1006 5084 cepta
1023 5011 1159 5084 Decelogi
1173 5025 1239 5067 curn
1252 5008 1352 5066 decem
1366 5008 1460 5080 plagis
1468 5005 1599 5078 rilgypti
1615 5004 1720 5086 immu-

925 5084 1028 5142 taverit
1042 5083 1146 5140 seriem
1162 5087 1377 5157 preceptorum,
1389 5077 1539 5134 scribens:
1559 5097 1569 5126 ι
1585 5077 1719 5144 Quintum

926 5162 1098 5236 preceptum
1113 5159 1157 5208 est
1172 5167 1179 5206 :
1196 5153 1259 5209 Nou
1281 5147 1478 5207 moechaberis.
1497 5147 1599 5216 Quinte
1621 5145 1664 5216 pla
1690 5157 1718 5212 ε,

926 5241 1003 5282 mors
1018 5239 1046 5280 ur
1068 5222 1252 5294 pecoribus...
1280 5221 1395 5279 Sextum
1429 5224 1602 5292 praeceptum
1628 5233 1635 5272 :
1682 5227 1721 5272 on

925 5295 1049 5352 occides.
1075 5295 1159 5351 Sexto
1183 5292 1279 5364 plage,
1300 5291 1419 5362 pustulae
1447 5290 1474 5345 in
1499 5301 1628 5359 corpore,
1652 5300 1717 5342 ves·

925 5368 1004 5432 sicce,
1017 5387 1028 5416 »
1039 5371 1106 5430 etc,
1118 5362 1247 5422 ordinem
1263 5362 1341 5420 illum
1351 5369 1566 5434 praeposterum,
1580 5372 1665 5429 quem
1676 5363 1719 5411 te·

925 5445 975 5494 net
988 5437 1087 5494 Glosse
1101 5437 1129 5490 ln
1141 5447 1260 5500 recensu
1273 5439 1490 5509 preceptorum,
1506 5443 1623 5488 seruere
1635 5439 1718 5482 couc-

925 5515 971 5566 tus
985 5515 1030 5564 est
1043 5510 1160 5568 sauctus
1174 5510 1271 5565 noster
1285 5504 1314 5564 ia
1325 5501 1541 5562 enumeratione
1556 5499 1719 5578 plagarum.
