4152 6388
127 323 190 384 331
294 354 298 362 ·
695 313 1018 410 33333333331.
1040 357 1082 376 -
1101 331 1209 394 vnn.
1707 337 1769 404 eoa

127 479 426 544 transfretantibus
439 497 532 546 mare
541 484 609 546 tres
617 499 733 559 33333,
743 487 923 548 transeun-
976 489 1769 570 radisi‚tampraesentibusquamsuturisinper-
1836 553 1849 567 ,

127 577 219 640 tibus
233 579 334 654 nipes
363 578 456 652 duos,
477 581 511 642 et
531 582 662 642 caeteris
677 597 793 656 unum,
818 585 851 646 et
866 586 922 661 qui
976 587 1122 662 potuum.

127 675 166 736 in
194 677 425 738 anniversario
447 679 679 740 translationis
706 680 787 742 illuc
819 696 922 758 usqua
1017 685 1048 743 Is
1064 682 1121 759 qui
1134 683 1316 746 Ecclesiam
1327 699 1420 746 suam
1432 701 1564 762 semper
1576 687 1767 763 novaprole

127 772 173 832 ad
200 773 352 834 octavam
378 773 465 834 diem
491 777 684 838 reverenter
706 779 920 850 accesserint,
976 777 1153 850 ioecundat,
1170 779 1325 855 dignatus
1347 782 1418 842 haec
1445 783 1602 844 moderna
1617 785 1766 860 tempora

127 885 257 930 annum
268 870 425 932 similiter
439 870 479 932 de
492 872 640 948 inp'uncta
653 871 717 934 sibi
727 875 921 950 poenitentia
976 876 1143 952 prioribus
1154 876 1374 950 coniormare,
1387 881 1421 940 B.
1436 879 1642 942 confessoris
1656 884 1766 943 Fran-

127 965 393 1029 misoricorditer
404 967 607 1028 relaxamus.
618 971 736 1030 Datum
750 973 918 1044 Laterani,
975 973 1056 1033 31331
1070 975 1222 1050 spiritum
1239 975 1273 1035 in
1296 976 1447 1037 caritatis
1463 993 1576 1040 amore
1587 993 1645 1055 per
1660 979 1768 1056 inspi-

126 1062 920 1142 XVilkalendasJunii,pontificatusnostrianno
975 1073 1105 1130 rantom
1129 1071 1271 1146 gratiam
1293 1072 1462 1144 excitavit,
1485 1075 1521 1134 ut
1535 1075 1767 1150 Apostolorum

127 1161 259 1237 quarto.
975 1167 1116 1243 vestigia
1131 1168 1280 1230 imitatus
1296 1168 1331 1228 in
1347 1171 1543 1246 paupertate
1556 1172 1592 1232 in
1608 1189 1672 1248 qua
1691 1171 1767 1248 plus

976 1264 1097 1326 caritas
1113 1264 1253 1342 proiicit,
1270 1265 1397 1328 relictis
1410 1267 1563 1328 omnibus
1587 1268 1693 1330 solum
1712 1286 1768 1331 33-

537 1405 538 1410 ,
974 1361 1069 1422 cutus
1081 1360 1181 1424 tuerit
1191 1365 1324 1425 aeternae
1333 1362 1547 1426 beatitudinis
1558 1365 1765 1441 largitorem,

169 1459 209 1520 V.
234 1456 327 1518 Ultra
348 1456 420 1519 haec
441 1456 561 1518 bonnm
576 1458 668 1521 misit
688 1458 836 1536 pecuniae
852 1475 919 1520 nu·
974 1459 1008 1519 31
1021 1459 1113 1521 velut
1127 1459 1235 1520 fidelis
1246 1475 1362 1523 servus
1377 1465 1411 1522 et
1425 1461 1569 1537 prudens
1584 1463 1766 1525 laudabili-

127 1554 266 1616 meratae
282 1569 443 1616 summam
458 1554 499 1618 ad
523 1555 659 1617 fabricae
675 1556 871 1625 subsidium,
887 1560 921 1618 et
973 1557 1025 1618 ter
1039 1559 1195 1632 operatus
1209 1558 1244 1618 in
1260 1558 1393 1619 talentis
1408 1560 1440 1619 oi
1457 1560 1604 1632 creditis,
1624 1561 1767 1622 fructum

126 1651 307 1714 ecclesiam
330 1652 443 1714 Sancti
464 1654 608 1728 Georgii,
623 1653 658 1714 in
680 1670 754 1730 qua.
769 1654 811 1715 ad
837 1654 919 1715 illud
973 1649 1010 1710 in
1031 1651 1181 1712 Ecclesia
1209 1652 1268 1713 Ilei
1295 1653 1406 1714 attulit
1428 1654 1610 1730 copiosum.
1631 1654 1679 1716 Ab
1693 1656 1766 1732 ipso

125 1749 260 1827 tempus
284 1749 391 1811 sancti
411 1750 582 1812 Francisci
603 1767 724 1827 corpus
742 1751 917 1827 requievit,
973 1747 1063 1808 enim
1075 1747 1209 1809 Ordinis
1223 1749 1326 1810 vestri
1339 1751 1454 1811 sancta
1467 1749 1628 1827 plantatio
1642 1767 1766 1828 coope-

126 1845 516 1922 donavitvirginiciaraa
531 1847 932 1924 313333333313131311133,ι
973 1847 1069 1906 rante
1093 1844 1206 1907 divina
1232 1848 1341 1922 gratia
1372 1864 1564 1923 processum
1591 1849 1707 1912 habuit
1733 1852 1767 1912 31

125 1944 378 2019 procuratorem
389 1959 485 2005 suum
500 1944 621 2005 assisii
632 1945 847 2016 constituens,
863 1945 918 2022 qui
973 1956 1205 2018 progressum
1224 1959 1287 2020 qua
1301 1944 1455 2020 palmites
1471 1945 1654 2008 honestatis
1669 1947 1767 2024 longe

125 2040 321 2116 contiguum
336 2041 505 2103 extrueret
514 2041 762 2114 monasterium,
770 2043 803 2104 31
815 2041 920 2106 iabri·
973 2037 1106 2116 lfltetiue
1117 2040 1313 2116 producens,
1327 2042 1426 2103 1101θῦ
1439 2043 1586 2118 1110111111.
1604 2045 1636 2105 oi
1648 2044 1767 2106 odores

124 2153 176 2198 cae
191 2153 304 2210 curam
317 2139 442 2214 ageret,
454 2138 491 2199 ut
505 2139 672 2216 religiosas
687 2139 848 2215 virgines,
864 2142 920 2203 tu·
973 2133 1090 2199 effudit
1105 2137 1146 2198 ad
1162 2138 1343 2200 resecanda
1365 2141 1486 2201 nociva
1502 2141 1535 2201 31
1549 2140 1697 2203 salubria
1713 2143 1781 2202 in·-

123 2233 195 2295 tius
208 2234 359 2296 viverent
377 2235 466 2296 intra
493 2235 638 2298 civitatis
659 2233 792 2308 3333313,
821 2239 857 2299 31
876 2236 918 2298 ab
974 2233 1127 2295 serenda.
1143 2235 1223 2295 Cum
1234 2234 1339 2310 igitur
1351 2236 1437 2312 apud
1446 2237 1610 2298 assisium
1619 2239 1653 2298 in
1665 2239 1766 2300 tundo

124 2329 209 2392 aedis
223 2333 255 2391 S.
270 2331 533 2396 Damianinimis
546 2334 685 2408 angusto
697 2331 920 2396 liberarentur
973 2329 1112 2392 33111331
1126 2332 1284 2394 Ecclesiae
1309 2335 1468 2394 Romanas
1484 2333 1594 2396 oblato
1619 2336 1652 2395 in
1677 2335 1761 2407 loeo,

123 2427 307 2503 ergastulo.
337 2428 401 2490 Sed
428 2431 461 2491 31
489 2429 664 2492 ecclesiam
691 2445 823 2502 novam,
845 2447 917 2508 quaa
973 2427 1160 2504 quidicitur
1173 2432 1453 2501 331113Ρ33331131,
1471 2430 1506 2490 in
1521 2431 1669 2508 ejusdem
1685 2434 1766 2496 Con·

124 2524 354 2586 aediticabatur
364 2525 398 2586 13
414 2527 522 2588 333311
532 2527 732 2588 institutoris
743 2526 915 2602 honorem,
972 2522 1109 2586 fossoris
1125 2524 1253 2587 honoro
1266 2527 1479 2588 construatur
1488 2528 1642 2602 ecclesia,
1653 2530 1687 2590 13
1701 2546 1765 2607 qua
1872 2599 1875 2606 ⁴

126 2621 239 2685 denuo
261 2622 438 2701 multiplici
458 2623 586 2699 gratia,
613 2625 646 2686 et
669 2623 785 2686 favore
806 2625 918 2688 affecit
972 2621 1107 2682 recondi
1118 2622 1289 2684 debettam
1301 2624 1466 2699 pretiosus
1475 2625 1765 2698 thesaurussanc·

123 2721 312 2796 exemptam
339 2719 466 2782 iaciens
490 2720 603 2800 (quam
626 2723 725 2784 33133
749 2737 837 2784 3333
863 2738 918 2784 33-
971 2719 1041 2779 tum
1055 2718 1211 2781 videlicet
1230 2735 1350 2796 corpus
1364 2721 1481 2796 ipsius,
1497 2723 1553 2799 qui
1569 2723 1764 2800 intempore

123 2816 300 2880 cundosui
310 2817 917 2897 pontificatusexemitlaquacumque
971 2816 1154 2878 iracundiae
1179 2816 1286 2878 iactus
1308 2819 1359 2880 est
1378 2819 1619 2892 reconciliatio,
1640 2823 1677 2884 ut
1701 2837 1764 2899 pro

119 2912 368 2988 jurisdictione,
382 2911 510 2991 sibique
524 2913 760 2986 immediatam,
775 2915 917 2977 ettotius
957 2913 1116 2988 peccans
1129 2913 1325 2990 populorum
1352 2913 1447 2976 tieret
1469 2916 1682 2986 intercessor,
1699 2933 1760 2980 nos

124 3009 259 3070 Ordinis
272 3011 382 3088 caput,
398 3026 438 3071 33
453 3013 591 3073 matrem
606 3012 820 3074 constituens.
831 3015 916 3076 Vere
971 3025 1046 3070 cum
1061 3010 1197 3086 dignum
1211 3011 1255 3071 sit
1270 3011 1303 3072 et
1317 3026 1504 3086 congruens
1520 3014 1556 3073 31
1575 3013 1692 3074 eadem
1707 3029 1764 3076 ec·

125 3107 238 3168 tamen
278 3107 475 3184 antiquitate
510 3109 610 3185 caput
646 3110 696 3172 est
733 3112 915 3172 convontus
971 3107 1073 3170 clesia
1084 3107 1305 3184 praerogativa
1314 3107 1477 3170 libertatis
1489 3111 1522 3172 et
1531 3110 1668 3179 lionoris
1678 3127 1764 3188 gau-

125 3205 256 3266 Sancta
271 3204 386 3266 Mariae
399 3205 614 3280 Angelorum,
626 3207 659 3269 et
671 3206 778 3268 mater
788 3223 830 3268 ex
845 3208 917 3270 ins·
970 3204 1047 3267 doat
1058 3206 1192 3282 propter
1205 3220 1291 3278 eum,
1310 3221 1407 3284 quem
1425 3205 1460 3266 in
1486 3206 1580 3268 coelis
1603 3209 1762 3270 Dominus

123 3299 222 3364 tituta
237 3301 391 3378 primitus
403 3301 448 3362 ibi
460 3303 643 3378 religiono:
660 3303 716 3364 sed
728 3304 915 3367 coenobium
970 3302 1156 3364 exaltavit:
1183 3316 1244 3378 pro
1270 3305 1343 3379 ejus
1371 3305 1560 3366 reverentia
1584 3306 1762 3369 ecclesiam

122 3399 188 3460 hoc
214 3398 385 3476 pontificio
405 3399 582 3476 privilegio
611 3401 787 3478 utrumque
815 3401 917 3465 babet
969 3400 1076 3476 ipsam
1092 3401 1153 3462 snb
1165 3399 1254 3463 beati
1268 3401 1358 3462 Petri
1380 3402 1413 3463 et
1425 3403 1538 3464 nostra
1554 3405 1762 3479 protectione

122 3497 298 3572 dignitate,
325 3496 538 3572 auctoritate;
560 3497 593 3558 et
616 3513 659 3560 ex
685 3499 817 3560 condito
841 3499 916 3561 the-
969 3497 1179 3574 suscipimus,
1197 3498 1229 3559 ot
1252 3499 1427 3574 praesentis
1447 3500 1564 3576 scripti
1585 3502 1762 3579 privilegio

122 3608 224 3654 sauro
248 3593 420 3670 praecellit.
446 3594 614 3656 Praeclara
632 3595 733 3656 etiam
755 3597 915 3658 antithesi
969 3594 1222 3656 communimus.
1243 3597 1280 3655 13
1302 3595 1418 3672 primis
1434 3595 1598 3673 siquidem
1611 3600 1762 3660 statuen-

121 3689 159 3751 in
174 3691 246 3752 suis
261 3690 381 3752 litteris
397 3689 505 3752 locum
520 3692 619 3752 33133
636 3695 789 3754 vocatum
799 3699 915 3756 collem
968 3692 1029 3763 133,
1046 3693 1082 3754 31
1097 3691 1239 3753 33313313
1250 3691 1323 3767 1333
1334 3693 1428 3764 33111,
1441 3693 1507 3752 3131
1516 3696 1665 3754 Romano
1674 3698 1763 3757 Pon-

121 3790 265 3862 tnscrnt,
292 3787 439 3864 appellat
462 3794 579 3852 collem
606 3793 781 3863 Paradtst,
810 3791 846 3852 ut
872 3807 915 3852 ex
968 3787 1061 3860 titici,
1078 3789 1122 3849 sit
1136 3787 1295 3865 subjecta,
1312 3789 1344 3850 31
1369 3789 1477 3850 vestri
1498 3791 1642 3864 Ordinis,
1667 3795 1762 3870 cujm

121 3884 271 3962 subjecto
287 3885 465 3962 diplomate
484 3884 660 3947 constabit.
686 3889 828 3949 Censum
851 3903 914 3948 an-
968 3885 1139 3948 institutor
1148 3885 1181 3946 et
1192 3887 1288 3962 pater
1304 3885 1415 3946 extitit
1429 3885 1608 3949 consessor
1619 3890 1762 3964 praedic-

120 3998 236 4055 nuum,
254 3982 373 4044 libram
389 3999 489 4044 unam
504 3999 590 4044 cerae
605 3983 640 4046 in
657 3984 707 4045 roi
720 3985 913 4046 memoriam
967 3984 1032 4054 tus,
1048 3983 1149 4059 caput
1171 3981 1335 4043 habeatur
1354 3983 1387 4044 et
1408 3985 1524 4056 mater,
1546 4000 1585 4046 ac
1600 3985 1635 4046 in
1650 4001 1689 4047 ea
1701 4003 1761 4064 per

119 4080 914 4160 iratressolvuntquotannis.Exemplarexscrip·
967 4079 1088 4143 fratres
1098 4079 1248 4157 ejusdem
1259 4079 1392 4142 Ordinis
1407 4082 1566 4158 perpetuo
1581 4085 1759 4148 serviatur.

119 4179 191 4239 tum
212 4192 256 4238 ex
268 4178 441 4250 Vaticano,
459 4178 515 4240 ubi
540 4178 680 4240 liabetur
698 4178 759 4240 sub
775 4195 912 4242 numero
967 4177 1187 4239 Prohibemus
1216 4177 1372 4254 insuper,
1401 4194 1443 4238 ne
1473 4180 1546 4256 quis
1573 4182 1694 4244 audeat
1723 4183 1760 4244 in

118 4275 282 4351 vigesimo
298 4275 454 4348 secundo,
471 4275 587 4347 offero,
611 4277 667 4338 sed
683 4277 807 4354 absque
829 4279 913 4341 tem·
966 4275 1115 4337 eamdem
1135 4275 1313 4337 ecclesiam
1337 4277 1692 4340 excommunicationis
1707 4282 1760 4343 vel

118 4388 201 4449 porc
216 4372 453 4445 concessionis,
478 4373 564 4450 quod
585 4374 728 4450 scriptor
738 4377 909 4452 praeteriit,
966 4372 1135 4434 interdicti
1150 4373 1349 4434 sententiam
1372 4377 1605 4452 promulgare3
1620 4380 1758 4454 quamsi

118 4472 268 4532 attamen
294 4471 424 4532 constat
448 4486 490 4532 ex
513 4471 586 4547 ipso
605 4472 785 4548 diplomate
799 4473 911 4535 datum
966 4470 1114 4547 prolerre
1137 4470 1324 4547 contigerit,
1349 4473 1509 4548 tanquam
1532 4477 1648 4535 contra
1663 4475 1758 4536 Sedis

116 4568 224 4630 inisse
239 4569 316 4630 anta
330 4569 584 4630 translationem
595 4568 727 4640 iactam,
740 4570 818 4630 dum
831 4570 911 4632 dicit
965 4567 1163 4644 apostolica
1191 4568 1320 4629 indulta
1349 4569 1524 4644 prolatam,
1548 4570 1759 4634 decernimus

117 4667 154 4728 in
169 4682 208 4728 eo
224 4665 346 4742 templo
359 4665 478 4728 dobere
492 4665 626 4726 recondi
641 4668 748 4729 sancti
759 4667 822 4729 viri
832 4683 910 4730 cor·
965 4679 1031 4726 non
1041 4666 1168 4727 tenere.
1183 4667 1249 4725 Pro
1265 4666 1573 4728 consecrationibus
1583 4684 1663 4729 vero
1673 4670 1760 4732 3113-

116 4780 196 4842 333;
211 4763 244 4825 31
259 4763 289 4824 31
303 4777 346 4824 ex
359 4763 431 4839 ipso
446 4763 576 4839 regesto
591 4763 744 4825 divinare
760 4764 848 4832 11331,
856 4765 912 4826 da·
965 4763 1063 4835 rium,
1085 4762 1156 4824 sive
1170 4778 1231 4838 pro
1246 4762 1757 4841 3133333313,331333111313113

114 4863 188 4924 tum
203 4863 254 4922 est
266 4859 355 4922 circa
370 4859 445 4920 idus
459 4859 551 4932 maii,
563 4859 618 4921 vei
630 4875 670 4922 eo
682 4861 830 4938 tempore
845 4877 909 4939 quo
965 4859 1192 4922 ecclesiastico
1217 4859 1425 4920 sacramento
1449 4860 1561 4921 nullus
1577 4861 1618 4923 ab
1642 4864 1757 4928 eadem

116 4958 308 5035 superiores
324 4957 443 5019 littorae
459 4956 545 5018 datae
560 4958 652 5033 sunt;
667 4957 789 5020 etenim
803 4958 839 5018 in
849 4975 908 5020 re·-
964 4956 1107 5018 33313313
1120 4956 1180 5016 sub
1196 4955 1332 5018 obtentu
1347 4957 1609 5032 consuetudinis
1621 4962 1674 5022 vel
1690 4963 1756 5024 alio

115 5055 211 5134 gesto
240 5071 313 5132 quae
341 5054 531 5116 immediate
565 5054 723 5132 praecedit
750 5055 908 5131 33131313,
965 5054 1060 5116 modo
1075 5055 1254 5132 quidquam
1273 5053 1384 5115 valeat
1398 5057 1605 5132 extorquere,
1614 5060 1670 5120 sed
1684 5061 1769 5148 haec⁴

113 5153 194 5216 data
206 5155 294 5214 estV
309 5151 384 5212 idus
396 5152 487 5225 maii,
499 5153 531 5214 et
544 5169 617 5231 quas
630 5152 908 5232 proximesequi-
965 5153 1076 5214 omnia
1090 5151 1195 5228 gratis
1221 5150 1317 5212 vobis
1344 5150 1520 5230 episcopus
1546 5154 1756 5222 dioecesanus

112 5251 171 5314 tur
184 5253 259 5312 XVI
274 5248 435 5311 kalendas
446 5250 556 5327 junii:
964 5249 1143 5326 impendat,
1160 5248 1308 5326 alioquin
1330 5248 1430 5312 liceat
1450 5251 1545 5313 vobis
1565 5269 1757 5330 quemcum-

156 5347 339 5423 Gregorius
367 5347 562 5425 episeopus,
590 5363 707 5409 servus
737 5363 909 5410 servorum
964 5362 1028 5425 que
1040 5347 1226 5408 malueritis
1241 5346 1441 5409 catholicum
1454 5349 1548 5411 adire
1561 5353 1753 5426 antistitem,

113 5444 637 5517 nei,ministroordinisnatrum
644 5446 911 5524 MinorumeJus·
963 5445 1107 5522 gratiam
1118 5445 1151 5508 et
1168 5445 1433 5507 communionem
1448 5448 1646 5523 Apostolicae
1663 5449 1756 5512 Sedis

114 5559 181 5622 que
205 5541 363 5605 iratribus
387 5543 592 5604 morantibus
621 5543 708 5619 apud
732 5543 908 5606 ecclesiam
964 5542 1152 5614 habentem,
1169 5541 1755 5619 33113331331331333331311131313-
1774 5607 1776 5612 .

111 5645 151 5706 B.
171 5641 341 5704 Francisci
360 5640 395 5702 in
411 5640 494 5714 loco,
512 5641 568 5718 qui
585 5640 707 5703 dicitur
728 5641 823 5704 collis
838 5644 907 5704 Pa·
963 5638 1025 5714 bis,
1042 5639 1128 5720 quod
1144 5639 1758 5719 33313131331313331131.03313133-
