4152 6388
1832 271 1902 332 324

655 275 687 336 S.
710 275 930 336 Funuclscl
951 270 1175 338 aselslnrls
1198 272 1428 336 cresonia.
1530 256 1534 269 ⁶

256 261 315 337 ’323

256 435 343 496 ratio
370 434 523 512 postulat,
550 431 607 494 sed
629 433 781 511 voluptas
805 430 960 508 ostentat,
986 449 1047 495 ex·

256 532 351 593 tincti
364 531 500 608 spiritus
515 529 645 605 signum
660 531 711 592 est
728 530 950 594 manifestum.
971 526 1048 607 epl-

256 627 323 690 ritu
335 625 444 704 tepido
460 629 493 688 et
506 627 666 704 paulatim
677 621 701 688 'a
713 628 822 703 gratia
835 627 1044 703 frigescente,

255 739 392 785 necesse
406 723 457 785 est
471 739 617 798 carnem,
635 725 668 786 et
683 725 877 800 sanguinem
894 717 970 802 'quae
984 739 1046 785 sua

255 822 332 882 suut
353 835 516 897 quaerere.
544 821 628 892 Quid
657 822 746 882 enim
772 823 887 896 restat,
914 819 1046 898 quando

254 917 366 978 anima
386 918 478 980 canet
498 915 728 994 spiritualibus
747 917 888 992 deliciis,
908 919 945 980 ut
967 923 1046 981 caro
1100 917 1221 980 iratres
1247 917 1425 989 carissimi,
1454 915 1495 978 ad
1522 915 1710 978 animarum
1732 917 1900 990 salutem

254 1015 470 1076 convertatur
488 1014 529 1076 ad
545 1015 641 1075 suasi
663 1015 702 1077 st
718 1017 798 1076 tunc
812 1015 967 1076 animalis
980 1029 1045 1092 apa
1101 1017 1137 1076 ut
1151 1013 1237 1092 quod
1261 1015 1295 1075 in
1317 1014 1386 1075 illis
1409 1012 1578 1075 intenitur
1592 1013 1713 1084 minus,
1737 1015 1900 1090 supplea-

253 1111 376 1188 petitus
389 1111 601 1173 necessitatis
621 1111 799 1174 articulum
821 1111 947 1189 palliat,
967 1114 1047 1174 tune
1100 1113 1156 1174 tur
1183 1129 1203 1174 a
1227 1111 1335 1174 nobis.
1365 1108 1511 1183 Quilibet
1534 1111 1676 1188 recipiet
1697 1107 1899 1180 mercedem,

252 1218 372 1270 sensus
381 1209 494 1270 carnis
504 1208 744 1270 conscientiam
757 1209 887 1272 temnat.
905 1209 940 1270 sl
953 1209 1047 1272 adest
1100 1223 1166 1271 non
1179 1210 1361 1272 secundini
1381 1207 1625 1280 auctoritatem,
1637 1200 1695 1269 sed
1712 1208 1898 1270 secundum

251 1304 348 1368 matri
362 1315 436 1367 meo
450 1321 531 1366 vera
546 1306 739 1380 necessitas,
762 1308 795 1368 et
814 1307 924 1368 statim
942 1295 1045 1367 satis·
1099 1305 1259 1368 laborem.
1274 1305 1409 1377 Scitote,
1426 1303 1558 1376 iratres,
1572 1301 1660 1382 quod
1675 1307 1743 1365 lieo
1758 1305 1810 1366 est
1823 1319 1900 1381 grar-

253 1401 364 1464 iaoere
389 1403 556 1480 properat,
584 1402 664 1479 quid
690 1403 853 1475 mercedis
886 1396 1047 1479 accipisit
1100 1403 1264 1466 tissimum
1284 1403 1472 1464 animarum
1488 1403 1629 1464 lucrum.
1646 1397 1716 1463 Hoc
1733 1399 1900 1479 consequi

254 1492 382 1561 accidit
406 1499 494 1560 enim
521 1496 654 1560 occasio
684 1499 806 1572 meriti,
840 1500 897 1560 sed
923 1499 1045 1576 displi-
1100 1499 1219 1561 melius
1245 1513 1421 1578 possumus
1456 1507 1531 1560 cum
1566 1506 1648 1576 pace
1681 1497 1895 1572 clericorum,

252 1591 362 1658 tuisse
375 1595 437 1656 sibi
454 1596 601 1657 studiose
613 1595 786 1673 probavit:
800 1597 890 1674 ipsas
904 1606 1046 1674 namque
1100 1609 1198 1674 quam
1210 1609 1285 1658 cum
1300 1595 1479 1658 discordia.
1494 1595 1532 1657 si
1542 1597 1657 1657 autem
1671 1593 1736 1672 ipsi
1752 1593 1898 1656 salutem

251 1691 533 1767 indigentiasnon
552 1693 716 1768 patienter
735 1693 934 1766 lerre,nii1il
954 1693 1045 1754 eliud
1099 1691 1293 1771 impediunt,
1313 1691 1373 1755 Dei
1398 1695 1450 1756 est
1472 1691 1617 1765 uitiosi
1639 1693 1712 1770 ipse
1732 1689 1899 1755 retribuet

1344 428 1547 494 contario
1570 431 1644 492 xib

1150 578 1200 637 De
1219 575 1413 638 terrenitate
1426 573 1468 657 ,et
1487 588 1574 648 pace
1594 587 1680 650 erpa
1702 574 1844 634 carices

1404 673 1588 734 servareris.

1140 819 1177 882 ln
1204 819 1406 897 adjutorium
1434 819 1634 882 clericorum
1654 817 1749 880 missi
1771 829 1901 889 sumus,

251 1789 302 1851 est
314 1788 380 1850 nisi
394 1779 573 1866 AEgyptum
589 1791 751 1866 repetere.

507 2028 708 2090 connaulo
729 2029 786 2090 xl.

306 2179 355 2238 De
366 2176 515 2238 lceioado
527 2177 762 2250 spiritualiter
775 2180 813 2239 ia
827 2179 983 2240 Domino.

292 2325 458 2396 Sanctam,
487 2322 609 2386 iratres
636 2323 815 2400 carissimi,
842 2325 984 2387 interius
1012 2325 1045 2388 et

251 2419 398 2482 exterius
413 2420 563 2482 laetitiam
581 2421 642 2481 liei
657 2420 786 2484 habete.
804 2421 839 2484 Si
859 2422 949 2486 enim
970 2438 1045 2484 ser·

251 2533 312 2579 vus
327 2517 387 2579 Dei
402 2517 565 2580 studuerit
580 2517 703 2579 trabere
719 2519 752 2580 et
770 2534 972 2582 conseruare
986 2520 1046 2582 lae-

250 2613 358 2675 titiam
373 2613 593 2690 spiritualem,
613 2631 687 2692 quae
709 2617 863 2692 provenit
883 2631 926 2678 ex
947 2631 1046 2678 mun-

252 2709 334 2772 ditia
354 2709 474 2784 cordis,
501 2714 534 2772 et
553 2711 739 2787 acquiritur
753 2727 812 2790 per
835 2713 1045 2775 devotionem

253 2807 428 2879 orationis,
439 2805 607 2866 daemones
621 2805 705 2866 nibil
716 2809 856 2883 possunt
867 2809 898 2869 ei
911 2823 1043 2884 nocere,

252 2901 422 2964 dicentes:
437 2904 487 2963 Ex
508 2917 572 2980 quo
587 2901 622 2962 in
635 2889 849 2965 tribulatione
863 2906 896 2967 et
907 2920 1046 2984 prospo-

251 3000 351 3062 ritate
366 2998 516 3061 laetitiam
536 2999 635 3062 babet
656 3015 772 3062 seruus
788 3001 858 3075 Dei,
881 3017 947 3063 non
962 3019 1043 3078 pos-

253 3113 368 3158 sumus
382 3096 533 3158 invenire
550 3096 677 3157 aditum
694 3098 840 3174 intrandi
857 3097 897 3159 ad
923 3099 1043 3176 ipsum,

253 3209 315 3256 noc
341 3191 406 3254 sibi
434 3209 566 3254 nocere.
601 3193 664 3254 Sed
696 3194 775 3256 tunc
800 3195 951 3256 exultant
975 3196 1042 3258 dae-

253 3305 381 3364 mones,
414 3289 546 3366 quando
574 3289 782 3352 devotionem
815 3293 848 3354 et
882 3292 1042 3367 laetitiam,

252 3401 326 3464 quae
338 3386 492 3462 provenit
501 3401 544 3448 ex
555 3386 678 3447 munda
689 3387 850 3461 oratione,
866 3383 899 3451 et
912 3405 955 3452 ex
965 3390 1044 3452 aliis

252 3481 408 3560 operibus
423 3482 593 3556 virtuosis,
615 3485 753 3560 possunt
766 3485 975 3562 extinguere,
990 3487 1044 3550 vel

252 3579 444 3656 aliqualiter
468 3579 640 3657 impedire.
670 3578 755 3642 Nam
779 3583 808 3642 si
834 3583 990 3670 diabolus
1007 3585 1042 3645 in

251 3692 349 3739 servo
364 3677 423 3738 Dei
436 3677 546 3752 potest
559 3676 684 3754 aliquid
697 3677 821 3740 babere
835 3680 876 3741 de
892 3696 963 3755 suo,
977 3682 1043 3742 nisi

251 3773 353 3835 fuerit
378 3773 511 3850 sapiens
534 3774 569 3835 et
592 3773 755 3838 sollicitus
776 3775 890 3837 delere
913 3778 946 3839 et
967 3777 1044 3840 des-

249 3871 363 3933 truere
385 3871 467 3932 illud
489 3871 708 3948 quamcitius
731 3873 862 3949 poterit,
887 3889 947 3951 per
969 3875 1042 3937 vir·

249 3969 354 4030 tutem
374 3971 498 4030 sancire
520 3969 692 4042 orationis,
713 3969 935 4044 contritionis,
961 3983 1043 4032 con-

250 4063 416 4139 fessionis
431 4065 463 4126 et
474 4064 723 4137 satisfactionis,
740 4066 776 4126 in
788 4063 882 4128 brevi
894 4067 1042 4144 tempore

250 4160 291 4222 de
306 4175 372 4221 uno
387 4161 509 4236 capillo
528 4159 609 4222 iacit
627 4173 728 4222 unam
747 4160 889 4236 trabem,
912 4174 1043 4241 semper

250 4255 375 4333 aliquid
400 4255 451 4316 illi
473 4253 673 4330 adjiciendo.
700 4258 783 4330 Quia
807 4267 898 4335 ergo,
919 4261 1041 4322 iratres

249 4352 426 4424 carissimi,
448 4365 490 4412 ex
510 4349 675 4414 munditia
697 4351 818 4428 cordis,
842 4357 875 4418 et
898 4357 1042 4432 puritate

248 4449 411 4512 orationis
432 4449 598 4510 continua
622 4449 694 4511 nmo
717 4450 834 4513 laetitia
857 4447 1041 4529 spiritualis

247 4547 365 4620 oritur,
384 4547 476 4608 cirea
489 4543 548 4606 illa
564 4541 629 4607 duo
640 4546 845 4623 acquirenda
867 4549 1040 4627 principa-

247 4645 325 4706 liter
350 4644 402 4705 est
424 4640 634 4717 studendum,
669 4637 707 4705 ut
731 4643 838 4720 ipsam
875 4646 1039 4722 letitiam,

248 4755 346 4819 quam
361 4741 396 4801 in
416 4755 468 4802 me
489 4741 521 4802 et
544 4740 579 4800 in
598 4738 695 4802 uobis
717 4741 816 4817 cupio
840 4752 968 4806 summo
987 4743 1040 4805 al·-

247 4838 347 4910 iectu‚
369 4839 403 4899 et
419 4837 523 4913 diligo
534 4849 676 4899 cernere
695 4839 730 4900 et
746 4838 885 4913 sentire,
904 4841 1039 4917 possitis

249 4931 372 4996 habere
394 4933 536 4995 interius
567 4936 604 4996 et
636 4935 786 4996 exterius
813 4937 855 4998 ad
888 4933 1039 5000 aedifica-⁵

247 5031 371 5093 tionem
390 5029 545 5106 proximi,
562 5031 595 5093 et
608 5031 810 5108 vituperium
827 5033 967 5106 in'mioi.
989 5035 1038 5097 ad

247 5129 356 5204 ipsum
381 5127 482 5195 enim,
508 5128 542 5188 et
566 5127 608 5188 ad
634 5128 781 5191 membra
804 5134 879 5207 ejus
909 5133 1039 5207 oportet

247 5223 449 5294 contristari,
465 5223 507 5284 ad
527 5238 586 5285 nos
608 5227 717 5288 autem
734 5227 839 5289 laetari
859 5243 989 5305 semper
1002 5230 1037 5290 in

247 5321 399 5394 Domino,
415 5321 449 5380 et
462 5319 620 5395 gaudere.

1099 1791 1149 1852 eis
1164 1791 1370 1868 intempore.
1384 1787 1793 1869 ideoqueestotesubieoti
1808 1801 1900 1868 pree-⁴

1100 1889 1188 1960 latis,
1205 1904 1258 1960 ne,
1275 1885 1790 1965 quantumexrontsest,ma1us
1804 1883 1898 1948 zelare

1099 1985 1288 2061 consurgat.
1313 1985 1348 2046 Si
1370 1985 1431 2045 iiiii
1450 1984 1544 2061 pacis
1564 1984 1707 2057 fueritis,
1724 1984 1851 2046 clerum
1864 1983 1898 2046 et

1099 2081 1256 2159 populum
1272 2077 1509 2142 lucrabimini:
1525 2079 1559 2143 et
1576 2077 1639 2142 hoo
1657 2079 1898 2158 acceptabilius

1099 2180 1166 2240 Deo
1181 2177 1255 2250 erit,
1270 2193 1369 2256 quam
1382 2178 1537 2256 populum
1554 2177 1672 2250 solum,
1686 2177 1777 2240 clero
1792 2191 1897 2239 soan-

1099 2274 1252 2346 dalizato,
1264 2275 1400 2338 lucrari.
1417 2275 1531 2350 'legite
1543 2290 1658 2337 eorum
1674 2273 1800 2351 lapsus,
1815 2271 1899 2334 mul-

1098 2371 1229 2448 tiplices
1255 2385 1370 2432 eorum
1398 2371 1549 2447 supplete
1577 2369 1738 2444 deiectus,
1763 2371 1897 2433 etcum

1099 2469 1170 2531 baec
1181 2464 1340 2540 feceritis
1358 2465 1554 2530 humiliores
1566 2468 1682 2532 estote.

1333 2689 1534 2752 COLLATIO
1560 2684 1648 2751 XIII.

1230 2824 1281 2884 De
1299 2825 1530 2898 cornesceodo
1549 2823 1746 2887 servodei.

1137 2955 1229 3014 lieul
1246 2965 1345 3031 quam
1359 2952 1481 3015 bonum
1504 2955 1567 3027 est,
1584 2953 1716 3026 iratres,
1729 2950 1797 3016 lieo
1812 2966 1892 3016 ser-

1098 3047 1180 3112 vire.
1203 3050 1323 3112 Melior
1340 3051 1391 3112 est
1411 3049 1471 3112 nel
1491 3051 1645 3122 seruitus,
1663 3062 1761 3129 quam
1775 3047 1894 3111 mundi

1099 3147 1314 3225 principatus.
1333 3147 1395 3208 Sed
1411 3147 1556 3226 quisest,
1573 3145 1629 3225 qui
1642 3148 1732 3209 certo
1747 3157 1896 3224 coruos*

1099 3239 1144 3302 cit
1166 3255 1202 3302 se
1223 3257 1298 3304 esse
1323 3255 1455 3304 serrum
1479 3243 1559 3304 neti
1577 3241 1670 3304 Nihil
1692 3242 1814 3304 melius
1829 3245 1893 3314 ost,

1098 3353 1196 3414 quam
1209 3353 1282 3400 esse
1301 3348 1434 3401 serrum
1449 3340 1520 3412 Dei,
1536 3337 1621 3400 nibil
1635 3341 1747 3402 tamen
1762 3335 1893 3401 ulmei-

1097 3435 1162 3496 lius
1187 3437 1237 3496 est
1256 3433 1383 3496 bomini
1399 3437 1490 3498 certo
1509 3444 1722 3512 cognoscere,
1744 3435 1895 3513 quamsi

1097 3533 1148 3593 est
1168 3531 1227 3593 Dei
1242 3547 1369 3606 servus,
1385 3533 1439 3594 vel
1454 3534 1592 3594 amicus.
1614 3532 1683 3608 nro
1696 3527 1790 3596 robis
1806 3547 1893 3595 con·

1098 3627 1203 3701 iiteor,
1240 3629 1326 3706 quod
1359 3631 1478 3706 rogari
1512 3629 1699 3702 bominum,
1737 3631 1774 3693 ut
1807 3629 1893 3691 mibi

1097 3723 1290 3801 dignaretur
1317 3727 1491 3790 ostendere
1515 3723 1647 3804 quando
1680 3741 1753 3788 sum
1773 3741 1894 3788 serrare

1097 3823 1167 3894 Dei,
1189 3825 1224 3884 et
1244 3823 1377 3900 quande
1404 3836 1481 3884 non.
1499 3825 1572 3900 lpse
1598 3826 1708 3886 autem
1730 3821 1893 3886 Dominus

1096 3917 1355 3996 benignissimus
1391 3935 1451 3981 sua
1494 3919 1685 3996 dignatione
1719 3919 1895 3998 respondit

1097 4016 1178 4076 mibi
1190 4031 1198 4076 τ
1211 4019 1350 4080 Servum
1370 4031 1478 4078 meum
1493 4015 1660 4078 veraciter
1672 4017 1705 4079 to
1720 4029 1795 4077 esse
1807 4029 1895 4092 cog-

1096 4129 1207 4184 nosce,
1224 4129 1298 4175 cum
1313 4113 1428 4176 sancta
1440 4113 1576 4190 cogitas,
1593 4113 1752 4190 loqueris,
1769 4113 1802 4175 at
1814 4127 1894 4190 ope

1095 4210 1195 4271 raris.
1211 4209 1288 4270 ideo
1303 4209 1397 4272 robis
1410 4209 1570 4288 praedieta
1582 4210 1763 4282 insinuavi,
1781 4211 1818 4272 ut
1831 4225 1893 4272 res

1096 4307 1195 4368 etiam
1219 4305 1335 4367 sciatis
1355 4306 1486 4384 quando
1509 4307 1568 4368 Dei
1583 4304 1674 4368 servi
1698 4307 1789 4380 estis,
1810 4307 1844 4370 et
1858 4307 1892 4368 ei

1096 4399 1234 4479 placetis
1249 4421 1256 4461 ε
1272 4406 1304 4466 et
1325 4403 1364 4464 ut
1376 4417 1439 4479 ego
1453 4414 1565 4466 coram
1579 4401 1672 4464 robis
1686 4403 1810 4480 possim
1829 4419 1893 4465 ve-

1095 4498 1283 4572 recundari,
1305 4499 1437 4577 quando
1455 4496 1610 4561 ridebitis
1624 4513 1678 4561 me
1698 4495 1841 4562 dedcore
1853 4496 1891 4561 in
1923 4529 1927 4535 ·

1095 4595 1147 4658 bis
1162 4593 1326 4670 omnibus,
1338 4595 1391 4659 rel
1406 4597 1519 4674 aliquo
1534 4596 1780 4674 prmdictorum.

1332 4805 1531 4870 COLLATIO
1559 4807 1644 4869 XIV.

1134 4957 1220 5023 Quid
1245 4963 1316 5020 Deo
1344 4962 1457 5034 mooe
1483 4960 1630 5032 placeat,
1660 4974 1766 5022 orare
1795 4961 1849 5023 vei

1371 5058 1589 5130 proedtocrei

1132 5177 1288 5252 Magnum
1317 5177 1400 5238 milri
1428 5177 1563 5240 dubium
1590 5179 1739 5255 contigit,
1765 5176 1889 5242 iratres

1092 5273 1269 5345 carissimi,
1290 5273 1383 5335 vobis
1410 5275 1669 5351 proponendum,
1691 5276 1765 5337 eta
1790 5275 1889 5337 uobis

1092 5369 1150 5430 bei
1179 5369 1344 5446 adjutorio
1364 5363 1626 5432 dissolvendum.
1654 5373 1739 5446 Quid
1760 5373 1887 5435 'iratres

1092 5466 1284 5528 consulitisi
1297 5467 1376 5544 quid
1401 5468 1562 5530 laudatisi
1576 5483 1619 5530 an
1635 5467 1721 5546 quod
1736 5470 1886 5532 orationi

1067 5613 1070 5618 ,
1091 5575 1215 5636 vacem,
1233 5579 1274 5625 an
1288 5565 1373 5641 quod
1385 5565 1811 5642 praedicandodiscurrami
1826 5568 1886 5628 Si·
