4158 6380
333 221 374 286 95

334 380 1124 458 dentesibimedicoquodabstinerotalacrymis,

334 483 374 554 si,
387 481 538 558 corporei
549 481 640 541 visus
651 479 836 539 coecitatem
848 477 949 538 vellet
957 477 1105 553 elingere
1117 493 1125 550 ;

333 580 386 642 vir
410 578 542 640 sanctus
562 576 732 653 respondit
748 598 755 636 :
772 577 847 636 Nou
860 577 920 647 est,
938 575 1041 636 frater
1056 591 1127 636 me-

333 676 417 747 dice,
444 675 484 737 ob
509 689 655 735 amorem
680 673 828 744 luminis,
856 673 941 749 quod
967 671 1126 734 habemus

334 787 590 835 communecum
602 770 1126 842 muscisvisitatiolucisaeternae

331 871 522 948 repellenda
537 869 590 930 vel
607 869 792 930 modicum:
809 868 893 940 Quia
909 883 974 928 non
989 867 1126 944 spiritus

331 969 467 1048 propter
488 981 634 1038 carnem,
660 965 717 1026 sed
737 979 815 1026 caro
829 967 963 1041 propter
973 965 1126 1040 spiritum

331 1065 529 1127 beneficium
544 1064 630 1125 lucis
642 1063 780 1141 accepit.
798 1061 943 1122 Malebat
963 1061 1125 1138 siquidem

332 1162 517 1239 corporalis
532 1163 624 1222 visus
644 1162 756 1220 iumen
776 1159 939 1231 amittere,
957 1174 1055 1236 quam
1071 1158 1125 1218 ia-

332 1276 474 1338 crymas,
493 1259 611 1336 quibus
636 1259 752 1319 oculus
775 1255 953 1317 mundatur
972 1256 1123 1327 interior,

333 1359 370 1419 ut
388 1359 493 1418 Deum
513 1356 626 1416 videre
638 1355 760 1426 valeat,
775 1369 929 1430 repressa
950 1352 1126 1414 devotione

333 1455 470 1532 spiritus
483 1453 657 1530 impedire.

371 1555 450 1614 Cum
465 1554 575 1612 autem
587 1548 831 1612 semeldaretnr
842 1548 1020 1611 consilium
1032 1563 1126 1608 ame-

331 1650 426 1721 dicis,
444 1653 477 1710 et
490 1649 652 1709 instanter
667 1647 892 1708 suaderetura
906 1645 1076 1718 iratribus,
1091 1647 1127 1708 ut

331 1747 502 1824 pateretur
512 1745 576 1806 sibi
591 1760 651 1821 per
662 1743 846 1805 remedium
862 1743 1033 1804 subveniri
1044 1758 1125 1804 coc-

329 1847 426 1916 turae,
440 1843 613 1904 humiliter
625 1842 677 1903 vir
690 1841 749 1908 Dei
764 1841 920 1913 assensit,
933 1840 1010 1917 quia
1033 1840 1126 1901 salu-

330 1941 465 2004 tiferum
482 1941 544 2001 hoc
557 1939 655 2000 simul
665 1941 697 2000 et
709 1953 946 2016 asperumesse
957 1929 1137 2000 cernebat(

330 2039 476 2100 Vocatus
492 2037 603 2114 itaque
614 2037 707 2099 venit
717 2035 906 2111 chirurgus,
922 2035 1126 2096 instrumen-

332 2138 403 2200 tum
436 2135 582 2196 ferreum
619 2133 690 2210 igni
728 2131 924 2194 submittens
938 2131 978 2193 ad
998 2131 1126 2193 iacien-

330 2233 406 2294 dam
418 2233 599 2294 cocturam.
613 2233 655 2292 nt
664 2229 787 2292 Christi
796 2245 913 2290 servus
925 2243 1047 2306 corpus
1054 2232 1124 2306 jam

331 2330 469 2392 horrore
485 2343 683 2390 concussum
704 2327 907 2400 confortans,
925 2327 1012 2388 sicut
1036 2328 1124 2388 ami-

330 2443 416 2500 cum,
425 2427 524 2502 coepit
536 2426 649 2502 ignem
661 2425 935 2503 alloqui‚dicens:
949 2425 995 2484 Mi
1008 2423 1122 2494 irater,

330 2525 429 2600 ignis,
444 2540 512 2602 prae
531 2525 653 2586 ceteris
673 2523 772 2585 rebus
792 2522 971 2584 aemulandi
994 2522 1124 2583 decoris

331 2623 529 2693 virtuosum,
546 2620 732 2696 pulchrum,
754 2619 786 2680 ct
805 2619 920 2680 utilem
944 2621 977 2681 te
999 2619 1126 2680 creavit

330 2719 540 2781 ditissimus:
555 2719 627 2778 estc
651 2716 734 2776 mihi
757 2717 821 2777 hac
844 2716 928 2778 hora
948 2717 1122 2792 propitius,

330 2818 402 2877 esto
427 2814 575 2876 curialis.
603 2817 727 2874 Precor
754 2827 910 2888 magnum
935 2815 1122 2887 Dominum,

331 2911 388 2988 qui
402 2913 436 2972 te
451 2909 587 2980 creavit,
610 2910 646 2972 ut
660 2909 752 2970 tuum
776 2908 858 2968 mihi
878 2907 1023 2969 calorem
1036 2910 1124 2969 tem-

331 3011 436 3086 peret,
454 3023 518 3086 quo
538 3007 688 3068 suaviter
706 3008 857 3067 urentem
876 3005 1005 3066 valeam
1019 3006 1123 3066 susti-

331 3103 1123 3179 nereorationetinita,contraignecandescens

329 3199 1121 3275 ferreuminslrumentumsignumcrucisedidit,

330 3298 500 3360 acdeinde
512 3298 696 3373 intrepidus
712 3296 920 3373 persistebat.
938 3296 1125 3357 Profunda-

330 3397 462 3457 tumest
484 3395 651 3470 crepitans
667 3393 791 3455 serrum
812 3395 847 3454 in
865 3395 980 3456 tenera
1009 3409 1121 3467 carne,

331 3493 365 3554 et
384 3493 426 3554 ab
449 3507 530 3552 aure
556 3491 716 3568 usquead
743 3491 973 3568 supercillium
988 3492 1123 3552 coctura

333 3591 512 3666 protracta.
538 3589 703 3659 Quantum
730 3588 934 3663 irrogaverit
958 3588 1046 3664 ignis
1065 3589 1122 3649 iile

330 3687 498 3767 dolorem,
516 3685 570 3748 vir
598 3686 731 3746 sanctus
756 3684 931 3762 expressit.
962 3686 1119 3758 Laudate,

329 3784 439 3861 iuquit
463 3781 504 3843 ad
531 3782 663 3854 fratres,
692 3783 921 3844 ditissimum:
939 3783 1017 3859 quia
1043 3798 1122 3844 vere

330 3879 689 3956 dicovobis,necignis
701 3881 854 3941 ardorem
865 3880 1036 3952 sensi‚nec
1048 3895 1124 3942 car-

330 3979 383 4040 nis
399 3979 502 4039 ullum
518 3976 678 4038 dolorem.
695 3979 735 4038 Et
755 3991 936 4038 conversus
957 3977 998 4038 ad
1012 3979 1121 4039 medi·

329 4092 425 4138 cum:
441 4077 477 4136 Si
491 4091 558 4135 non
572 4077 633 4144 cst,
650 4074 766 4149 inquit,
780 4089 858 4135 caro
873 4074 957 4135 bene
972 4073 1119 4147 decocta,

328 4173 482 4249 imprime
495 4173 616 4231 iterum
630 4169 763 4231 serrum.
779 4174 943 4247 Expertus
958 4173 1118 4244 medicus,

328 4271 365 4332 in
378 4267 525 4330 invalida
540 4283 641 4328 carne
656 4267 812 4329 virtutem
823 4269 959 4344 spiritus
975 4271 1042 4330 tam
1057 4285 1120 4345 po-

328 4369 452 4429 tentem
465 4365 605 4428 miratus
618 4365 679 4436 est,
689 4366 721 4426 et
736 4364 884 4426 divinum
898 4365 961 4427 hoc
981 4367 1121 4427 miracu·

721 181 730 194 ’
772 222 826 284 uu
849 219 986 282 ornan
1009 221 1041 280 s.
1065 221 1285 282 nnilncrscr
1307 221 1534 282 ussrsnrrs
1939 223 1977 283 oa
2048 315 2049 320 ,

1180 379 1306 452 afferri,
1322 382 1356 442 et
1382 381 1518 442 allatam
1545 381 1641 456 signo
1664 379 1774 442 crucis
1788 380 1974 444 benedixit.

1181 478 1260 538 Mox
1279 479 1394 539 vinum
1410 477 1554 540 eflicitur
1574 478 1746 554 optimum,
1760 479 1848 556 quod
1867 479 1977 540 luerat

1180 590 1267 651 aqua
1282 591 1376 650 pura,
1398 577 1431 636 et
1458 575 1544 651 quod
1563 575 1686 636 deserti
1709 576 1774 636 ioci
1793 580 1976 653 paupertas
2049 611 2051 660 ,¹

1181 687 1246 732 non
1257 671 1447 747 potuit,viri
1458 672 1564 734 sancti
1575 673 1703 748 puritas
1715 673 1976 750 impetravitad
2049 673 2051 714 l

1181 771 1275 844 cujus
1288 769 1421 842 gustum
1435 771 1527 830 tanta
1543 769 1695 846 protinus
1710 769 1872 831 facilitate
1895 787 1976 832 con·

1180 866 1297 938 valuit,
1314 867 1350 927 ut
1364 867 1494 942 saporis
1506 867 1647 938 novilas,
1662 869 1695 928 et
1705 867 1976 929 innovatiosani·

1180 963 1269 1030 tatis,
1287 963 1451 1039 gustabile
1464 978 1504 1024 ac
1520 967 1708 1039 gustantem
1726 968 1974 1040 supernatura·
2045 988 2050 1007 ¹

1181 1060 1257 1121 liter
1272 1061 1481 1131 innovantes,
1498 1060 1677 1137 perlectam
1704 1062 1827 1138 inipso
1852 1078 1977 1138 exspo-

1180 1157 1350 1218 liationem
1374 1157 1498 1219 veteris
1521 1158 1677 1230 hominis,
1699 1161 1732 1220 ct
1752 1159 1974 1220 induitionem

1180 1255 1269 1326 novi,
1287 1254 1411 1331 duplici
1422 1256 1635 1317 attestatione
1648 1255 1829 1318 firmarent.

1220 1354 1295 1414 Non
1315 1352 1422 1413 solum
1438 1352 1592 1414 creature
1619 1367 1715 1414 servo
1734 1355 1794 1415 Dei
1807 1354 1975 1416 serviebat
2052 1367 2053 1436 j

1180 1448 1221 1510 ad
1237 1450 1364 1522 nutum,
1381 1449 1437 1510 sed
1449 1451 1481 1511 el
1492 1451 1788 1528 Creatorisubique
1800 1453 1975 1528 providen-

1179 1545 1226 1607 tia
1242 1545 1529 1608 condescendebat
1543 1547 1584 1608 ad
1598 1547 1768 1623 placitum.
1783 1550 1865 1608 Cum
1885 1549 1975 1608 enim

1179 1643 1327 1720 tempore
1339 1644 1482 1720 quodam
1493 1658 1536 1705 ex
1547 1645 1728 1705 multarum
1741 1645 1974 1706 inlirmitatum

1181 1755 1344 1801 concursu
1357 1741 1538 1817 aggravato
1551 1756 1701 1818 corpore,
1727 1742 1767 1804 ad
1777 1743 1976 1818 jucundita-
2046 1768 2051 1783 ·

1178 1837 1244 1898 tem
1261 1837 1397 1915 spiritus
1423 1836 1634 1900 excitandam
1653 1839 1795 1916 alicujus
1813 1839 1974 1900 audiendi

1180 1933 1253 1996 soni
1271 1935 1458 1996 harmonici
1482 1934 1684 1997 desiderium
1706 1935 1890 2009 habuisset,
1914 1952 1975 1998 nec

1179 2032 1213 2093 id
1227 2031 1412 2095 honestatis
1428 2031 1579 2094 decentia
1592 2033 1885 2108 perminislerium
1902 2035 1975 2096 lieri
2053 2057 2054 2116 p

1180 2131 1350 2206 pateretur
1372 2130 1564 2200 humanum,
1581 2131 1687 2192 adluit
1700 2131 1899 2206 angelorum
1915 2133 1975 2194 ob-
2047 2117 2054 2173 ¹*

1179 2227 1330 2304 sequium
1346 2227 1388 2288 ad
1403 2227 1468 2289 viri
1483 2229 1590 2290 sancti
1605 2227 1763 2304 placitum
1783 2229 1976 2306 adimplen-
2048 2219 2054 2237 '¹

1179 2325 1267 2384 dum.
1285 2326 1390 2386 Nocte
1404 2325 1527 2386 etenim
1547 2326 1688 2402 quadam
1711 2327 1875 2402 vigilante
1887 2329 1972 2404 ipso,

1179 2423 1212 2483 et
1224 2421 1403 2483 meditante
1426 2421 1467 2482 de
1493 2422 1643 2494 Domino,
1670 2426 1807 2500 repente
1824 2424 1975 2487 insonuit

1179 2519 1307 2581 cithara
1343 2519 1493 2596 quaedam
1517 2519 1701 2582 harmoniae
1736 2522 1915 2595 mirabilis,
1943 2527 1975 2585 et

1179 2615 1824 2680 suavissimaemelodiae.Nonvidebatur
1835 2619 1971 2697 aliquis,

1179 2714 1236 2775 sed
1262 2713 1439 2776 transitum
1468 2716 1501 2777 et
1525 2714 1668 2776 reditum
1697 2717 1874 2779 citharoedi
1895 2718 1970 2794 ipsa

1179 2811 1346 2872 hincinde
1361 2811 1494 2873 auditus
1505 2811 1697 2873 volubilitas
1710 2814 1883 2875 innuebat.
1902 2816 1972 2892 Spi-

1176 2909 1246 2970 ritu
1261 2909 1297 2968 in
1308 2910 1410 2970 Deum
1422 2909 1660 2982 directo,tanta
1675 2910 1737 2972 luit
1747 2911 1783 2972 in
1794 2911 1852 2974 illo
1865 2912 1974 2974 dulci-

1179 3021 1260 3069 sono
1275 3007 1423 3068 carmine
1439 3007 1604 3068 suavitate
1619 3006 1811 3084 perfruitus,
1828 3009 1865 3070 ut
1879 3010 1971 3073 aliud

1178 3119 1214 3164 se
1236 3105 1367 3182 putaret
1390 3104 1550 3165 sacculum
1579 3107 1809 3168 commutasse.
1840 3109 1913 3169 Hoc
1939 3113 1972 3170 et

1178 3200 1298 3263 iratres
1323 3200 1385 3262 sibi
1412 3200 1596 3262 familiares
1620 3219 1686 3262 non
1709 3203 1816 3274 latuit,
1840 3206 1898 3281 qui
1914 3221 1974 3282 per

1178 3299 1268 3360 certa
1283 3298 1474 3375 lbequenler
1484 3299 1732 3375 conspiciebant
1747 3301 1883 3368 indicia,
1896 3319 1973 3362 eum

1177 3393 1244 3454 tam
1260 3379 1444 3454 excessivis
1460 3395 1493 3454 et
1503 3392 1630 3454 crebris
1654 3393 1971 3458 consolationibusa

1178 3492 1245 3551 Deo
1256 3489 1398 3561 visitari,
1411 3491 1447 3552 ut
1462 3503 1522 3550 nec
1544 3490 1634 3567 ipses
1649 3493 1785 3554 omnino
1798 3495 1971 3556 occultare

1177 3585 1314 3648 valeret.

1216 3683 1291 3745 Alio
1304 3699 1434 3760 quoque
1445 3669 1593 3760 tempore
1608 3685 1680 3747 viro
1693 3688 1751 3748 Dei
1758 3687 1974 3764 praedicatio-

1177 3780 1230 3841 nis
1253 3795 1354 3842 causa
1370 3780 1457 3842 inter
1477 3781 1710 3843 Lombardiam
1730 3787 1763 3844 et
1784 3786 1971 3846 Marchiam
2055 3833 2056 3844 ,

1177 3878 1394 3939 Trevisauam
1404 3879 1468 3940 iter
1482 3881 1601 3955 agente
1612 3896 1686 3942 cum
1700 3883 1790 3942 socio
1799 3883 1898 3959 Juxta
1912 3887 1974 3946 Pa·

1177 3975 1971 4054 dum,tenebrosanoctissupervenitobscuritas.
2055 3977 2056 4064 j

1176 4073 1323 4148 Cumque
1333 4073 1386 4133 via
1401 4074 1490 4134 esset
1504 4075 1654 4150 exposita
1670 4075 1827 4151 periculis
1840 4080 1972 4154 magnis

1176 4171 1209 4232 et
1228 4169 1341 4230 multis
1362 4171 1496 4246 proptor
1515 4171 1681 4244 tenebras,
1697 4173 1835 4236 liuvium
1851 4176 1885 4236 et
1904 4193 1970 4252 pa-

1175 4266 1281 4339 ludes,
1299 4266 1384 4327 dixit
1397 4269 1507 4328 socius
1521 4268 1561 4328 ad
1577 4269 1684 4330 virum
1704 4271 1855 4332 sanctum
1871 4276 1969 4346 :Ora

1175 4365 1280 4440 pater,
1294 4365 1330 4425 ut
1340 4365 1380 4425 de
1391 4364 1592 4426 instantibus
1603 4366 1761 4443 periculis
1773 4367 1967 4431 liberemur.

328 4463 533 4534 lumextulit,
544 4461 658 4522 dicens
675 4482 682 4521 z
697 4461 777 4522 Dico
791 4462 1037 4535 vobielratres,
1052 4462 1120 4523 vidi
1176 4461 1235 4522 Cui
1252 4461 1305 4523 vir
1324 4462 1385 4524 Dei
1412 4477 1486 4524 cum
1511 4462 1632 4524 liducia
1646 4465 1751 4527 muita
1777 4468 1969 4542 respondit:

328 4561 428 4623 hodie
441 4559 619 4620 mirabilia.
632 4559 715 4630 Quia
726 4558 814 4619 enim
829 4559 869 4619 ad
886 4561 1011 4620 tantam
1027 4559 1122 4620 deve-
1175 4560 1297 4621 Potens
1309 4561 1360 4621 est
1374 4562 1475 4629 Deus,
1492 4561 1520 4620 si
1536 4560 1599 4621 sibi
1621 4560 1741 4636 piacet,
1755 4563 1972 4627 tenebrarum

328 4660 425 4721 uerat
438 4658 626 4734 puritatem,
637 4659 674 4717 ut
686 4671 764 4718 caro
777 4658 921 4734 spiritui,
935 4659 967 4718 et
983 4657 1120 4733 spiritus
1175 4656 1320 4732 effugata
1337 4656 1492 4732 caligine,
1514 4657 1712 4719 beneficium
1732 4659 1817 4720 lucis
1832 4661 1970 4738 impen-

328 4759 407 4826 Deo,
424 4753 598 4814 harmonia
625 4753 769 4814 mirabili
794 4754 1047 4824 concordarent,
1069 4755 1122 4814 di·
1175 4754 1264 4814 dere.
1292 4755 1358 4814 Vix
1381 4769 1568 4816 sermonem
1581 4755 1817 4832 compleverat,
1844 4762 1877 4820 ct
1891 4775 1970 4821 core

328 4853 406 4913 vina
416 4850 626 4912 ordinatione
635 4849 744 4922 flebat,
758 4852 954 4913 utcreatura
970 4851 1120 4912 Creatori
1174 4851 1267 4914 tante
1281 4851 1341 4912 lux
1354 4851 1445 4912 illico
1462 4852 1561 4928 coepit
1578 4852 1667 4914 circa
1681 4869 1737 4914 eos
1753 4870 1900 4930 superna
1914 4872 1974 4918 ra-

329 4965 389 5010 suc
415 4946 618 5020 deserviens,
635 4946 800 5010 voluntati
820 4949 853 5009 et
880 4947 1021 5024 imperio
1047 4952 1119 5026 ejus
1175 4947 1412 5019 diarevirtute,
1438 4949 1475 5010 ut
1497 4950 1593 5011 nocte
1619 4950 1695 5010 aliis
1708 4951 1874 5014 existente
1889 4953 1972 5014 obs-

329 5045 527 5109 mirabiliter
548 5045 745 5122 subjaceret.
766 5044 841 5105 Alio
863 5045 952 5104 enim
971 5046 1121 5122 temporo
1175 5045 1970 5122 curaipsiluceclaraviderent,noneolumviam,

328 5142 415 5221 apud
442 5158 589 5204 cremum
617 5143 731 5203 Sancti
764 5141 890 5220 Urbani
925 5157 1024 5204 servo
1060 5144 1119 5205 Dei
1174 5142 1401 5205 verumetiam
1417 5143 1560 5220 plurima
1579 5144 1848 5222 circumquaque.
1868 5151 1972 5225 CuJus

328 5241 526 5316 aegritudine
540 5240 740 5317 gravissima
762 5237 946 5308 laborante,
963 5241 1119 5317 cumipse
1174 5239 1387 5302 lucisducatu
1400 5241 1619 5316 corporaliter
1629 5241 1757 5316 directi,
1771 5243 1975 5320 etspiritua-

329 5341 457 5400 naturae
483 5337 647 5400 delectum
669 5336 829 5406 sentiens,
857 5335 927 5397 vini
963 5339 1118 5414 poculum
1172 5338 1251 5400 liter
1272 5336 1460 5411 confortati,
1487 5354 1593 5415 usque
1618 5338 1659 5399 ab
1694 5339 1803 5402 iocum
1832 5339 1972 5418 hospitii

327 5435 538 5515 postulasset,
552 5433 701 5510 nihilque
716 5432 757 5493 de
770 5433 861 5506 vino,
873 5433 959 5510 quod
970 5434 1035 5496 sibi
1045 5434 1118 5496 deri
1173 5451 1233 5514 per
1245 5451 1311 5496 non
1323 5435 1488 5497 modicum
1501 5437 1566 5498 viae
1580 5436 1736 5512 spatium,
1752 5453 1827 5498 cum
1843 5438 1971 5500 divinis

326 5535 449 5611 posset,
463 5529 719 5607 responderetur
733 5529 866 5604 adesse3
883 5531 985 5607 jussit
999 5547 1118 5609 aquam
1173 5532 1306 5609 hymnis
1322 5534 1355 5594 et
1369 5532 1522 5594 laudibus
1535 5533 1718 5595 incolumes
1730 5540 1968 5611 pervenerunt.
