4152 6388
145 303 211 368 309
668 301 778 366 PARS
804 293 1007 364 SECUNDA.
1022 293 1273 362 -REGULAE
1731 299 1797 360 310-

144 459 325 526 tatisnihil
340 459 438 538 dent3
453 461 486 524 et
499 459 733 538 nequidquam
752 459 941 522 illisione·
997 457 1112 534 tigerit
1139 457 1283 520 aliorum
1315 455 1491 519 imminere
1525 450 1716 528 laboribus,
1753 452 1794 517 de

143 561 203 622 tur
230 573 251 622 a
278 559 414 636 propria
438 557 577 631 familia,
607 558 787 635 prohibere
816 571 941 636 procu·
997 554 1126 616 cunctis
1148 554 1308 632 appositis
1328 553 1382 615 die
1396 553 1545 630 quolibet
1559 569 1694 614 sumere
1707 552 1794 614 lice-

144 659 232 720 rent.
996 651 1045 714 bit
1057 651 1194 724 eisdem,
1209 651 1277 711 nisi
1289 652 1384 712 sexta
1400 650 1496 724 feria,
1513 650 1567 713 vel
1583 649 1654 711 dios
1669 649 1713 712 sit
1727 649 1795 711 alia

308 753 781 826 Deaoetiaeuttcctjalouto.
997 749 1122 825 inqua
1147 733 1351 824 generaliter
1377 748 1419 810 ab
1450 749 1599 810 Ecclesia
1626 748 1794 826 jejunium

388 913 632 974 GAPITULUM
653 914 681 974 V
786 891 789 900 .
997 841 1148 908 noscitur
1159 845 1358 908 institutum.

186 1046 236 1109 Ab
253 1061 314 1109 esu
329 1047 439 1108 autem
461 1045 625 1117 carnium,
639 1043 796 1117 secunda,
811 1043 941 1121 quarta,
1017 1023 1156 1090 0²⁴0ll‘28
1174 1021 1295 1084 debent
1313 1022 1472 1094 willibert
1494 1037 1560 1098 per
1585 1037 1718 1084 ccccm
1740 1021 1775 1084 ot
1879 1064 1881 1072 .

144 1147 181 1207 et
207 1142 422 1217 senatoria,
452 1142 571 1220 dieque
597 1141 726 1204 sabbati
753 1141 942 1203 abstineant
1170 1134 1310 1182 filmer&
1330 1133 1455 1192 Willis
1474 1119 1614 1180 Christi.

144 1241 309 1312 universi,
327 1241 395 1302 nisi
409 1239 500 1300 aliud
524 1239 728 1301 infirmitatis
749 1237 803 1302 rel
818 1238 941 1300 debili-
1438 1249 1439 1252 ¹

143 1339 225 1401 tatis
243 1337 403 1400 instantia
429 1337 596 1398 suaderet.
621 1335 758 1398 Minutis
781 1351 862 1399 vero
883 1349 943 1413 per
1235 1293 1481 1358 CAPITULUM
1506 1295 1562 1358 VI·

143 1437 294 1498 triduum
316 1451 434 1498 carnes
456 1434 590 1510 dentur3
614 1451 677 1496 nee
701 1434 943 1496 subtrahantur
1037 1429 1167 1506 Singuli
1183 1431 1293 1492 autem
1308 1429 1450 1492 fratrum
1472 1430 1504 1491 et
1518 1443 1671 1490 sororum
1685 1427 1737 1490 tor
1757 1427 1794 1488 in

144 1534 181 1596 in
206 1533 327 1596 itinere
352 1533 553 1595 constitutis.
573 1533 624 1593 stt
642 1545 772 1610 quoque
793 1531 942 1608 ipsarum
996 1541 1095 1600 anno,
1108 1527 1264 1590 videlicet
1278 1527 1313 1587 in
1328 1526 1441 1588 Natali
1456 1525 1599 1594 Domini,
1615 1526 1650 1586 in
1666 1517 1794 1586 Resur-
1924 1545 1926 1554 ⁴

142 1631 305 1693 comestio
329 1630 421 1692 licita
436 1629 590 1706 singulis,
604 1645 678 1691 cum
697 1629 941 1690 solemnitatem
996 1625 1155 1686 rectionis
1173 1624 1280 1702 ipsius
1303 1624 1337 1685 et
1360 1625 1573 1685 Pentecostes
1599 1622 1794 1684 festivitati-

144 1727 352 1806 praecipuam
376 1727 583 1789 intervenire
609 1725 787 1802 contigerit
813 1723 848 1786 in
876 1741 941 1802 qna
996 1721 1069 1794 hus,
1086 1721 1367 1798 peccatapropria
1381 1720 1545 1792 confiteri,
1561 1718 1792 1782 etllucharis-

144 1826 261 1888 caeteri
279 1825 455 1886 christiani
475 1823 516 1886 ab
538 1824 675 1902 antiquo
687 1823 796 1900 epulis
811 1824 941 1884 carneis
996 1819 1077 1880 tiam
1092 1819 1211 1880 devote
1232 1818 1402 1894 suscipere
1426 1831 1492 1878 non
1507 1817 1715 1894 postponant,
1732 1831 1793 1877 re-

141 1923 368 1984 rescisolent.
385 1922 595 1984 Aliisautem
618 1920 746 1995 diebus,
772 1919 941 1997 inquibus
996 1914 1208 1977 conciliando
1243 1931 1280 1976 se
1314 1915 1489 1994 proximis,
1523 1914 1558 1976 et
1585 1913 1793 1976 restituendo

139 2020 308 2098 jejunium
335 2035 402 2080 non
421 2021 665 2091 servaturam
688 2019 722 2080 et
742 2033 860 2080 caseus
874 2031 940 2080 non
997 2014 1097 2076 etiam
1112 2013 1234 2076 aliena.

143 2119 320 2194 negentur,
338 2119 395 2180 sed
411 2135 485 2180 aum
500 2117 668 2194 religiosis
683 2117 804 2180 ceteris
818 2117 854 2178 in
878 2131 940 2178 eo·
1078 2139 1079 2142 ¹
1717 2181 1723 2195 .

141 2229 219 2278 rum
231 2215 506 2279 conventualibus
517 2215 681 2287 domibus,
695 2215 786 2276 licite
810 2229 941 2276 sumere
1038 2185 1130 2252 ΟΜ
1144 2182 1339 2258 liolfsssffflit
1353 2180 1751 2260 choromandarum.

141 2313 280 2376 valeant
317 2313 358 2374 de
393 2311 553 2390 appositis
579 2311 781 2385 abstrdam,
808 2311 941 2388 sintque
1276 2347 1412 2412 CAPUT
1439 2351 1510 2413 VH,

143 2410 281 2488 prandii
307 2423 477 2488 coenaque
497 2409 679 2472 refectione
700 2407 859 2479 contenti,
876 2423 940 2468 ex-

142 2509 250 2584 ceptis
261 2507 440 2583 languidis,
455 2507 490 2570 et
511 2506 709 2581 viatoribus,
725 2521 765 2568 ac
785 2505 939 2568 infirmis.
963 2545 964 2548 κ
1036 2481 1300 2562 ῙΠῙΡΠΒΠᾶῒῙθΠῙΒ
1323 2498 1417 2546 alma
1442 2495 1556 2546 secum
1578 2481 1700 2544 fratris
1723 2497 1792 2542 non

144 2605 198 2668 Sit
211 2605 305 2666 sanis
314 2605 410 2666 cibus
424 2604 616 2666 moderatus
628 2605 660 2666 et
671 2604 862 2681 petraeum
872 2603 942 2664 tex·
996 2581 1157 2655 d0f⁰l³11t2
1181 2581 1322 2658 nisibi⁰
1342 2581 1792 2642 d0f0fl810ss0R0massfflEO·
1867 2595 1869 2602 '

143 2703 201 2764 tus
217 2702 431 2779 evangelicus
444 2702 568 2763 habeat
582 2719 590 2762 :
606 2698 825 2764 Attendite'ne
839 2699 941 2762 corda
996 2679 1119 2752 0¹081ae2
1143 2679 1337 2740 Chrisfiassae
1363 2677 1457 2750 fldeir
1485 2677 1538 2739 iel
1567 2678 1666 2739 ⁰5³⁰]
1692 2678 1792 2738 tesrae

142 2803 258 2862 vestra
270 2800 408 2876 crapula
423 2797 942 2874 egabriggatggravgntup,pffln.
995 2777 1155 2855 ipsorum,
1172 2777 1230 2838 aut
1253 2774 1294 2837 de
1309 2789 1445 2837 suorum
1459 2773 1595 2837 licentia
1614 2773 1791 2836 ministro·-

144 2895 373 2968 alamaniam,
395 2896 449 2958 rel
470 2911 577 2970 coena,
598 2912 665 2958 non
686 2895 753 2957 nisi
768 2894 940 2972 praemissa
996 2891 1082 2936 rum·
1848 2876 1856 2906 ’

145 2993 251 3055 semel
278 2993 451 3056 Dominioa
486 2994 639 3055 oratione
674 2994 835 3064 sumatur,
866 2992 942 3068 post
1035 3039 1041 3049 .
1114 2974 1165 3034 De
1177 2971 1329 3034 diffinisti
1349 2973 1458 3032 Ηθνῑδ
1477 2971 1668 3032 &mmm-

143 3091 368 3168 sumptionem
390 3089 526 3151 cuilibet
546 3105 621 3152 cum
637 3091 704 3150 Deo
725 3089 852 3165 gratias
871 3089 940 3150 ite-

144 3186 263 3250 randa.
291 3187 427 3259 Quodsi
454 3187 561 3248 omitti
589 3186 778 3262 contigerit,
809 3185 941 3247 dicatur
1215 3147 1459 3209 CAPITULUM
1484 3147 1571 3208 vm·

143 3283 521 3348 tribuericihusPotcr
539 3282 838 3356 postramanuu
861 3297 940 3345 vero
1036 3281 1155 3360 Dicant
1182 3279 1331 3344 universi
1357 3279 1504 3358 quotidie
1529 3279 1654 3356 septem
1682 3281 1791 3342 Horas

145 3383 243 3444 sexta
266 3381 350 3442 feria
365 3381 466 3443 totius
481 3381 562 3442 anni
573 3379 739 3458 jejunium
759 3379 939 3454 eelebrent,
997 3379 1191 3450 canonicas,
1213 3379 1369 3442 videlicet
1396 3377 1607 3448 Matutinum,
1633 3377 1792 3449 Primam,

145 3479 215 3541 nisi
242 3478 328 3540 forte
355 3479 548 3540 infirmitate
577 3479 635 3538 aut
662 3477 730 3539 alia
759 3493 861 3540 causa
890 3477 941 3538 ie-
995 3478 1153 3549 'fertiam‚
1186 3477 1332 3549 Sextum,
1368 3479 1516 3549 Nonam,
1549 3479 1726 3552 vesperas,
1761 3475 1795 3536 et

143 3577 261 3654 gitima
284 3575 497 3647 excusentur,
520 3575 574 3637 vel
599 3574 667 3635 nisi
692 3574 813 3636 festum
836 3576 942 3636 Nata·
997 3574 1270 3651 completorium
1296 3574 1428 3646 Clerici,
1463 3573 1619 3635 videlieet
1651 3572 1796 3634 scientes

144 3674 187 3736 lis
205 3674 336 3736 bomini
351 3673 450 3734 Faria
466 3673 540 3749 ipsa
553 3674 747 3734 occurreret
759 3671 942 3734 observan-
996 3671 1208 3744 Psalterium,
1218 3687 1277 3749 pro
1292 3673 1410 3748 prima,
1422 3673 1562 3732 Deusta
1575 3673 1713 3731 comice
1724 3670 1793 3743 too,

144 3771 236 3832 duna.
254 3771 316 3832 Sed
332 3787 351 3832 a
367 3769 450 3832 festo
462 3770 616 3832 Omnium
633 3770 829 3832 Sanctorum
838 3784 942 3845 usqrre
997 3774 1059 3831 etc.
1083 3769 1184 3830 Beati
1206 3768 1432 3840 immoratae,
1457 3781 1561 3843 usgue
1597 3765 1637 3827 ad
1654 3769 1792 3842 Legem,

145 3869 187 3932 ad
205 3869 334 3930 Pascha
350 3870 468 3946 quarta
482 3869 619 3930 etsexta
633 3866 939 3944 leriajejunabunt‚
997 3869 1114 3928 (iwrio
1128 3865 1233 3926 Putat
1242 3865 1366 3926 dicant.
1380 3865 1461 3924 Cum
1473 3877 1553 3925 vero
1564 3863 1605 3924 ad
1617 3863 1794 3925 ecclesiam
1852 3881 1858 3890 ·

144 3967 213 4028 alia
227 3983 301 4044 garae
323 3966 365 4028 ab
379 3967 528 4028 Ecclesia
548 3967 626 4028 sunt
640 3965 763 4028 statiua
783 3964 836 4026 vel
851 3963 943 4025 ordi·
997 3979 1064 4026 non
1079 3962 1249 4036 accedent,
1263 3978 1323 4039 pro
1338 3961 1501 4024 Matutino
1516 3960 1667 4022 Psalmos
1681 3959 1795 4020 dicere

144 4066 235 4136 nata,
254 4079 297 4126 ax
311 4077 413 4125 causa
437 4059 657 4126 communiter
670 4061 795 4124 indicta
810 4060 942 4139 jejunia
997 4061 1162 4132 studeant,
1183 4075 1266 4138 quos
1290 4057 1404 4121 dicunt
1422 4057 1548 4131 clerici,
1574 4058 1628 4121 val
1651 4056 1795 4119 ecclesia

145 4161 323 4224 servaturi.
337 4163 375 4223 in
391 4161 652 4236 Quadragesima
662 4175 742 4222 vero
753 4163 788 4220 Β.
805 4159 942 4221 Martini
997 4157 1209 4230 cathedralis,
1226 4157 1280 4220 vel
1296 4157 1414 4220 saltem
1436 4159 1472 4219 ut
1485 4155 1638 4219 illiterati
1659 4155 1718 4216 alii
1733 4169 1793 4232 pro

145 4259 306 4337 usquead
319 4259 407 4321 diem
421 4258 614 4322 Natiuitatis
630 4258 773 4330 Domini,
790 4258 856 4319 eta
872 4259 942 4318 Do·
997 4257 1159 4319 Matutino
1188 4255 1376 4327 duodecim,
1402 4255 1436 4317 et
1461 4269 1522 4332 pro
1550 4252 1699 4332 qualibet
1724 4251 1792 4313 alia

144 4357 270 4419 mirica
290 4356 578 4434 Quinqungasimaa
603 4371 707 4433 arsque
722 4355 770 4418 ad
795 4354 940 4427 Pascha,
997 4354 1081 4417 hora
1107 4357 1232 4430 septem
1264 4351 1394 4414 vicibus
1428 4355 1541 4415 Pater
1572 4353 1692 4414 noster
1719 4365 1795 4412 cum

144 4453 262 4516 diebus
285 4454 441 4530 singulis,
465 4453 615 4530 exceptis
638 4453 833 4526 Dominicis,
854 4455 943 4530 jeju·
998 4456 1116 4516 &torto
1131 4452 1236 4514 Patri
1264 4450 1376 4513 dicere
1391 4465 1458 4512 non
1484 4449 1653 4524 omittant3
1671 4449 1706 4509 in
1724 4447 1797 4525 qui·

145 4567 227 4614 nare
246 4553 446 4629 procurent3
472 4551 538 4612 nisi
564 4550 655 4612 aliud
679 4549 832 4612 fortassis
847 4549 944 4611 infir·
997 4549 1059 4612 bus
1082 4546 1240 4611 videlicet
1262 4549 1384 4610 Primae
1410 4563 1450 4608 ac
1475 4545 1687 4623 completorii
1704 4545 1799 4605 horis

144 4650 255 4722 mites,
272 4649 324 4711 rel
337 4649 519 4712 necessitas
534 4647 602 4709 alia
619 4647 785 4710 suaderet.
804 4649 942 4708 Sorores
998 4647 1161 4709 minorem
1175 4645 1379 4724 Symbolum,
1393 4645 1794 4715 etMtscrcremctDeus‚

144 4745 303 4823 graudae,
320 4761 425 4824 usque
446 4745 487 4806 ad
501 4761 570 4808 suae
585 4744 829 4822 purificationis
841 4745 940 4818 diem,
997 4745 1169 4822 adjiciant,
1195 4745 1252 4822 qul
1276 4742 1442 4805 noverint.
1474 4741 1537 4802 Sed
1560 4740 1590 4800 si
1615 4738 1707 4800 horis
1729 4753 1796 4799 non

144 4843 187 4905 ab
200 4843 440 4906 exercitatione
456 4841 604 4920 qualibet
617 4841 796 4918 corporali,
811 4842 941 4904 oratio·
997 4842 1145 4905 dixerint
1168 4840 1369 4912 constitutis,
1397 4839 1511 4900 dicant
1535 4837 1643 4900 trihus
1664 4835 1797 4898 vicibus

143 4940 244 5002 nibus
267 4940 440 5003 dumtaxat
467 4918 627 5017 excep'tis,
650 4939 818 5016 poterunt,
838 4939 867 4999 si
882 4955 943 5002 vo-
997 4941 1107 5002 Pctcr
1130 4947 1260 5002 noster.
1276 4937 1402 4999 Infirmi
1417 4936 1529 5000 autem
1549 4936 1651 4998 horas
1673 4935 1798 5011 hujus·
1870 4924 1873 4941 ¹

144 5039 280 5106 luerint,
296 5038 476 5100 abstinere.
490 5038 693 5100 laborantes
709 5037 831 5108 autem,
848 5052 944 5113 prop·
997 5037 1086 5100 modi
1106 5053 1173 5100 non
1196 5037 1374 5098 teneantur
1393 5035 1516 5106 dicere,
1539 5034 1605 5094 nisi
1625 5032 1797 5095 velint.1n

143 5135 197 5196 ter
225 5132 432 5208 fatigationis
464 5132 642 5194 afficientis
677 5131 885 5204 instantiam,
922 5147 942 5192 a
998 5133 1349 5212 Quadragesimarero
1362 5132 1475 5195 sancti
1489 5131 1636 5203 Martini,
1651 5132 1683 5193 et
1696 5129 1797 5192 etiam

143 5231 327 5292 Dominieae
359 5231 628 5292 Resurrectionis
654 5228 739 5293 festo
768 5245 873 5307 usque
901 5228 943 5290 ad
999 5233 1032 5294 in
1058 5233 1189 5311 majori,
1218 5231 1390 5303 ecclesias,
1414 5231 1604 5308 inguarum
1627 5227 1802 5306 parochiis·

143 5327 359 5390 festivitatem
387 5329 424 5388 Β.
452 5329 628 5390 Michaelis
650 5328 811 5406 praedicti,
834 5328 886 5389 ter
907 5327 943 5388 iu
998 5330 1159 5402 habitant,
1186 5328 1438 5392 matutinalibus
1463 5327 1556 5389 horis
1575 5325 1800 5404 personaliter

143 5426 209 5497 die,
234 5441 299 5502 qua
314 5425 476 5488 exercitio
493 5425 618 5488 laboris
632 5426 835 5497 incumbent,
852 5424 944 5487 licite
998 5427 1092 5489 adira
1108 5429 1297 5504 procurent,
1315 5427 1380 5488 nisi
1397 5441 1498 5488 causa
1522 5422 1715 5488 rationabili
1736 5437 1800 5482 ex-

143 5539 278 5586 sumere
290 5523 401 5586 eibum
414 5524 561 5599 possunt.
575 5527 656 5586 Cum
671 5540 750 5587 vere
765 5525 842 5586 illos
857 5539 941 5586 con·
998 5529 1167 5587 cusentur.
