4184 6410
91 282 159 344 aas
474 283 583 346 raas
610 281 1061 372 rama-uxromrio
1089 283 1134 346 m
1163 263 1366 352 renunes.
1685 287 1746 350 ceo

92 442 217 520 tionis,
244 443 278 506 et
305 441 508 520 penitentis
538 442 694 519 salietur,
723 457 766 506 ne
794 443 829 506 in
855 459 896 508 aa
949 445 1119 525 accipiant
1133 463 1153 508 a
1167 447 1308 510 Domino
1322 445 1423 510 etiam
1442 447 1478 508 ln
1491 445 1742 524 temporalibus,
1864 529 1869 538 κ

92 541 253 606 oriantur
281 556 412 604 vermes
438 531 732 619 concupiscentiae3
760 546 794 605 et
818 542 896 619 igne
950 544 1009 606 sed
1036 559 1104 606 non
1127 546 1262 624 prodest
1289 545 1354 620 eis;
1380 545 1414 606 et
1437 559 1496 623 per
1521 545 1585 606 boo
1611 543 1744 608 subdit:

93 637 324 703 tribulationis
342 637 617 712 consolidabitur,
638 653 682 701 ne
701 637 840 712 diffluat,
862 641 896 702 et
950 657 969 701 ι
984 641 1239 704 confundemini
1252 657 1272 704 a
1284 640 1448 704 mondus
1463 641 1595 728 restris,
1610 643 1746 719 propter

94 737 304 800 dissolvatur
318 735 449 798 deliciis
468 735 648 798 mundana
669 734 800 813 glorie.
823 739 896 800 Hoc
950 737 1036 801 iram
1058 737 1182 802 luroris
1206 739 1349 802 Domini.
1366 756 1385 801 a
1403 742 1506 802 Amos
1526 737 1606 818 (6,1
1627 738 1669 800 ad
1686 737 1743 819 6):

94 835 150 898 est
171 835 304 912 pactum
326 833 409 896 salis
428 847 541 896 coram
557 833 708 908 Domino,
724 833 811 912 quod
833 834 896 896 iiiii
949 835 1166 910 «versetis,
1187 835 1244 914 qui
1261 835 1409 914 opulenti
1431 836 1512 899 estis
1530 836 1566 897 in
1592 835 1685 909 Sion,
1711 825 1746 898 et

95 931 223 996 debent
237 932 268 994 ei
284 945 432 993 serrare.
950 933 1117 996 confiditis
1130 934 1165 996 in
1178 935 1291 996 monte
1302 934 1481 996 Samariae:
1494 933 1675 1011 Optimates
1687 947 1743 996 ca-

140 1029 205 1092 Sed
230 1029 388 1108 quoniam
411 1027 493 1092 dicit
521 1029 699 1106 apostotus
724 1029 831 1107 prima
852 1028 894 1090 ad
950 1031 1019 1109 pita
1029 1031 1238 1110 populorum,
1253 1031 1478 1109 ingredientes
1489 1031 1675 1109 pompatice
1689 1030 1746 1094 do·

95 1126 309 1190 Timotheum
335 1124 380 1206 (5,
409 1125 483 1204 17):
510 1142 529 1187 ι
552 1126 613 1199 Qui
635 1126 720 1192 bene
748 1126 897 1205 praesunt
949 1143 1040 1190 mum
1055 1129 1170 1191 Israel.
1186 1129 1341 1192 Transito
1354 1129 1388 1190 in
1402 1127 1561 1198 chalane,
1576 1127 1743 1202 etvidete,

94 1221 295 1304 presbyteri,
310 1222 435 1301 duplici
448 1222 574 1286 honore
588 1223 682 1300 digni
696 1223 893 1298 habeantur,
950 1225 983 1290 et
996 1225 1042 1288 ite
1057 1225 1134 1288 inde
1148 1227 1183 1288 in
1193 1225 1312 1290 Emath
1322 1242 1497 1303 magnam:
1512 1226 1546 1287 et
1555 1225 1746 1288 descendite

95 1320 895 1400 etmaximequilaborantindoctrina,etrerbo
950 1322 1746 1400 in(tetbPalaestirinorum,etadoptimaquaeone

96 1420 180 1482 Deir
194 1417 273 1481 Ideo
285 1418 367 1482 dicit
375 1418 535 1480 Dominus
545 1419 580 1480 in
592 1415 761 1492 ilumeris,
778 1418 895 1482 eodem
949 1435 1054 1498 regna
1066 1435 1181 1483 eorum
1194 1437 1203 1484 ε
1218 1420 1248 1482 si
1263 1421 1363 1484 latior
1373 1419 1536 1484 terminus
1548 1433 1665 1483 eorum
1675 1420 1746 1482 ter·

97 1517 209 1595 capite
229 1515 275 1596 (r.
297 1515 349 1596 12)
369 1537 377 1578 a
398 1518 535 1578 Omnem
558 1513 738 1578 medullam
762 1515 840 1592 olei,
862 1517 896 1578 et
949 1518 1163 1582 minorestro
1179 1519 1242 1582 est.
1262 1519 1325 1592 Qui
1339 1517 1486 1595 separati
1500 1517 1582 1584 estis
1601 1516 1637 1578 in
1655 1516 1744 1580 diem

96 1614 185 1686 vini,
199 1615 233 1676 et
247 1614 404 1676 frumenti
418 1611 493 1675 dedi
514 1613 586 1688 tibi,
601 1615 635 1676 et
649 1613 808 1692 quidquid
824 1613 897 1691 pri·
949 1615 1085 1688 malum,
1102 1618 1136 1678 et
1147 1616 1424 1695 appropinquatis
1437 1615 1523 1678 solio
1540 1613 1739 1693 iniqnitatis.

96 1711 269 1775 mitiarmn
292 1710 449 1775 offerunt.
469 1725 492 1772 ›
512 1710 633 1773 (llerici
652 1712 741 1776 enim
765 1711 896 1773 medul-
950 1711 1012 1785 Qui
1027 1711 1179 1774 dormitis
1191 1713 1227 1774 in
1240 1713 1336 1776 lectis
1349 1712 1518 1786 eburneis,
1532 1713 1566 1776 et
1577 1711 1741 1775 lascivitis

96 1810 165 1872 iam
180 1808 319 1884 bahent;
342 1809 402 1870 aiii
424 1823 490 1870 non
512 1809 579 1870 nisi
600 1807 782 1871 corticem:
800 1809 895 1872 Unde
947 1809 985 1871 in
997 1807 1114 1872 stratis
1126 1809 1259 1883 restris,
1272 1811 1305 1873 et
1318 1806 1367 1889 (8)
1377 1809 1554 1872 comeditis
1562 1823 1686 1886 agnam
1700 1809 1742 1872 de

96 1907 164 1985 ipsi
187 1905 398 1986 impinguati,
424 1906 616 1980 incrassati,
636 1907 670 1970 et
690 1905 820 1971 dilatati
838 1921 895 1969 re·
948 1921 1061 1984 grege,
1077 1906 1111 1969 et
1122 1907 1246 1970 vitulos
1259 1907 1301 1970 de
1315 1907 1425 1970 medio
1438 1907 1590 1970 armenti.
1608 1904 1671 1979 Qui
1686 1917 1744 1968 ca-

96 2003 275 2070 calcitrant
289 2005 405 2068 contra
419 2019 516 2067 suum
534 2003 738 2081 largitorem.
763 2001 827 2067 sed
841 2005 895 2068 at-
948 2002 1078 2068 nitisad
1088 2019 1204 2067 vocern
1214 2005 1370 2068 Psalterli
1381 2023 1388 2066 ε
1399 2003 1599 2067 sioulDarid
1610 2003 1746 2082 putare·

96 2100 300 2166 tendendum
327 2101 413 2179 quod
438 2102 613 2180 sequitur:
633 2102 729 2175 «Qui
751 2101 893 2164 mundns
948 2104 1027 2164 runt
1040 2102 1305 2166 sebabererasa
1318 2102 1452 2175 cantici,
1467 2100 1744 2164 bibentesrinnm

96 2197 199 2260 estin
214 2197 311 2260 domo
325 2199 394 2270 tua,
410 2199 566 2260 vescetur
579 2197 639 2261 cis.
656 2214 677 2257 s
691 2199 814 2260 casem
828 2195 895 2274 igi-
948 2199 983 2262 in
999 2199 1134 2276 phialis,
1155 2199 1188 2262 et
1209 2200 1334 2276 optimc
1348 2199 1519 2276 unguento
1533 2196 1672 2262 delibuti
1686 2215 1695 2262 :
1710 2199 1745 2262 et

94 2295 153 2357 tur
166 2295 223 2373 qui
237 2293 427 2356 immundus
440 2291 550 2367 tuerit,
567 2311 610 2356 ne
623 2295 798 2369 rosnaium
813 2295 895 2358 alio·
948 2297 1034 2359 nihil
1055 2295 1342 2374 compatiebantur
1356 2293 1404 2375 (3)
1423 2308 1524 2372 super
1542 2295 1742 2358 contritione

98 2393 182 2470 quin
195 2392 334 2454 multum
347 2391 530 2454 timendum
546 2390 653 2454 estol.
666 2391 894 2455 Voluitetiana
947 2393 1117 2471 loseph.»
1141 2393 1226 2455 illud
1247 2393 1292 2456 do
1311 2392 1462 2471 proelatis
1479 2389 1682 2470 potentibus,
1710 2390 1744 2454 et

97 2489 260 2551 Dominus
280 2488 354 2550 dari
369 2488 400 2550 ei
420 2502 439 2550 a
459 2487 582 2567 populo
599 2487 757 2563 decimas,
777 2492 811 2552 et
829 2489 895 2568 pri·
948 2491 1125 2568 opulentis,
1137 2491 1172 2552 in
1183 2491 1432 2562 montesancto,
1444 2485 1531 2552 idest
1541 2488 1743 2552 excellentia

97 2586 222 2659 milies,
244 2586 332 2650 unde
346 2583 485 2656 viverat,
503 2587 536 2650 ct
554 2586 814 2662 sustentaretur3
834 2601 894 2664 per
948 2589 1106 2652 Ecclesiae
1124 2588 1166 2650 ad
1188 2587 1443 2650 custodiendum
1464 2586 1665 2658 constitutis,
1682 2585 1741 2664 qui

97 2684 161 2748 boc
176 2683 383 2760 significans,
400 2683 489 2762 quod
503 2683 537 2745 in
552 2683 695 2746 exordio
704 2683 803 2747 bona
818 2699 894 2747 con·
947 2687 1059 2752 tamen
1073 2683 1255 2750 existentes
1278 2685 1312 2746 in
1331 2685 1441 2762 capito
1465 2684 1663 2762 populorum
1682 2683 1738 2746 in-

96 2781 310 2856 versaticnis,
334 2782 368 2844 et
394 2775 600 2860 perfectione
621 2780 783 2844 bonorum
808 2795 891 2860 ope·-
946 2783 1145 2860 grediuntur
1160 2782 1356 2860 pompatice,
1373 2795 1441 2844 non
1459 2795 1535 2842 cum
1554 2780 1743 2842 humilitate

97 2894 184 2952 rum,
213 2877 508 2956 admoderamen
534 2892 555 2939 a
581 2875 734 2952 subditis,
761 2878 892 2957 praelati
947 2881 1080 2944 domurn
1095 2881 1170 2954 Dei,
1181 2881 1243 2953 eis,
1258 2881 1406 2958 inquam,
1421 2879 1565 2942 dicitur:
1587 2878 1742 2942 Transito

95 2991 213 3038 eorum
228 2975 449 3052 spiritualiter
460 2976 700 3050 sustententur,
717 2977 751 3039 et
765 2976 889 3040 vivant.
947 2977 983 3040 in
1002 2977 1160 3039 chalane.
1177 2975 1326 3038 chalane
1347 2975 1587 3052 interpretatur
1608 2989 1741 3050 omnes3

96 3074 180 3136 Boni
202 3073 290 3136 enim
311 3073 442 3152 praelati
462 3089 529 3135 uon
548 3071 758 3136 arbitrantur
777 3089 814 3136 se
834 3075 890 3137 vi·
946 3073 1233 3150 anathemabis,
1247 3071 1508 3148 Gotlttorcular3
1522 3071 1619 3150 quasi
1633 3071 1740 3134 (licata

96 3185 187 3240 vere,
201 3170 268 3232 nisi
281 3171 526 3233 viventeorurn
536 3171 675 3248 subditi3
688 3171 776 3234 unde
789 3175 893 3249 Apos-
947 3172 1167 3236 Considerate
1188 3170 1350 3249 superbos
1373 3169 1504 3242 diuites,
1527 3168 1584 3247 qni
1608 3169 1744 3247 prepter

95 3267 184 3330 tolus
205 3284 215 3328 ε
235 3270 293 3330 stc
314 3271 465 3330 citamus
488 3271 523 3330 st
548 3283 610 3332 cos
631 3269 736 3331 statis
758 3271 797 3332 ta
821 3273 893 3332 ltoh
946 3269 1521 3347 divitiassuasnenputantseessa
1534 3265 1741 3344 unumquid,

95 3367 190 3428 mino
206 3363 267 3445 (1).
283 3367 379 3437 Ecca,
394 3363 480 3444 quod
500 3378 568 3426 non
589 3365 766 3444 reputabat
783 3381 820 3427 se
834 3367 890 3428 vi·
946 3367 1004 3430 aed
1019 3363 1143 3430 omnia.
1167 3355 1384 3430 Considerate
1404 3365 1505 3428 etiam
1526 3363 1688 3442 potentes,
1709 3362 1743 3426 et

95 3477 176 3524 aare
210 3462 400 3540 apostolus,
436 3462 503 3524 nisi
531 3463 663 3525 starent
686 3462 723 3524 in
749 3462 824 3536 lide,
858 3461 893 3526 et
946 3465 1163 3544 nobiles‚.qni
1176 3465 1212 3528 in
1232 3465 1397 3541 sanguino
1410 3476 1471 3526 sao
1488 3460 1742 3541 acquiruntsibi

96 3559 258 3638 operibns
288 3559 396 3633 bonis,
425 3557 545 3636 palbras
574 3559 649 3638 ipse
680 3557 892 3623 ministrabat
945 3563 1173 3640 temporalia:
1201 3563 1235 3625 et
1257 3561 1466 3640 postmodnm
1487 3559 1684 3622 descendite
1700 3558 1742 3621 ad

96 3656 236 3720 verbum
249 3657 321 3720 liei.
946 3661 1103 3732 minores,
1121 3659 1163 3721 ad
1180 3658 1351 3731 officiales,
1372 3659 1406 3720 et
1427 3657 1600 3720 ministros
1620 3657 1742 3733 poten-

136 3756 293 3833 Sequitur
309 3756 346 3817 in
367 3753 528 3816 Numeris
537 3752 601 3834 (18,
623 3751 677 3834 88)
691 3774 699 3817 a
714 3770 735 3815 ιι
753 3756 892 3817 Pectus-
945 3759 1040 3831 dom,
1057 3756 1113 3835 qui
1128 3757 1206 3819 sunt
1220 3755 1370 3818 torcular
1381 3759 1545 3833 mm'orum
1560 3769 1621 3830 per
1632 3767 1742 3816 vexa-

95 3853 208 3914 culum
228 3853 470 3924 consecratum,
495 3853 529 3914 et
550 3865 664 3912 armus
682 3850 810 3926 dexter,
834 3852 891 3915 tua
945 3855 1066 3928 tiones,
1080 3853 1361 3917 stimmoderatas
1374 3852 1576 3914 coactiones.
1590 3850 1743 3912 mecon·
1832 3851 1837 3858 ’

95 3952 204 4013 erunt.
223 3968 241 4011 a
262 3954 299 4013 ln
313 3950 518 4028 pectusculo,
536 3949 678 4012 scientia
693 3963 770 4012 cnm
784 3949 892 4010 humi·
946 3951 1113 4025 sideretis,
1129 3950 1239 4014 ridete
1254 3963 1313 4012 ros
1326 3949 1458 4020 clerici,
1471 3963 1532 4010 vos
1552 3945 1693 4026 praelati,
1713 3947 1742 4008 si

96 4049 348 4122 litatenotatur,
364 4065 463 4126 quam
480 4045 602 4110 debent
620 4047 736 4110 clerici
753 4045 891 4109 babere.
946 4050 1049 4112 latior
1064 4050 1115 4112 est
1132 4047 1296 4111 terminus
1314 4061 1430 4109 eornm
1450 4045 1594 4109 termino
1609 4046 1740 4118 vestro;

95 4148 165 4208 Hoc
178 4145 267 4208 enim
284 4147 411 4210 Levitis
423 4145 547 4209 dimum
567 4146 628 4219 est,
643 4145 730 4207 sicut
743 4146 776 4207 et
790 4160 891 4223 supra
948 4147 1045 4226 qnasi
1067 4145 1183 4209 dicat:
1200 4147 1276 4208 Non
1300 4147 1351 4208 est
1373 4143 1485 4206 latior.
1509 4142 1573 4215 Qui
1594 4141 1743 4220 separati

94 4243 229 4306 dicitau.
246 4245 495 4306 consecratum
517 4257 597 4322 ergo
612 4241 706 4318 dicit,
723 4255 792 4305 non
810 4257 892 4305 exe·
947 4245 1029 4308 estis
1044 4261 1105 4323 per
1117 4243 1312 4321 dignitatem
1327 4240 1534 4320 praelationis
1549 4239 1592 4303 ab
1607 4241 1695 4314 aliis,
1710 4241 1744 4304 et

95 4342 235 4410 eratum,
272 4341 308 4402 nt
352 4355 483 4403 saonam
518 4340 667 4403 insinuet
701 4341 888 4414 scientiam,
946 4341 1220 4421 appropinquatis
1233 4341 1318 4404 solio
1331 4339 1528 4418 iniquitatis,
1544 4339 1631 4402 idest
1645 4338 1743 4400 malas

94 4437 273 4512 theologiae
294 4437 432 4510 scilicet,
453 4453 520 4514 qua
537 4435 654 4501 imbuti
676 4437 798 4502 debent
815 4453 891 4502 esse
946 4439 1163 4519 praelationis,
1180 4437 1309 4500 scilicet
1329 4452 1390 4516 per
1408 4435 1572 4498 malitiam
1595 4437 1743 4499 vestram

94 4533 241 4598 ministri
258 4533 331 4606 Dei,
350 4549 417 4594 non
437 4535 624 4608 scientiam,
644 4550 719 4613 quae
735 4536 891 4599 deorsum
945 4537 1074 4615 adepta
1086 4559 1095 4597 ε
1109 4537 1166 4599 sed
1180 4535 1243 4598 boo
1253 4533 1443 4598 servabitur
1451 4533 1487 4596 in
1499 4531 1594 4595 robis
1604 4531 1640 4594 in
1652 4533 1743 4594 diam

95 4633 157 4706 est,
184 4633 366 4704 terrenam,
397 4631 589 4703 animalem,
618 4631 829 4695 diabolicam.
853 4635 890 4694 ln
945 4635 1081 4707 malurn,
1108 4633 1166 4712 qni
1187 4632 1339 4696 dormitis
1358 4633 1394 4693 in
1413 4631 1509 4694 lectis
1528 4630 1661 4701 vesnia,
1683 4629 1743 4706 qui

96 4745 197 4806 armo,
208 4729 346 4792 dextero
361 4727 457 4791 tortis
476 4729 510 4790 et
528 4731 644 4790 sancta
663 4730 812 4806 operatio
826 4730 889 4792 de·
945 4730 1070 4809 plumei
1082 4731 1170 4793 sunt.
1186 4731 1226 4792 lit
1241 4729 1325 4791 nihil
1338 4725 1626 4805 compatiebantur
1640 4741 1742 4804 super

96 4828 256 4904 signatur,
274 4843 374 4905 qnam
392 4825 548 4888 similiter
562 4824 683 4888 debent
702 4824 842 4902 babere;
858 4827 892 4888 et
945 4829 1145 4892 contritione
1165 4826 1303 4904 loseph,
1326 4825 1413 4889 idest
1433 4825 1548 4903 populi
1571 4821 1636 4884 sibi
1657 4821 1740 4886 sub-

97 4925 170 4988 ideo
184 4925 292 4988 dicit:
314 4923 443 4997 deuter,
459 4939 527 4987 non
546 4923 693 4985 sinister.
715 4923 809 4988 Unde
828 4925 889 4986 le·
945 4925 1019 4989 diti.
1043 4927 1091 4988 De
1112 4924 1304 4988 eorumdem
1326 4923 1503 4986 aversione
1521 4921 1602 4984 dicit
1619 4922 1744 4986 Hiero·

95 5023 210 5086 remiae
221 5020 288 5102 (12,
303 5023 356 5100 18)
370 5043 379 5083 :
394 5021 661 5084 ‹Haereditatsm
676 5023 889 5098 acceperunt,
944 5039 1065 5101 nymus
1088 5038 1190 5100 super
1204 5019 1397 5084 Mattbaeum
1412 5018 1471 5100 (4).
1489 5021 1551 5092 Qui
1566 5018 1666 5082 rebus
1678 5021 1743 5082 Ec·

97 5123 129 5183 et
143 5135 209 5182 non
228 5119 278 5182 eis
293 5119 482 5198 proderit.»
502 5119 740 5184 Hereditatem
758 5119 890 5198 quidem
945 5121 1057 5185 cicsiae
1070 5118 1119 5201 (5)
1132 5119 1316 5182 abutuntur
1336 5119 1372 5180 in
1392 5117 1492 5180 rebus
1510 5117 1602 5191 aliis,
1620 5117 1744 5196 quibus

131 5319 172 5396 (l)
161 5319 315 5392 ll'ibess.
320 5322 537 5406 ,d,8..llulg:
553 5335 640 5380 nunc.
945 5321 1168 5380 (timnas'tu
1249 5318 1347 5392 istipe
1362 5317 1469 5391 templi,
1485 5317 1653 5448 ιιὴῑιῇιιω
1667 5333 1738 5378 con·

131 5396 176 5612 (Ξ)
143 5394 300 5536 dlxiiii!g
316 5362 504 5546 gaietanus.
943 5362 1745 5546 ssfflnmrsffiagaugxp'effisrffi'bomffirragusanae&

145 5478 771 5664 tcoamara.inliatm.,iib1v,oe‹p.ts
943 5533 1111 5620 scribarum,
1131 5539 1161 5590 et
1180 5530 1372 5616 sacerdotum,
1397 5531 1598 5590 redimentium
1618 5529 1736 5590 menda

131 5543 176 5687 (5)
163 5604 250 5687 toul
265 5605 346 5662 retas
365 5605 505 5676 dentato,
525 5613 581 5665 etc.
608 5609 640 5664 ln
699 5606 744 5665 tis
763 5605 886 5682 legitur.
942 5606 1030 5676 cium,
1041 5604 1239 5664 elsataatoris
1253 5601 1462 5677 sanguinem.
