4204 6402
347 383 410 444 843
774 385 806 442 S.
837 383 1012 444 ANTONII
1042 383 1228 444 PADUANI
1257 385 1394 446 OPERI(
1420 385 1568 448 OMNIA.
1938 385 1996 445 844

294 563 302 586 ·
350 541 439 602 inter
453 540 575 614 tilios»;
591 540 670 616 quia
686 540 772 600 inter
785 555 899 602 omnes
911 541 1051 602 Sanctus
1064 555 1143 616 gra·
1197 540 1312 616 procul
1327 541 1486 604 odoratur
1498 542 1633 614 bellum,
1650 542 1919 604 exhortationem
1935 541 2000 601 du-

349 637 408 708 tie,
425 635 457 698 et
471 635 631 712 dignitate
649 636 819 712 praecellit.
845 637 991 712 Spatulae
1012 636 1142 698 arboris
1197 654 1283 708 oum,
1298 639 1331 698 et
1342 637 1503 707 ululatum
1517 639 1696 700 exercitus.
1713 655 1731 700 r
2070 703 2071 710 χ

351 733 428 796 sunt
442 732 601 808 triumphi
626 735 822 809 Martyrum.
850 733 991 808 Lignum
1019 738 1144 794 denro-
1237 735 1310 794 Non
1331 736 1464 810 reputat
1484 734 1571 795 tubae
1593 733 1941 810 sonareclangorem;
1959 735 2000 793 ut
2070 715 2071 726 ¹

349 845 430 890 rum
439 832 616 904 frondium
631 831 682 891 est
704 845 799 892 sacra
820 831 1003 906 Scriptura,
1027 831 1143 908 inqua
1198 829 1342 891 audierit
1355 829 1540 902 buccinam,
1557 831 1638 892 dicit
1654 832 1758 902 :Vah,
1771 834 1914 908 quaeest
1929 847 1998 892 nox

350 927 438 994 sunt,
462 927 620 1002 tanquam
646 926 781 988 frondes
796 926 984 998 condensae,
1010 930 1145 988 senten·
1198 926 1425 988 exultationis.
1450 929 1514 988 Per
1536 928 1598 988 hoc
1622 943 1703 1004 ergo
1725 927 1823 988 datur
1834 928 1999 1002 intelligi,
2071 963 2072 966 =

349 1023 406 1084 tiae
435 1026 578 1096 sanctae;
612 1023 700 1084 uude
729 1021 834 1101 (Psal.
865 1025 916 1096 28,
938 1023 972 1102 9)
999 1045 1006 1084 :
1029 1039 1047 1082 e
1071 1026 1145 1084 Vox
1198 1024 1254 1101 qui
1276 1025 1387 1099 justus
1414 1039 1480 1084 non
1504 1024 1611 1084 solum
1627 1025 1661 1086 in
1676 1023 1847 1086 laboribus
1872 1039 1998 1102 perse-

350 1121 480 1182 Domini
512 1119 733 1197 praeparantis
774 1135 902 1192 cervos,
939 1122 972 1182 et
1013 1119 1145 1182 revela·
1198 1123 1302 1189 verat,
1318 1121 1378 1181 sed
1400 1121 1501 1182 etiam
1524 1121 1560 1180 in
1575 1121 1657 1196 ipsis
1676 1121 1826 1182 adversis
1847 1122 1995 1182 exultat.

353 1218 402 1280 bit
430 1217 597 1279 condensa
628 1217 714 1278 :Eis
737 1218 839 1286 enim,
864 1217 921 1294 qui
949 1233 1029 1278 vere
1054 1217 1145 1278 cerri
1200 1219 1268 1278 Nec
1293 1217 1371 1288 hoc,
1399 1217 1485 1294 quod
1507 1223 1629 1290 procui
1661 1220 1830 1280 odoratur
1858 1221 1997 1286 bellum

356 1317 444 1386 sunt,
460 1314 657 1376 anhelantes
672 1313 795 1375 iontem
811 1313 935 1384 vivum,
957 1317 1044 1374 Deus
1059 1329 1143 1390 ape·
1199 1315 1427 1390 imprudenter
1450 1314 1540 1385 iacit,
1567 1315 1645 1390 quia
1662 1330 1706 1376 ex
1723 1315 1836 1376 causis
1859 1330 1997 1392 praece-

356 1413 402 1474 rit
433 1407 692 1482 condensitates,
733 1411 821 1472 idest
860 1411 933 1472 loca
970 1411 1145 1488 scripturae
1199 1411 1363 1483 dentibus,
1380 1426 1454 1488 qum
1474 1412 1630 1472 vitiorum
1652 1427 1772 1488 pugnae
1793 1415 1994 1488 sequuntur,

352 1509 507 1580 obscura,
525 1511 561 1569 ut
584 1509 740 1570 haustum
759 1524 925 1570 venenum
948 1509 1041 1568 iniis
1063 1524 1144 1569 evo·
1199 1511 1351 1584 agnoscit
1366 1525 1374 1568 :
1392 1510 1681 1572 dehortationem
1690 1512 1827 1579 ducum,
1838 1510 1874 1570 et
1889 1513 1999 1572 mado·

353 1610 455 1668 mant.
474 1605 568 1668 Salix
592 1605 798 1666 infructuosa
820 1607 897 1666 sunt
912 1606 1027 1666 Sancti
1047 1605 1143 1676 casti,
1200 1607 1274 1666 turn
1288 1606 1476 1666 accercitus.
1493 1607 1558 1666 Per
1571 1603 1672 1664 duces
1686 1605 1783 1674 vitia,
1806 1619 1881 1682 quae
1904 1619 1998 1682 pres-

352 1704 385 1764 et
399 1703 559 1778 virgines,
576 1703 632 1779 qui
648 1702 726 1763 licet
747 1703 815 1763 sint
839 1701 1051 1776 infructiferi,
1067 1703 1145 1779 quia
1200 1701 1340 1762 tendunt
1361 1703 1505 1777 speciem
1528 1701 1731 1776 sanctitatis;
1752 1703 1997 1778 perunctum

352 1801 604 1875 nongenerant,
626 1799 791 1860 iructiteri
819 1803 931 1860 tamen
955 1800 1043 1865 sunt,
1067 1799 1145 1874 quia
1200 1800 1375 1860 accercitus
1387 1798 1444 1860 illa
1453 1799 1534 1860 vitia
1550 1799 1780 1874 designantur,
1791 1813 1866 1876 quae
1881 1799 1996 1858 nullas

352 1912 396 1957 ex
430 1897 582 1957 castitate
629 1895 811 1956 maximum
854 1895 997 1957 fructum
1041 1911 1147 1971 prees·
1201 1893 1324 1956 habent
1346 1895 1475 1972 species
1489 1895 1642 1956 rationis.
1660 1895 1855 1958 Exhortatio
1871 1895 1997 1955 ducum

352 1993 441 2066 tant3
466 1992 552 2052 unde
576 1992 672 2052 isaim
697 1989 762 2066 (56,
779 1997 797 2053 4
819 1995 851 2054 et
871 1991 904 2071 5)
921 2015 928 2052 :
944 1995 1054 2054 ‹llaec
1067 1993 1147 2054 dicit
1202 1992 1358 2068 praecedit
1369 1991 1531 2052 ululatum
1542 1992 1721 2062 exercitus,
1732 1993 1809 2067 quia
1821 1993 1875 2054 vir
1882 1993 1997 2068 Justus

353 2089 513 2152 Dominus
543 2087 751 2160 eunuchis»
778 2089 864 2150 idest
884 2090 986 2150 castis
1003 2107 1040 2150 :a
1056 2089 1147 2150 Dabo
1202 2089 1372 2166 praevidet,
1395 2090 1429 2150 et
1451 2088 1632 2166 praesentit,
1657 2105 1733 2148 cum
1752 2089 1888 2166 propria
1911 2089 1996 2148 vitia

352 2186 401 2248 cis
425 2187 460 2246 in
491 2186 589 2246 domo
613 2201 698 2255 mea,
733 2185 767 2245 et
790 2186 828 2248 in.
851 2187 955 2246 muris
983 2185 1066 2260 meis
1095 2186 1147 2247 lo·
1201 2186 1345 2262 speciem
1361 2187 1501 2248 rationis
1516 2201 1667 2262 superse
1686 2185 1911 2262 ingesserunt,
1938 2188 1997 2246 aut

351 2298 438 2354 cum,
454 2285 488 2343 et
505 2297 625 2343 nomen
647 2280 900 2348 meliusaiiliis,
924 2285 957 2344 et
971 2281 1147 2353 filiabus.»
1201 2280 1268 2342 alia
1292 2283 1386 2354 vitia,
1414 2298 1487 2358 quaa
1513 2283 1711 2360 sequuntur,
1742 2285 1814 2358 ejus
1845 2285 1996 2342 mentem

352 2379 448 2456 quasi
463 2393 583 2440 nomen
599 2378 829 2448 excellentius,
844 2380 985 2456 quamsi
1004 2379 1103 2452 illios,
1115 2364 1148 2442 et
1202 2379 1297 2455 quasi
1312 2379 1444 2441 bestiali
1460 2394 1551 2439 more
1564 2377 1780 2440 contundunt.

351 2476 439 2538 illias
453 2477 689 2550 generassent:
707 2475 794 2536 unde
809 2476 1147 2552 sequitur:«Nomen
1243 2475 1400 2552 Sequitur
1430 2475 1470 2538 de
1496 2475 1629 2538 fiducia.
1657 2476 1794 2537 Fiducia
1823 2477 1875 2536 est
1903 2478 1996 2536 certa

352 2573 589 2650 sempiternum
617 2571 702 2632 dabo
726 2573 786 2646 eis,
814 2572 899 2650 quod
921 2588 988 2632 non
1014 2573 1145 2648 peribit.
1203 2588 1277 2648 spes
1292 2572 1493 2648 perducendi
1507 2573 1549 2632 ad
1570 2573 1668 2634 tinem
1681 2572 1768 2649 quod
1782 2573 1834 2633 est
1853 2571 1998 2632 inchoa·
2074 2639 2075 2648 χ

353 2671 516 2744 Protegar
542 2669 577 2728 in
599 2667 786 2730 velamento
812 2669 942 2730 alarum
966 2671 1148 2730 tuarum.»
1201 2672 1286 2742 tum;
1312 2674 1345 2730 et
1366 2669 1452 2730 hano
1475 2673 1603 2746 partem
1627 2669 1770 2732 ostendit
1784 2668 1903 2729 lortius
1917 2669 1995 2739 Job,

354 2769 392 2828 lit
407 2767 469 2827 hoc
484 2767 545 2834 est,
562 2765 648 2841 quod
663 2765 785 2826 dicitur
806 2766 1028 2827 Numerorum
1050 2765 1149 2844 (9,15
1203 2782 1276 2826 cum
1298 2766 1379 2828 dicit
1403 2765 1467 2844 (39,
1482 2766 1562 2845 20):
1587 2783 1606 2826 e
1629 2767 1743 2827 Gloria
1765 2766 1900 2826 narium
1920 2769 1996 2842 ejus

352 2865 385 2926 et
401 2861 451 2941 16)
470 2884 476 2922 :
492 2881 509 2922 «
527 2863 631 2937 igitur
643 2861 707 2934 die,
723 2877 787 2938 qua
801 2863 946 2923 erectum
962 2865 1014 2922 est
1032 2863 1146 2924 taber·
1202 2865 1312 2924 terror
1326 2881 1355 2930 s,
1370 2863 1464 2939 quasi
1478 2863 1568 2924 dicat
1588 2884 1596 2923 ε
1616 2865 1755 2924 Tantam
1770 2862 1871 2924 habet
1880 2865 1996 2939 justus

352 2961 521 3030 naculum,
553 2959 685 3036 operuit
718 2959 799 3019 illud
827 2959 931 3020 nubes
960 2975 1019 3036 per
1047 2960 1145 3032 diem,
1203 2961 1413 3023 securitatem
1431 2959 1601 3026 obtinendi
1625 2961 1726 3024 vitam
1753 2960 1925 3030 aternam,
1953 2960 1993 3020 ad

352 3057 439 3118 idest
454 3055 663 3130 refrigerium
680 3056 797 3118 contra
812 3055 1029 3120 tentationum
1049 3055 1149 3116 ardo-
1203 3073 1300 3134 quam
1326 3057 1453 3128 nititur,
1480 3057 1566 3133 quod
1590 3056 1667 3116 inde
1695 3056 1873 3132 gloriatur,
1906 3056 1994 3116 unde

353 3170 443 3228 rem;
466 3154 499 3214 et
524 3153 619 3232 quasi
652 3153 740 3227 ignis
768 3153 896 3228 species
920 3167 980 3227 per
1005 3155 1145 3225 noctem,
1204 3154 1310 3214 malus
1326 3154 1479 3214 terretur.
1498 3153 1591 3214 Unde
1601 3153 1889 3230 gloriaturjustus
1905 3165 1993 3212 mer·
2075 3204 2076 3224 ,

353 3251 439 3312 idest
452 3250 569 3326 gratiae
582 3249 762 3311 illustratio
774 3249 814 3309 ad
827 3247 1006 3310 tollendam
1021 3251 1148 3326 peccati
1203 3251 1315 3312 cedem
1328 3253 1519 3328 expectans,
1536 3250 1614 3310 inde
1627 3251 1771 3310 terretur
1782 3249 1927 3325 injustus
1937 3251 1994 3326 ju-

355 3347 602 3410 ohscuritatem.
1202 3347 1325 3432 dicium
1341 3347 1473 3408 Domini
1487 3347 1757 3424 perhorrescens.
1774 3347 1853 3406 llaec
1869 3344 1990 3421 gloria,

394 3447 472 3504 Haec
487 3443 639 3514 materia,
656 3459 729 3519 quae
747 3444 908 3522 sequitur,
925 3443 1147 3507 continuanda
1202 3445 1235 3504 et
1249 3444 1450 3504 desiderium
1460 3444 1554 3521 justi,
1572 3445 1609 3505 ut
1621 3444 1734 3505 veniat
1748 3442 1818 3503 dies
1827 3441 1960 3518 judicii.

354 3543 491 3606 estcum
517 3541 655 3603 materia
680 3543 834 3617 superius
861 3542 1015 3618 incoepia,
1033 3543 1145 3603 idest:
1243 3541 1399 3618 Sequitur
1413 3541 1453 3602 de
1473 3542 1661 3602 securitate.
1685 3539 1855 3600 Securitas
1874 3541 1926 3600 est
1940 3539 1992 3599 in-

353 3639 608 3702 Fortitudtnem
619 3639 1047 3703 mehenediecustodiom.
1202 3638 1450 3700 commoditates
1478 3637 1699 3707 imminentes,
1736 3637 1770 3696 et
1794 3635 1990 3698 afflictiones

396 3735 459 3796 Sed
480 3738 569 3806 nota,
587 3736 672 3814 quod
689 3735 892 3797 tortitudinis
912 3736 1057 3813 quinque
1072 3739 1148 3798 sunt
1202 3751 1268 3796 non
1283 3735 1476 3810 formidare3
1495 3734 1581 3794 unde
1596 3752 1603 3795 :
1619 3734 1753 3798 Exultat
1773 3732 1943 3802 audacter,
1959 3732 1990 3792 iu

354 3833 489 3911 partes:
512 3833 783 3908 Magnanimitas,
810 3833 944 3904 ilducia,
972 3835 1145 3906 securitas,
1202 3847 1376 3892 occursum
1395 3833 1503 3908 pergit
1517 3833 1666 3902 armatis,
1683 3830 1864 3892 contemnit
1886 3844 1990 3906 paro-

353 3931 526 4010 patientia,
543 3931 576 3990 et
590 3931 789 3994 constantia.
802 3932 868 3990 Has
879 3931 1013 3990 virtutis
1023 3933 1145 4008 partes,
1201 3944 1283 3998 rem,
1300 3945 1361 3990 nec
1375 3929 1462 3990 cedit
1472 3929 1594 4004 gladio.
1613 3931 1719 4005 Super
1740 3929 1848 4003 ipsum
1862 3927 1992 3988 sonabit

355 4030 388 4090 et
410 4041 525 4089 earum
548 4026 810 4090 notificationem
837 4027 982 4089 ostendit
1001 4026 1074 4098 ioh,
1092 4026 1147 4087 ubi
1202 4027 1370 4102 pharetra,
1393 4025 1539 4088 vibrabit
1562 4026 1669 4091 hasta,
1695 4027 1728 4086 et
1742 4024 1877 4102 clypeus
1892 4023 1990 4100 (lob,

355 4125 503 4201 loquitur
517 4123 558 4184 de
569 4123 642 4186 viro
665 4122 742 4185 torti
764 4123 798 4183 in
817 4137 961 4198 persona
982 4124 1070 4199 equi,
1091 4123 1146 4184 di·
1201 4125 1251 4193 39,
1268 4125 1305 4184 21
1322 4123 1363 4183 ad
1386 4122 1440 4200 23)
1458 4143 1465 4182 :
1482 4123 1668 4184 Contemnit
1691 4137 1848 4198 pavorem
1873 4121 1916 4182 de
1937 4119 1991 4179 iu-

355 4237 434 4284 cens
462 4219 525 4298 (39,
550 4218 601 4298 19)
621 4235 663 4280 :e
685 4219 840 4300 Nunquid
870 4219 1033 4297 praebebis
1063 4235 1147 4298 equo
1202 4222 1275 4280 turo
1300 4220 1459 4296 periculo,
1483 4233 1545 4280 nec
1574 4220 1661 4286 cedit
1683 4221 1794 4294 plodio
1818 4217 1991 4293 praesentis

355 4316 594 4391 tortitudinem,
621 4317 680 4378 aut
711 4315 933 4378 circumdabis
968 4317 1053 4378 collo
1087 4333 1147 4378 suo
1203 4314 1492 4377 incommoditatis.
1509 4319 1622 4388 Super
1633 4319 1746 4390 ipsum
1759 4315 1894 4376 sulcabit
1904 4318 1990 4388 pba-

355 4414 539 4476 hinnituml
553 4415 589 4474 ln
611 4429 695 4490 equo
717 4412 915 4489 praedicator
930 4413 1145 4488 intelligitur;
1202 4414 1310 4472 retro.
1329 4415 1366 4472 ln
1381 4411 1538 4488 pharetra
1557 4411 1688 4486 sagittae
1709 4409 1935 4483 occultantur3
1963 4409 1993 4469 et

235 4533 239 4541 ’
355 4513 507 4576 hinnitus
523 4512 574 4572 est
593 4510 730 4571 verbum
747 4509 1005 4588 predicationis,
1027 4509 1068 4572 de
1083 4526 1147 4588 quo
1203 4508 1276 4570 ideo
1299 4524 1358 4586 per
1378 4508 1570 4584 pharetram
1594 4507 1732 4570 occultae
1752 4507 1884 4568 insidiae
1900 4505 1990 4567 desi-

356 4608 583 4670 circumdaiur
618 4605 740 4668 collum
781 4605 1010 4683 predicatoris
1035 4623 1042 4666 :
1071 4622 1147 4668 nam
1202 4607 1346 4680 gnantur
1361 4603 1419 4683 (2).
1446 4605 1529 4676 Quid
1546 4619 1605 4682 per
1620 4604 1760 4676 hastam,
1782 4603 1847 4664 nisi
1864 4618 1992 4680 poenam

355 4709 471 4783 captus
492 4705 637 4783 propriis
652 4703 873 4774 sermonibus,
895 4703 928 4765 et
947 4702 1058 4764 verbis
1080 4703 1148 4764 oris
1204 4701 1347 4762 vicinam
1362 4701 1592 4777 intelligimus,
1608 4704 1641 4762 et
1655 4704 1823 4778 apertami
1843 4703 1911 4765 Per
1926 4701 1993 4776 cly-

356 4805 407 4864 sui
423 4804 591 4880 alligatur,
609 4801 683 4862 ideo
697 4799 847 4863 dicitiob
864 4800 1039 4878 :Nunquid
1057 4816 1147 4876 praa·
1204 4814 1300 4876 peum
1324 4798 1482 4860 duritiam
1507 4799 1637 4872 mentis,
1653 4798 1706 4860 vel
1726 4795 1989 4862 obstinationem.

356 4900 448 4962 bebis
470 4916 556 4978 equo
577 4898 818 4971 tortitudinem,
834 4900 909 4969 etc,
926 4899 959 4959 et
973 4898 1149 4974 exequitur
1203 4911 1300 4973 quam
1325 4895 1457 4957 auditor
1482 4895 1641 4958 doctrinae
1667 4894 1803 4970 opponit
1827 4893 1990 4969 praedica-

355 4997 417 5062 loh
442 4999 554 5074 partes
580 4995 796 5058 tortitudinis.
820 4995 860 5055 nt
880 4994 986 5070 primo
1012 4993 1052 5054 de
1078 5009 1151 5054 ma·
1203 4992 1278 5054 tori.
1294 4993 1373 5052 Haec
1385 4991 1496 5056 omnia
1511 4991 1719 5054 incommoda
1730 4991 1841 5066 justus
1856 5004 1990 5056 securns

356 5095 586 5170 gnanimitate.
601 5092 859 5170 Magnanimitas
875 5093 925 5154 est
940 5091 1147 5170 difficillima,
1203 5105 1269 5150 non
1285 5088 1449 5149 formidat.

356 5191 390 5254 et
419 5193 613 5268 spontanea,
646 5193 681 5251 et
713 5186 925 5252 rationabilis
960 5188 1147 5264 aggressio;
1235 5187 1400 5262 Sequitur
1415 5185 1455 5246 de
1469 5186 1641 5262 patientia.
1658 5184 1823 5246 Patientia
1848 5185 1900 5244 est
1923 5183 1990 5244 rir-

357 5288 444 5349 unde
466 5287 590 5348 ibidem
617 5287 773 5364 loquitur,
790 5287 823 5347 et
838 5285 918 5346 dicit
933 5282 1029 5364 (lbid.
1041 5286 1095 5357 39,
1111 5287 1149 5346 24
1204 5285 1267 5353 tus,
1283 5273 1571 5353 contumeliarum,
1589 5286 1621 5343 et
1636 5281 1784 5343 omnium
1807 5280 1992 5342 adversita-

357 5387 389 5447 et
407 5383 481 5462 25):
498 5385 598 5445 «Nec
612 5385 745 5462 reputat
762 5382 850 5444 tubae
874 5398 995 5443 sonare
1014 5381 1151 5458 clango-
1204 5382 1272 5441 tum
1285 5379 1428 5455 impetus
1444 5377 1675 5455 equanimiter
1693 5379 1844 5454 portans3
1872 5379 1906 5438 et
1931 5377 1991 5436 hoc

358 5499 439 5550 rem.
455 5483 497 5543 Ut
518 5478 565 5560 (1)
579 5479 723 5544 audierit
746 5478 930 5552 buccinam,
947 5478 1047 5542 dicit:
1064 5479 1147 5550 Vah,
1203 5476 1358 5547 ostendit,
1374 5474 1487 5537 dicens
1501 5492 1508 5538 :
1520 5493 1538 5536 c
1549 5474 1714 5552 Numquid
1724 5472 1902 5534 ‘suscitabis
1917 5487 1991 5534 eum

394 5663 616 5738 <umqum
1240 5654 1944 5732 (siunscregmxm.nemeaeum,
