4152 6388
126 361 185 422 173

174 541 226 600 De
239 533 395 600 liberetis
408 540 598 611 avinculis,
610 539 643 601 61
664 541 873 602 carceribus.

164 717 203 776 In
227 715 403 786 Romania,
430 717 581 776 Graecum
611 716 784 793 quemdam
806 717 920 794 cujus-

122 811 201 873 dam
226 811 351 873 domini
376 811 587 885 servientem,
605 813 744 888 contigit
766 812 807 873 de
829 813 918 874 furto

121 909 290 972 fallaciter
304 909 468 980 accusari,
486 925 584 987 6666
603 909 757 971 deminus
771 911 870 972 terras
883 910 918 970 in

121 1009 217 1070 arcto
245 1021 379 1070 carcere
405 1006 577 1068 mandavit
603 1007 747 1079 includi,
776 1009 810 1069 61
835 1022 917 1083 gra-

119 1105 211 1166 viter
224 1104 398 1166 vinculari.

163 1202 304 1264 Domina
319 1216 400 1262 vero
415 1201 541 1272 domus,
551 1200 688 1264 miserta
704 1201 803 1272 servi,
820 1217 917 1278 quem

118 1297 350 1360 indubitanter
365 1297 520 1364 credebat
534 1313 553 1358 a
569 1298 666 1374 culpa
681 1299 745 1358 sibi
760 1299 918 1375 imposita

118 1397 345 1464 innocentem,
373 1409 433 1472 pro
455 1389 654 1457 liberatione
688 1396 805 1476 ipsius
830 1396 917 1473 apud

117 1493 232 1554 virum
259 1491 414 1569 precibus
434 1491 612 1555 insistebat
632 1492 771 1555 devotis.
794 1496 917 1555 Verum

118 1605 192 1651 nen
208 1589 440 1666 acquiescente
453 1589 519 1652 viri
535 1590 588 1650 sui
600 1590 723 1650 duritia
738 1589 914 1663 obstinata,

117 1686 266 1749 recurrit
280 1686 413 1748 domina
427 1687 568 1764 supplex
582 1687 624 1749 ad
639 1689 671 1748 S.
689 1687 914 1760 Franciscum,

117 1786 155 1846 61
168 1786 241 1862 6166
257 1783 372 1861 pietati
385 1786 462 1845 vote
475 1784 719 1846 commendavit
737 1785 914 1846 insontem.

119 1881 280 1942 Protinus
290 1880 396 1942 adfuit
406 1881 603 1942 miserorum
614 1881 756 1958 adjutor,
768 1880 916 1944 6161666

117 1979 157 2038 in
170 1993 307 2040 carcere
319 1978 464 2054 6661166
481 1978 742 2040 misericorditer
748 1979 914 2050 visitavit,

118 2074 221 2138 661611
232 2075 378 2148 6166616,
394 2091 562 2138 carcerem
579 2075 688 2152 fregit
703 2077 914 2140 innocentem

116 2171 275 2234 manibus
290 2173 533 2250 apprehensum
546 2171 636 2236 feras
651 2173 777 2246 eduxit,
794 2176 828 2236 61
844 2175 892 2236 611
906 2195 913 2234 :

116 2273 189 2346 Ego
213 2286 286 2332 sum
310 2270 383 2343 ille,
409 2271 463 2332 cui
492 2270 627 2333 domina
652 2272 710 2332 166
737 2271 771 2333 16
799 2271 916 2334 166616

117 2368 297 2430 66661611.
316 2371 462 2444 dumque
482 2368 541 2428 ille
561 2369 680 2429 timere
702 2383 822 2443 magne
835 2383 913 2430 cer-

115 2465 298 2542 riperetur,
315 2467 348 2526 61
368 2480 428 2542 666
450 2465 612 2526 descensu
627 2464 799 2526 altissimae
820 2466 914 2541 rupis

115 2562 313 2638 voraginem
335 2561 503 2634 circuiret,
518 2560 627 2623 subito
649 2561 839 2622 liberatoris
861 2562 914 2622 sui

114 2658 246 2720 virtute
260 2658 435 2720 inveniens
448 2675 484 2720 66
500 2659 535 2720 16
551 2658 661 2735 61666,
680 2657 781 2720 661111
794 2659 836 2720 61
849 2659 912 2720 de-

116 2758 245 2820 minam
260 2772 367 2828 suam,
383 2755 554 2833 relataque
570 2755 794 2832 perordinem
810 2756 914 2817 mira-

116 2853 187 2916 culi
199 2855 352 2925 veritatc,
375 2853 527 2916 devotam
548 2853 716 2917 dominam
736 2852 912 2915 ademisti

116 2966 279 3022 amorem,
299 2951 332 3012 61
354 2950 577 3012 66666661166
599 2950 690 3012 servi
712 2952 784 3026 ejus
802 2951 911 3016 Fran·

118 3049 204 3112 cisci
220 3048 402 3110 1666661166
418 3047 648 3111 inflammavit.

160 3147 199 3206 16
215 3147 325 3207 Massa
345 3147 378 3206 S.
396 3144 498 3217 Petri,
512 3143 644 3206 cuidam
660 3143 758 3205 militi
773 3143 913 3207 debebat

112 3243 268 3321 pecuniae
283 3242 501 3321 quantitatem
514 3243 736 3319 pauperculus
751 3242 885 3320 quidam
901 3264 909 3318 ;

113 3355 257 3417 666666
270 3355 340 3418 666
352 3339 467 3416 166616
481 3338 623 3401 facultas
641 3353 706 3400 nen
722 3340 913 3416 suppeteret

113 3437 338 3514 persolvendi,
359 3437 476 3512 666166
497 3435 666 3498 debitore
688 3437 793 3499 milite
814 3452 912 3513 repe-

113 3537 217 3608 tente,
235 3535 389 3597 misereri
413 3533 478 3595 sibi
493 3532 612 3596 orabat
630 3534 837 3612 suppliciter,
854 3536 910 3596 di-

113 3633 275 3694 lationem
318 3647 470 3709 quaerens
505 3647 619 3692 amore
654 3634 690 3692 B.
725 3632 908 3694 Francisci.

114 3731 249 3808 sprevit
269 3729 432 3806 superbus
455 3729 550 3790 miles
572 3742 688 3804 preces
714 3728 853 3800 oblatas,
878 3731 912 3791 et

113 3827 224 3890 sancti
249 3843 397 3889 amorem
416 3825 508 3888 velut
533 3826 633 3886 16666
659 3825 737 3902 6611
764 3825 911 3888 16661166

112 3925 299 4002 vilipendit.
337 3925 421 3986 Nam
457 3923 627 3985 cervicose
666 3923 872 3999 respondens
900 3945 907 3984 :

112 4023 187 4086 Tali
201 4025 245 4094 16,
260 4022 320 4094 611,
336 4022 409 4096 loco
421 4019 603 4092 recludam,
618 4019 722 4088 attali
739 4020 908 4083 rotrudam

113 4135 261 4192 carcere,
278 4119 364 4196 qued
387 4133 448 4180 uec
470 4117 681 4189 Franciscus,
705 4133 767 4179 666
788 4117 909 4194 6116616

110 4219 147 4280 16
173 4217 294 4294 poterit
318 4215 490 4293 adjuvare.
517 4214 906 4292 166166116661116116

112 4330 283 4378 carcerem
305 4313 477 4376 adinvenit
492 4312 679 4385 obscurum,
697 4313 732 4374 16
754 4328 819 4390 666
842 4313 908 4374 he-

111 4413 237 4474 minam
268 4411 472 4473 vinculatum
506 4411 658 4488 6666611.
694 4411 799 4473 Ρ6616
833 4412 908 4487 6661

111 4510 219 4574 611611
232 4513 269 4571 Β.
286 4509 496 4579 Franciscus,
517 4509 549 4569 61
568 4508 737 4570 confracto
759 4523 905 4579 carcere,

110 4607 286 4684 ruptisque
314 4603 544 4682 compedibus,
571 4604 714 4666 illaesum
738 4604 907 4666 bominem

109 4705 247 4766 reduxit
259 4703 300 4764 61
316 4703 462 4780 6666616.
481 4703 536 4763 Sic
548 4701 707 4765 fortitudo
721 4701 905 4773 Francisci,

109 4802 251 4864 militem
273 4799 420 4878 praedata
442 4799 631 4876 superbum,
648 4799 832 4874 captivum,
849 4798 907 4875 661

110 4915 147 4960 66
169 4898 235 4960 sibi
258 4896 457 4975 subjecerat,
482 4895 671 4957 liberavita
687 4896 787 4966 male,
810 4895 904 4956 mili-

108 4996 220 5072 116666
242 4993 444 5071 proterviam
469 4992 665 5054 admirande
687 4991 848 5054 miraculo
870 4992 905 5052 16

108 5091 399 5154 6666661611666
418 5090 644 5152 commutavit.

149 5187 304 5251 Alhertus
317 5189 358 5249 16
375 5189 497 5260 Aratio,
515 5203 589 5248 cum
605 5187 640 5248 16
654 5185 799 5249 61666116
814 5187 906 5248 atro-

109 5285 442 5350 61661616166666166
456 5300 516 5362 pro
530 5283 650 5348 debitis
670 5284 793 5361 injuste
809 5283 850 5346 ab
865 5299 904 5345 eo

108 5384 233 5464 6611116,
248 5399 343 5444 6666
356 5382 581 5444 innocentiam
596 5383 629 5443 S.
646 5382 825 5444 Francisco
841 5382 905 5442 bu·

106 5482 235 5544 militer
246 5479 497 5545 commendavit.
513 5478 669 5540 Ordinem
683 5479 816 5556 quidem
830 5479 903 5540 fra-

104 5581 197 5642 trum
235 5579 403 5640 Miserum
446 5577 626 5655 plurimum
663 5575 836 5652 diligebat,
872 5578 906 5639 et

107 5679 142 5740 S.
159 5675 376 5740 Franciscum
393 5674 484 5737 iuter
496 5673 629 5736 sanctos
645 5673 783 5752 speciali
795 5689 901 5735 vene-

694 361 1016 424 Psotueoiisrin.
1038 389 1079 410 ·-·
1099 361 1207 423 VITA.
1272 417 1275 422 .

1696 345 1767 426 'iis

974 519 1111 582 sabatur
1127 519 1259 582 6116616.
1283 519 1375 582 Dixit
1396 520 1507 582 autem
1528 519 1674 584 creditor
1685 537 1767 584 6666

973 632 1054 678 voca
1068 617 1272 694 blasphema,
1287 618 1374 695 quod
1396 633 1457 679 nec
1479 617 1688 692 Franciscus,
1706 636 1768 682 uec

973 717 1060 775 Deus
1073 717 1184 791 posset
1198 729 1273 775 eum
1295 715 1337 775 16
1357 715 1428 774 6616
1442 716 1594 778 manibus
1610 717 1764 779 liberare.

973 813 1110 874 Factum
1133 812 1183 873 est
1203 811 1316 888 116666
1336 812 1372 873 16
1394 812 1509 888 vigilia
1530 816 1563 874 s.
1582 816 1765 888 Francisci,

973 923 1047 970 oum
1071 908 1202 972 vinctus
1224 909 1281 970 ille
1305 908 1390 968 nihil
1415 909 1623 982 comedisset,
1647 912 1704 976 sed
1725 911 1768 974 eb

973 1005 1081 1066 sancti
1102 1020 1249 1066 amorem
1271 1004 1395 1066 victum
1422 1021 1519 1066 suum
1547 1008 1679 1071 cuidam
1704 1010 1769 1072 tri·

972 1101 1100 1164 6616661
1120 1117 1246 1178 egen03
1271 1104 1367 1163 necta
1381 1103 1536 1165 66616616
1558 1107 1714 1182 66666611
1735 1107 1767 1168 61

972 1197 1171 1273 vigilantis.
1187 1197 1398 1270 Franciscus,
1413 1198 1453 1258 ad
1467 1201 1562 1276 cujus
1577 1200 1766 1276 ingressum

972 1295 1106 1356 vincula
1127 1295 1168 1356 de
1189 1295 1328 1371 pedibus
1349 1297 1382 1356 et
1403 1296 1530 1358 6616666
1551 1296 1592 1357 16
1613 1298 1767 1360 manibus

973 1392 1182 1465 cecideruut;
1197 1393 1314 1469 sponte
1326 1393 1442 1469 666616
1457 1394 1534 1455 6661
1548 1395 1644 1466 ostia,
1662 1396 1769 1472 presl-

972 1489 1096 1552 lierunt
1109 1489 1230 1550 16116166
1246 1490 1286 1550 16
1301 1489 1435 1560 solario,
1453 1491 1486 1552 et
1502 1491 1588 1553 liber
1604 1492 1767 1555 abscessit

972 1585 1070 1647 homo
1089 1586 1131 1647 ad
1154 1586 1289 1663 propria
1304 1587 1449 1650 6611666.
1466 1589 1618 1665 16616611
1630 1605 1673 1652 ex
1687 1593 1767 1652 tunc

972 1683 1096 1753 votum,
1115 1685 1273 1760 jejunans
1295 1683 1445 1758 vigiliam
1466 1687 1502 1743 B.
1527 1685 1709 1758 Franciscl,
1733 1688 1767 1748 61

972 1793 1080 1850 ceree,
1098 1794 1194 1855 quem
1207 1779 1380 1841 annuatim
1395 1781 1568 1843 consuevit
1582 1781 1714 1855 offerro,
1728 1784 1765 1845 in

973 1876 1195 1938 accrescentis
1210 1871 1396 1938 devotionis
1418 1876 1576 1938 iudicium
1592 1879 1765 1943 annuatim
1879 1931 1887 1951 ,

972 1973 1106 2034 unciam
1122 1969 1358 2050 superaddens.

1011 2070 1189 2133 1166116616
1211 2070 1344 2132 insede
1365 2073 1401 2132 Β.
1426 2071 1516 2134 Ρ6161
1532 2070 1766 2136 1661661166-

969 2169 1063 2244 gorio
1079 2170 1135 2238 lx,
1150 2167 1283 2244 quidam
1296 2169 1414 2230 Petrus
1427 2169 1562 2230 nemine
1575 2170 1615 2231 de
1628 2171 1764 2234 civitate

969 2265 1143 2336 11161616
1164 2265 1286 2326 baeresi
1307 2266 1625 2338 66666616611666
1647 2270 1764 2346 captus

969 2361 1038 2436 661;
1062 2359 1157 2423 6116
1179 2360 1334 2422 6661616
1356 2346 1505 2438 ejusdem
1527 2363 1700 2428 pontilicis
1721 2363 1761 2424 61

969 2457 1379 2520 66616116616616611166
1394 2458 1550 2537 66166666
1562 2460 1735 2522 Tiburtino
1752 2481 1761 2520 ε

969 2571 1065 2632 6666
1101 2554 1162 2616 sub
1197 2569 1295 2632 66666
1330 2557 1541 2634 episcopatus
1581 2557 1761 2635 accipiens,

968 2652 1183 2729 compedibus
1215 2652 1377 2730 alligavit,
1412 2655 1618 2732 obscureque
1652 2656 1762 2732 ipsum

968 2765 1113 2822 6666666,
1136 2765 1178 2811 66
1200 2753 1314 2827 666661
1336 2750 1499 2827 effugere,
1522 2751 1764 2824 166161116611,

968 2861 1086 2923 panem
1102 2846 1301 2924 6166616666
1322 2847 1357 2908 in
1379 2849 1537 2926 pendere,
1553 2851 1586 2911 61
1607 2849 1762 2926 6666166

968 2944 1002 3004 16
1012 2960 1180 3008 6666666.
1193 2944 1298 3022 1166611
1307 2945 1417 3007 66166
1428 2945 1527 3008 home
1536 2946 1595 3008 ille
1604 2949 1642 3007 B.
1655 2948 1762 3008 Fran-

967 3040 1092 3103 ciscum
1108 3041 1148 3103 ad
1163 3042 1214 3102 661
1229 3042 1453 3103 6166666166
1478 3043 1591 3105 661116
1605 3043 1761 3120 precibus

967 3139 1000 3200 61
1020 3138 1152 3200 fletibus
1174 3139 1399 3212 invocarem
1419 3139 1504 3216 quod
1527 3135 1680 3202 audierat
1700 3156 1760 3202 se-

966 3235 1148 3298 lemnitatis
1180 3239 1252 3314 eJ'us
1274 3239 1346 3315 jam
1381 3237 1498 3300 adessa
1531 3237 1694 3314 vigiliam.
1722 3238 1762 3302 nt

966 3336 1123 3410 quoniam
1140 3335 1216 3396 fidei
1232 3335 1376 3412 puritate
1395 3351 1526 3396 omnam
1547 3335 1762 3399 abdicaverat

966 3430 1133 3494 haeretioaa
1146 3433 1320 3509 pravitatis
1331 3448 1491 3502 errorem,
1502 3435 1637 3510 totaque
1650 3433 1761 3495 cerdis

966 3528 1143 3591 devotione
1177 3530 1369 3593 adhaeserat
1410 3531 1604 3592 fidelissime
1638 3531 1762 3594 Christi

966 3641 1063 3688 servo
1098 3627 1298 3700 Francisce,
1333 3628 1618 3690 intercedentibus
1652 3629 1761 3704 166166

965 3723 1105 3795 meritis,
1122 3739 1141 3784 a
1157 3724 1297 3785 Domino
1312 3725 1433 3786 666611
1444 3724 1609 3786 exaudiri.

1004 3822 1153 3882 16616616
1168 3821 1257 3880 6616
1269 3824 1339 3898 jam
1359 3821 1540 3882 666166666
1556 3819 1758 3893 festivitatis,

965 3918 1054 3980 circa
1079 3917 1312 3992 crepusculum
1336 3920 1373 3979 Β.
1399 3918 1598 3980 Franciscus
1625 3919 1659 3978 lu
1684 3934 1763 3979 car-

964 4031 1074 4076 66666
1097 4014 1276 4076 616666166
1305 4015 1485 4087 descendit,
1516 4016 1669 4077 6111166
1698 4032 1759 4076 666

963 4113 1097 4174 666166
1118 4127 1253 4184 666666,
1281 4115 1318 4175 61
1340 4113 1406 4175 6116
1431 4115 1593 4188 surgeret,
1615 4114 1759 4190 impera·

963 4211 1021 4273 vit.
1038 4210 1101 4282 Qui
1116 4209 1235 4272 timere
1260 4211 1468 4287 perterritus,
1492 4212 1646 4288 quisnam
1670 4214 1760 4274 66661

962 4309 1187 4384 interrogans,
1201 4310 1237 4369 B.
1255 4309 1471 4370 Francisoum
1484 4308 1601 4370 616666
1616 4309 1758 4373 6611611.

963 4408 1109 4482 Cumque
1123 4405 1245 4468 6161616
1258 4405 1445 4484 praesentiae
1461 4406 1528 4468 viri
1543 4407 1661 4479 sancti,
1680 4407 1758 4468 viu-

962 4503 1038 4565 cula
1060 4503 1181 4579 pedum
1202 4518 1339 4564 suorum
1364 4502 1535 4572 confracta
1550 4504 1759 4580 conspiceret

962 4600 1135 4671 cecidisse,
1161 4602 1195 4661 61
1213 4599 1345 4662 tabulas
1369 4600 1515 4662 carceris
1536 4600 1641 4660 clavis
1669 4601 1757 4662 ultro

961 4696 1212 4774 prosilientibus
1232 4697 1369 4774 aperiri,
1386 4700 1419 4759 et
1435 4697 1588 4772 apertum
1603 4697 1668 4758 iter
1687 4698 1750 4759 sibi

962 4794 1003 4856 61
1027 4794 1216 4856 exeundum
1237 4794 1401 4871 praehcri;
1431 4793 1560 4856 solutus
1586 4796 1697 4856 16666
1723 4797 1758 4880 et

961 4890 1207 4969 obstupefactus
1222 4891 1337 4967 fugare
1362 4890 1543 4959 nesciebat,
1560 4891 1617 4954 sed
1637 4893 1677 4954 ad
1696 4896 1756 4970 ja-

961 5005 1062 5050 nuam
1082 4989 1231 5050 clamans
1256 4987 1409 5050 custodes
1432 5003 1547 5050 omnes
1561 4992 1752 5065 perterruit.

961 5087 1023 5160 Qui
1036 5102 1110 5148 cum
1123 5102 1198 5149 oum
1212 5085 1389 5148 liberatum
1401 5101 1421 5147 6
1436 5087 1578 5148 vinculis
1595 5087 1753 5166 episcopo

960 5184 1187 5253 nunciassent,
1205 5185 1279 5260 post
1297 5183 1503 5245 intellectum
1524 5185 1674 5247 ordinem
1690 5187 1751 5259 rei,

960 5281 1185 5346 6166666666
1209 5280 1365 5342 Pontifex
1388 5282 1527 5345 devotus
1550 5285 1701 5358 66666611,
1722 5287 1755 5347 61

958 5378 1134 5442 manifeste
1162 5378 1221 5440 Dei
1254 5379 1412 5442 61616166
1453 5385 1754 5457 6666666666116-

959 5477 1084 5538 minum
1106 5476 1259 5538 61666611
1283 5476 1427 5551 ibidem;
1457 5478 1590 5540 vincula
1622 5495 1752 5557 queque

958 5574 1218 5636 66666166166
1234 5577 1324 5651 Papa
1337 5577 1371 5637 61
1391 5575 1618 5661 cardinalibus
1642 5576 1751 5638 161616

958 5670 1355 5750 1666661,66161166166
1381 5673 1467 5751 6661
1496 5673 1617 5737 166166
1645 5671 1754 5738 fuerat
