<?xml version="1.0" encoding="UTF-8"?>
<!DOCTYPE html PUBLIC "-//W3C//DTD XHTML 1.0 Transitional//EN"
    "http://www.w3.org/TR/xhtml1/DTD/xhtml1-transitional.dtd">
<html xmlns="http://www.w3.org/1999/xhtml" xml:lang="en" lang="en">
 <head>
  <title>
</title>
<meta http-equiv="Content-Type" content="text/html;charset=utf-8" />
  <meta name='ocr-system' content='tesseract 3.04.00' />
  <meta name='ocr-capabilities' content='ocr_page ocr_carea ocr_par ocr_line ocrx_word'/>
</head>
<body>
  <div class='ocr_page' id='page_1' title='image "./mediiaevibiblio02bottgoog_0231.png"; bbox 0 0 4226 6406; ppageno 0'>
   <div class='ocr_carea' id='block_1_1' title="bbox 289 191 1955 318">
    <p class='ocr_par' dir='ltr' id='par_1_1' title="bbox 289 191 1955 318">
     <span class='ocr_line' id='line_1_1' title="bbox 289 191 1955 318; baseline 0.001 -10"><span class='ocrx_word' id='word_1_1' title='bbox 289 247 369 318; x_wconf 69' lang='lat'><strong>,435</strong></span> <span class='ocrx_word' id='word_1_2' title='bbox 667 191 669 198; x_wconf 28' lang='grc' dir='ltr'>Ι</span> <span class='ocrx_word' id='word_1_3' title='bbox 742 245 775 306; x_wconf 80' lang='lat' dir='ltr'><strong>S.</strong></span> <span class='ocrx_word' id='word_1_4' title='bbox 801 241 1021 308; x_wconf 66' lang='lat' dir='ltr'><strong>ostendissit</strong></span> <span class='ocrx_word' id='word_1_5' title='bbox 1042 243 1271 308; x_wconf 76' lang='lat' dir='ltr'><strong>Asslsrx&#39;rls</strong></span> <span class='ocrx_word' id='word_1_6' title='bbox 1293 241 1523 307; x_wconf 81' lang='lat' dir='ltr'>OPUSCULA.</span> <span class='ocrx_word' id='word_1_7' title='bbox 1896 249 1955 310; x_wconf 82' lang='grc'><strong>436</strong></span> 
     </span>
    </p>
   </div>
   <div class='ocr_carea' id='block_1_2' title="bbox 286 401 1965 1805">
    <p class='ocr_par' dir='ltr' id='par_1_2' title="bbox 286 401 1965 1805">
     <span class='ocr_line' id='line_1_2' title="bbox 309 401 1959 478; baseline -0.001 -14"><span class='ocrx_word' id='word_1_8' title='bbox 309 405 399 464; x_wconf 89' lang='lat' dir='ltr'><strong>menti</strong></span> <span class='ocrx_word' id='word_1_9' title='bbox 420 405 531 470; x_wconf 80' lang='lat' dir='ltr'><strong>cunctis</strong></span> <span class='ocrx_word' id='word_1_10' title='bbox 549 402 682 462; x_wconf 85' lang='lat' dir='ltr'><strong>iratribus</strong></span> <span class='ocrx_word' id='word_1_11' title='bbox 694 403 881 476; x_wconf 82' lang='lat' dir='ltr'><strong>praesentibus</strong></span> <span class='ocrx_word' id='word_1_12' title='bbox 901 411 931 462; x_wconf 91' lang='lat' dir='ltr'><strong>et</strong></span> <span class='ocrx_word' id='word_1_13' title='bbox 944 403 1047 462; x_wconf 84' lang='lat' dir='ltr'><strong>tuturis</strong></span> <span class='ocrx_word' id='word_1_14' title='bbox 1058 419 1107 478; x_wconf 89' lang='lat' dir='ltr'><strong>pa·</strong></span> <span class='ocrx_word' id='word_1_15' title='bbox 1162 415 1196 462; x_wconf 85' lang='lat' dir='ltr'><strong>as</strong></span> <span class='ocrx_word' id='word_1_16' title='bbox 1206 405 1316 464; x_wconf 87' lang='lat' dir='ltr'><strong>electus</strong></span> <span class='ocrx_word' id='word_1_17' title='bbox 1327 405 1357 462; x_wconf 88' lang='lat' dir='ltr'><strong>ln</strong></span> <span class='ocrx_word' id='word_1_18' title='bbox 1371 403 1476 464; x_wconf 88' lang='lat' dir='ltr'><strong>Ordine</strong></span> <span class='ocrx_word' id='word_1_19' title='bbox 1490 404 1545 462; x_wconf 87' lang='lat' dir='ltr'><strong>isto</strong></span> <span class='ocrx_word' id='word_1_20' title='bbox 1555 401 1726 463; x_wconf 84' lang='lat' dir='ltr'><strong>addendum</strong></span> <span class='ocrx_word' id='word_1_21' title='bbox 1742 403 1849 464; x_wconf 87' lang='lat' dir='ltr'><strong>bonum</strong></span> <span class='ocrx_word' id='word_1_22' title='bbox 1863 419 1959 464; x_wconf 81' lang='lat' dir='ltr'><strong>exem·</strong></span> 
     </span>
     <span class='ocr_line' id='line_1_3' title="bbox 308 479 1958 574; baseline -0.002 -21"><span class='ocrx_word' id='word_1_23' title='bbox 308 492 425 554; x_wconf 84' lang='lat' dir='ltr'><strong>teiscio.</strong></span> <span class='ocrx_word' id='word_1_24' title='bbox 442 495 555 551; x_wconf 79' lang='lat' dir='ltr'>Fratres</span> <span class='ocrx_word' id='word_1_25' title='bbox 568 505 686 574; x_wconf 83' lang='lat' dir='ltr'><strong>semper</strong></span> <span class='ocrx_word' id='word_1_26' title='bbox 696 506 728 550; x_wconf 92' lang='lat' dir='ltr'><strong>sc</strong></span> <span class='ocrx_word' id='word_1_27' title='bbox 738 491 859 566; x_wconf 82' lang='lat' dir='ltr'><strong>diligent</strong></span> <span class='ocrx_word' id='word_1_28' title='bbox 874 491 910 550; x_wconf 92' lang='lat' dir='ltr'><strong>ad</strong></span> <span class='ocrx_word' id='word_1_29' title='bbox 924 493 1060 562; x_wconf 85' lang='lat' dir='ltr'><strong>invicem,</strong></span> <span class='ocrx_word' id='word_1_30' title='bbox 1071 495 1107 550; x_wconf 87' lang='lat' dir='ltr'><strong>si·</strong></span> <span class='ocrx_word' id='word_1_31' title='bbox 1161 493 1241 565; x_wconf 92' lang='lat' dir='ltr'><strong>plum</strong></span> <span class='ocrx_word' id='word_1_32' title='bbox 1262 493 1479 566; x_wconf 85' lang='lat' dir='ltr'><strong>evangelicum,</strong></span> <span class='ocrx_word' id='word_1_33' title='bbox 1503 500 1532 550; x_wconf 91' lang='lat' dir='ltr'><strong>et</strong></span> <span class='ocrx_word' id='word_1_34' title='bbox 1555 490 1592 549; x_wconf 88' lang='lat' dir='ltr'><strong>sd</strong></span> <span class='ocrx_word' id='word_1_35' title='bbox 1617 479 1789 556; x_wconf 78' lang='lat' dir='ltr'><strong>imitandum</strong></span> <span class='ocrx_word' id='word_1_36' title='bbox 1814 492 1958 552; x_wconf 76' lang='lat' dir='ltr'><strong>Christum</strong></span> 
     </span>
     <span class='ocr_line' id='line_1_4' title="bbox 286 579 1959 656; baseline 0 -16"><span class='ocrx_word' id='word_1_37' title='bbox 286 618 292 623; x_wconf 94' lang='lat'><em>-</em></span> <span class='ocrx_word' id='word_1_38' title='bbox 309 590 358 642; x_wconf 89' lang='lat' dir='ltr'><strong>out</strong></span> <span class='ocrx_word' id='word_1_39' title='bbox 371 596 428 656; x_wconf 88' lang='lat' dir='ltr'><strong>ego</strong></span> <span class='ocrx_word' id='word_1_40' title='bbox 443 581 539 650; x_wconf 84' lang='lat' dir='ltr'><strong>dilexi,</strong></span> <span class='ocrx_word' id='word_1_41' title='bbox 560 589 589 640; x_wconf 93' lang='lat' dir='ltr'><strong>et</strong></span> <span class='ocrx_word' id='word_1_42' title='bbox 604 579 692 654; x_wconf 82' lang='lat' dir='ltr'>diligo</span> <span class='ocrx_word' id='word_1_43' title='bbox 708 581 781 639; x_wconf 90' lang='lat' dir='ltr'><strong>illos.</strong></span> <span class='ocrx_word' id='word_1_44' title='bbox 798 583 917 654; x_wconf 87' lang='lat' dir='ltr'><strong>Semper</strong></span> <span class='ocrx_word' id='word_1_45' title='bbox 934 582 1066 656; x_wconf 87' lang='lat' dir='ltr'><strong>diligant,</strong></span> <span class='ocrx_word' id='word_1_46' title='bbox 1079 589 1108 639; x_wconf 88' lang='lat' dir='ltr'><strong>et</strong></span> <span class='ocrx_word' id='word_1_47' title='bbox 1161 583 1191 639; x_wconf 92' lang='lat' dir='ltr'><strong>in</strong></span> <span class='ocrx_word' id='word_1_48' title='bbox 1218 583 1387 654; x_wconf 83' lang='lat' dir='ltr'><strong>evangelica</strong></span> <span class='ocrx_word' id='word_1_49' title='bbox 1417 587 1611 654; x_wconf 89' lang='lat' dir='ltr'><strong>paupertate,</strong></span> <span class='ocrx_word' id='word_1_50' title='bbox 1633 581 1680 638; x_wconf 91' lang='lat' dir='ltr'><strong>cui</strong></span> <span class='ocrx_word' id='word_1_51' title='bbox 1708 595 1766 638; x_wconf 88' lang='lat' dir='ltr'><strong>non</strong></span> <span class='ocrx_word' id='word_1_52' title='bbox 1795 581 1888 639; x_wconf 91' lang='lat' dir='ltr'><strong>solum</strong></span> <span class='ocrx_word' id='word_1_53' title='bbox 1911 591 1959 640; x_wconf 90' lang='lat' dir='ltr'><strong>tua</strong></span> 
     </span>
     <span class='ocr_line' id='line_1_5' title="bbox 310 668 1960 743; baseline 0 -15"><span class='ocrx_word' id='word_1_54' title='bbox 310 670 465 730; x_wconf 79' lang='lat' dir='ltr'><strong>observent</strong></span> <span class='ocrx_word' id='word_1_55' title='bbox 479 669 625 728; x_wconf 89' lang='lat' dir='ltr'><strong>dominam</strong></span> <span class='ocrx_word' id='word_1_56' title='bbox 641 684 735 729; x_wconf 89' lang='lat' dir='ltr'><strong>meam</strong></span> <span class='ocrx_word' id='word_1_57' title='bbox 752 677 959 743; x_wconf 78' lang='lat' dir='ltr'><strong>paupertatem.</strong></span> <span class='ocrx_word' id='word_1_58' title='bbox 977 673 1012 730; x_wconf 87' lang='lat' dir='ltr'><strong>Et</strong></span> <span class='ocrx_word' id='word_1_59' title='bbox 1029 685 1105 728; x_wconf 88' lang='lat' dir='ltr'><strong>sem·</strong></span> <span class='ocrx_word' id='word_1_60' title='bbox 1161 669 1315 728; x_wconf 77' lang='lat' dir='ltr'><strong>liberaliter</strong></span> <span class='ocrx_word' id='word_1_61' title='bbox 1338 668 1474 738; x_wconf 88' lang='lat' dir='ltr'><strong>obtulisti,</strong></span> <span class='ocrx_word' id='word_1_62' title='bbox 1494 668 1546 726; x_wconf 88' lang='lat' dir='ltr'><strong>sed</strong></span> <span class='ocrx_word' id='word_1_63' title='bbox 1559 675 1589 726; x_wconf 92' lang='lat' dir='ltr'><strong>et</strong></span> <span class='ocrx_word' id='word_1_64' title='bbox 1600 670 1784 742; x_wconf 88' lang='lat' dir='ltr'><strong>temetipsum</strong></span> <span class='ocrx_word' id='word_1_65' title='bbox 1795 670 1824 726; x_wconf 92' lang='lat' dir='ltr'><strong>in</strong></span> <span class='ocrx_word' id='word_1_66' title='bbox 1839 669 1960 728; x_wconf 89' lang='lat' dir='ltr'><strong>odorem</strong></span> 
     </span>
     <span class='ocr_line' id='line_1_6' title="bbox 311 755 1962 833; baseline 0 -17"><span class='ocrx_word' id='word_1_67' title='bbox 311 773 363 833; x_wconf 88' lang='lat' dir='ltr'><strong>per</strong></span> <span class='ocrx_word' id='word_1_68' title='bbox 376 759 500 831; x_wconf 80' lang='lat' dir='ltr'><strong>prelatis</strong></span> <span class='ocrx_word' id='word_1_69' title='bbox 511 764 540 816; x_wconf 89' lang='lat' dir='ltr'><strong>et</strong></span> <span class='ocrx_word' id='word_1_70' title='bbox 551 758 663 818; x_wconf 90' lang='lat' dir='ltr'><strong>clericis</strong></span> <span class='ocrx_word' id='word_1_71' title='bbox 677 767 784 817; x_wconf 77' lang='lat' dir='ltr'><strong>sancte</strong></span> <span class='ocrx_word' id='word_1_72' title='bbox 797 762 897 817; x_wconf 89' lang='lat' dir='ltr'><strong>matris</strong></span> <span class='ocrx_word' id='word_1_73' title='bbox 918 760 1053 818; x_wconf 81' lang='lat' dir='ltr'><strong>Ecclesise</strong></span> <span class='ocrx_word' id='word_1_74' title='bbox 1072 759 1104 816; x_wconf 88' lang='lat' dir='ltr'><strong>ll-</strong></span> <span class='ocrx_word' id='word_1_75' title='bbox 1162 758 1313 816; x_wconf 87' lang='lat' dir='ltr'><strong>susvitatis</strong></span> <span class='ocrx_word' id='word_1_76' title='bbox 1326 758 1481 816; x_wconf 72' lang='lat' dir='ltr'><strong>contulisti.</strong></span> <span class='ocrx_word' id='word_1_77' title='bbox 1502 760 1543 815; x_wconf 91' lang='lat' dir='ltr'><strong>lta</strong></span> <span class='ocrx_word' id='word_1_78' title='bbox 1556 755 1724 814; x_wconf 88' lang='lat' dir='ltr'><strong>benedictus</strong></span> <span class='ocrx_word' id='word_1_79' title='bbox 1743 759 1782 816; x_wconf 86' lang='lat' dir='ltr'><strong>sis</strong></span> <span class='ocrx_word' id='word_1_80' title='bbox 1806 759 1962 816; x_wconf 81' lang='lat' dir='ltr'><strong>abomino</strong></span> 
     </span>
     <span class='ocr_line' id='line_1_7' title="bbox 310 845 1963 920; baseline 0 -16"><span class='ocrx_word' id='word_1_81' title='bbox 310 845 431 905; x_wconf 89' lang='lat' dir='ltr'><strong>deleset</strong></span> <span class='ocrx_word' id='word_1_82' title='bbox 454 846 576 920; x_wconf 75' lang='lat' dir='ltr'><strong>subiecti</strong></span> <span class='ocrx_word' id='word_1_83' title='bbox 599 847 730 906; x_wconf 86' lang='lat' dir='ltr'><strong>existant.</strong></span> <span class='ocrx_word' id='word_1_84' title='bbox 751 847 905 908; x_wconf 80' lang='lat' dir='ltr'><strong>Benedicat</strong></span> <span class='ocrx_word' id='word_1_85' title='bbox 926 855 955 906; x_wconf 92' lang='lat' dir='ltr'><strong>et</strong></span> <span class='ocrx_word' id='word_1_86' title='bbox 969 846 1108 906; x_wconf 84' lang='lat' dir='ltr'><strong>custodiet</strong></span> <span class='ocrx_word' id='word_1_87' title='bbox 1161 849 1228 905; x_wconf 89' lang='lat' dir='ltr'><strong>lesu</strong></span> <span class='ocrx_word' id='word_1_88' title='bbox 1242 846 1354 905; x_wconf 86' lang='lat' dir='ltr'><strong>cbristo</strong></span> <span class='ocrx_word' id='word_1_89' title='bbox 1379 853 1408 902; x_wconf 88' lang='lat' dir='ltr'><strong>et</strong></span> <span class='ocrx_word' id='word_1_90' title='bbox 1433 860 1448 903; x_wconf 95' lang='lat' dir='ltr'><strong>a</strong></span> <span class='ocrx_word' id='word_1_91' title='bbox 1470 859 1516 903; x_wconf 90' lang='lat' dir='ltr'><strong>me</strong></span> <span class='ocrx_word' id='word_1_92' title='bbox 1540 860 1593 903; x_wconf 92' lang='lat' dir='ltr'><strong>suo</strong></span> <span class='ocrx_word' id='word_1_93' title='bbox 1613 847 1786 919; x_wconf 88' lang='lat' dir='ltr'><strong>pauperculo</strong></span> <span class='ocrx_word' id='word_1_94' title='bbox 1802 861 1898 916; x_wconf 88' lang='lat' dir='ltr'><strong>servo,</strong></span> <span class='ocrx_word' id='word_1_95' title='bbox 1915 847 1963 904; x_wconf 84' lang='lat' dir='ltr'><strong>be</strong></span> 
     </span>
     <span class='ocr_line' id='line_1_8' title="bbox 311 933 1960 1011; baseline -0.001 -18"><span class='ocrx_word' id='word_1_96' title='bbox 311 949 362 994; x_wconf 89' lang='lat' dir='ltr'><strong>eos</strong></span> <span class='ocrx_word' id='word_1_97' title='bbox 371 937 466 1006; x_wconf 86' lang='lat' dir='ltr'><strong>Pater,</strong></span> <span class='ocrx_word' id='word_1_98' title='bbox 479 943 507 994; x_wconf 89' lang='lat' dir='ltr'><strong>et</strong></span> <span class='ocrx_word' id='word_1_99' title='bbox 514 935 611 1008; x_wconf 85' lang='lat' dir='ltr'><strong>Filius,</strong></span> <span class='ocrx_word' id='word_1_100' title='bbox 625 943 653 995; x_wconf 89' lang='lat' dir='ltr'><strong>et</strong></span> <span class='ocrx_word' id='word_1_101' title='bbox 663 937 783 1008; x_wconf 89' lang='lat' dir='ltr'><strong>Spiritus</strong></span> <span class='ocrx_word' id='word_1_102' title='bbox 790 944 916 995; x_wconf 90' lang='lat' dir='ltr'><strong>sanctus.</strong></span> <span class='ocrx_word' id='word_1_103' title='bbox 924 937 1038 1001; x_wconf 61' lang='lat' dir='ltr'><strong>Amen,</strong></span> <span class='ocrx_word' id='word_1_104' title='bbox 1054 937 1106 1011; x_wconf 81' lang='lat' dir='ltr'><strong>(ll.</strong></span> <span class='ocrx_word' id='word_1_105' title='bbox 1162 934 1371 993; x_wconf 90' lang='lat' dir='ltr'><strong>nedictionibus</strong></span> <span class='ocrx_word' id='word_1_106' title='bbox 1380 934 1571 1008; x_wconf 81' lang='lat' dir='ltr'><strong>sempiternis,</strong></span> <span class='ocrx_word' id='word_1_107' title='bbox 1580 933 1746 1008; x_wconf 88' lang='lat' dir='ltr'><strong>ingrediens</strong></span> <span class='ocrx_word' id='word_1_108' title='bbox 1753 941 1782 992; x_wconf 93' lang='lat' dir='ltr'><strong>et</strong></span> <span class='ocrx_word' id='word_1_109' title='bbox 1793 934 1960 1009; x_wconf 85' lang='lat' dir='ltr'><strong>egrediens,</strong></span> 
     </span>
     <span class='ocr_line' id='line_1_9' title="bbox 384 1021 1960 1097; baseline 0.001 -18"><span class='ocrx_word' id='word_1_110' title='bbox 384 1023 387 1035; x_wconf 90' lang='lat'>&#39;</span> <span class='ocrx_word' id='word_1_111' title='bbox 1162 1023 1289 1097; x_wconf 87' lang='lat' dir='ltr'><strong>vigilans</strong></span> <span class='ocrx_word' id='word_1_112' title='bbox 1303 1031 1332 1081; x_wconf 87' lang='lat' dir='ltr'><strong>et</strong></span> <span class='ocrx_word' id='word_1_113' title='bbox 1344 1021 1501 1092; x_wconf 87' lang='lat' dir='ltr'><strong>dormiens,</strong></span> <span class='ocrx_word' id='word_1_114' title='bbox 1514 1025 1617 1080; x_wconf 81' lang='lat' dir='ltr'><strong>vivens</strong></span> <span class='ocrx_word' id='word_1_115' title='bbox 1630 1030 1659 1082; x_wconf 89' lang='lat' dir='ltr'><strong>et</strong></span> <span class='ocrx_word' id='word_1_116' title='bbox 1681 1023 1817 1081; x_wconf 90' lang='lat' dir='ltr'><strong>moriens.</strong></span> <span class='ocrx_word' id='word_1_117' title='bbox 1838 1024 1893 1093; x_wconf 85' lang='lat' dir='ltr'><strong>Qui</strong></span> <span class='ocrx_word' id='word_1_118' title='bbox 1911 1023 1960 1081; x_wconf 89' lang='lat' dir='ltr'><strong>be-</strong></span> 
     </span>
     <span class='ocr_line' id='line_1_10' title="bbox 568 1106 1963 1185; baseline 0.003 -21"><span class='ocrx_word' id='word_1_119' title='bbox 568 1106 785 1166; x_wconf 73' lang='lat' dir='ltr'><strong>Benedictio</strong></span> <span class='ocrx_word' id='word_1_120' title='bbox 803 1107 853 1167; x_wconf 84' lang='lat' dir='ltr'><strong>vl.</strong></span> <span class='ocrx_word' id='word_1_121' title='bbox 1164 1111 1305 1169; x_wconf 88' lang='lat' dir='ltr'><strong>nedixsrit</strong></span> <span class='ocrx_word' id='word_1_122' title='bbox 1327 1110 1387 1180; x_wconf 90' lang='lat' dir='ltr'><strong>tibi,</strong></span> <span class='ocrx_word' id='word_1_123' title='bbox 1413 1109 1662 1169; x_wconf 80' lang='lat' dir='ltr'><strong>benedictionibus</strong></span> <span class='ocrx_word' id='word_1_124' title='bbox 1678 1111 1836 1184; x_wconf 85' lang='lat' dir='ltr'><strong>repleatur3</strong></span> <span class='ocrx_word' id='word_1_125' title='bbox 1860 1118 1890 1170; x_wconf 90' lang='lat' dir='ltr'><strong>et</strong></span> <span class='ocrx_word' id='word_1_126' title='bbox 1916 1113 1963 1185; x_wconf 82' lang='lat' dir='ltr'><strong>qui</strong></span> 
     </span>
     <span class='ocr_line' id='line_1_11' title="bbox 518 1197 1965 1290; baseline -0.001 -32"><span class='ocrx_word' id='word_1_127' title='bbox 518 1220 662 1278; x_wconf 58' lang='lat' dir='ltr'><strong>gemme</strong></span> <span class='ocrx_word' id='word_1_128' title='bbox 671 1221 704 1279; x_wconf 64' lang='lat' dir='ltr'><strong>p,</strong></span> <span class='ocrx_word' id='word_1_129' title='bbox 719 1222 907 1290; x_wconf 47' lang='lat' dir='ltr'><strong>guingamp,</strong></span> <span class='ocrx_word' id='word_1_130' title='bbox 1163 1198 1343 1258; x_wconf 80' lang='lat' dir='ltr'><strong>maledixerit</strong></span> <span class='ocrx_word' id='word_1_131' title='bbox 1360 1197 1421 1270; x_wconf 89' lang='lat' dir='ltr'><strong>tibi,</strong></span> <span class='ocrx_word' id='word_1_132' title='bbox 1440 1214 1498 1256; x_wconf 93' lang='lat' dir='ltr'><strong>nou</strong></span> <span class='ocrx_word' id='word_1_133' title='bbox 1511 1201 1566 1256; x_wconf 88' lang='lat' dir='ltr'><strong>erit</strong></span> <span class='ocrx_word' id='word_1_134' title='bbox 1587 1199 1732 1264; x_wconf 88' lang='lat' dir='ltr'><strong>immunis.</strong></span> <span class='ocrx_word' id='word_1_135' title='bbox 1749 1201 1817 1258; x_wconf 80' lang='lat' dir='ltr'><strong>Esto</strong></span> <span class='ocrx_word' id='word_1_136' title='bbox 1829 1201 1965 1258; x_wconf 79' lang='lat' dir='ltr'><strong>dominas</strong></span> 
     </span>
     <span class='ocr_line' id='line_1_12' title="bbox 1162 1286 1960 1361; baseline 0.001 -16"><span class='ocrx_word' id='word_1_137' title='bbox 1162 1287 1293 1361; x_wconf 74' lang='lat' dir='ltr'><strong>fratrem</strong></span> <span class='ocrx_word' id='word_1_138' title='bbox 1304 1291 1430 1357; x_wconf 80' lang='lat' dir='ltr'><strong>tuorum,</strong></span> <span class='ocrx_word' id='word_1_139' title='bbox 1447 1295 1475 1345; x_wconf 91' lang='lat' dir='ltr'><strong>et</strong></span> <span class='ocrx_word' id='word_1_140' title='bbox 1484 1295 1532 1345; x_wconf 90' lang='lat' dir='ltr'><strong>tuo</strong></span> <span class='ocrx_word' id='word_1_141' title='bbox 1542 1286 1663 1360; x_wconf 89' lang='lat' dir='ltr'><strong>irnperio</strong></span> <span class='ocrx_word' id='word_1_142' title='bbox 1677 1289 1772 1346; x_wconf 88' lang='lat' dir='ltr'><strong>cuncti</strong></span> <span class='ocrx_word' id='word_1_143' title='bbox 1781 1287 1960 1361; x_wconf 86' lang='lat' dir='ltr'><strong>subjaceant.</strong></span> 
     </span>
     <span class='ocr_line' id='line_1_13' title="bbox 1163 1375 1960 1449; baseline -0.001 -15"><span class='ocrx_word' id='word_1_144' title='bbox 1163 1379 1364 1448; x_wconf 84' lang='lat' dir='ltr'><strong>Quoscumque</strong></span> <span class='ocrx_word' id='word_1_145' title='bbox 1377 1375 1503 1434; x_wconf 85' lang='lat' dir='ltr'><strong>volueris</strong></span> <span class='ocrx_word' id='word_1_146' title='bbox 1514 1377 1643 1449; x_wconf 88' lang='lat' dir='ltr'><strong>recipere</strong></span> <span class='ocrx_word' id='word_1_147' title='bbox 1661 1375 1697 1432; x_wconf 90' lang='lat' dir='ltr'><strong>ad</strong></span> <span class='ocrx_word' id='word_1_148' title='bbox 1713 1377 1850 1434; x_wconf 86' lang='lat' dir='ltr'><strong>Ordinem</strong></span> <span class='ocrx_word' id='word_1_149' title='bbox 1862 1377 1960 1448; x_wconf 87' lang='lat' dir='ltr'><strong>istum,</strong></span> 
     </span>
     <span class='ocr_line' id='line_1_14' title="bbox 1163 1464 1962 1541; baseline 0.004 -20"><span class='ocrx_word' id='word_1_150' title='bbox 1163 1467 1271 1541; x_wconf 87' lang='lat' dir='ltr'><strong>recepti</strong></span> <span class='ocrx_word' id='word_1_151' title='bbox 1297 1466 1377 1537; x_wconf 83' lang='lat' dir='ltr'><strong>sint3</strong></span> <span class='ocrx_word' id='word_1_152' title='bbox 1403 1470 1432 1522; x_wconf 89' lang='lat' dir='ltr'><strong>et</strong></span> <span class='ocrx_word' id='word_1_153' title='bbox 1455 1479 1652 1538; x_wconf 83' lang='lat' dir='ltr'><strong>quoscumque</strong></span> <span class='ocrx_word' id='word_1_154' title='bbox 1671 1465 1802 1523; x_wconf 86' lang='lat' dir='ltr'><strong>emittere</strong></span> <span class='ocrx_word' id='word_1_155' title='bbox 1827 1464 1962 1535; x_wconf 89' lang='lat' dir='ltr'><strong>volueris,</strong></span> 
     </span>
     <span class='ocr_line' id='line_1_15' title="bbox 1165 1552 1965 1627; baseline 0 -17"><span class='ocrx_word' id='word_1_156' title='bbox 1165 1555 1322 1612; x_wconf 75' lang='lat' dir='ltr'><strong>mittantur,</strong></span> <span class='ocrx_word' id='word_1_157' title='bbox 1336 1553 1436 1612; x_wconf 85' lang='lat' dir='ltr'><strong>Nullus</strong></span> <span class='ocrx_word' id='word_1_158' title='bbox 1459 1561 1588 1627; x_wconf 88' lang='lat' dir='ltr'><strong>superte</strong></span> <span class='ocrx_word' id='word_1_159' title='bbox 1603 1559 1782 1626; x_wconf 87' lang='lat' dir='ltr'><strong>potestatem</strong></span> <span class='ocrx_word' id='word_1_160' title='bbox 1793 1552 1911 1612; x_wconf 84' lang='lat' dir='ltr'><strong>habeat.</strong></span> <span class='ocrx_word' id='word_1_161' title='bbox 1928 1557 1965 1611; x_wconf 85' lang='lat' dir='ltr'><strong>Et</strong></span> 
     </span>
     <span class='ocr_line' id='line_1_16' title="bbox 1164 1641 1962 1716; baseline -0.001 -17"><span class='ocrx_word' id='word_1_162' title='bbox 1164 1657 1345 1716; x_wconf 75' lang='lat' dir='ltr'><strong>utrocumque</strong></span> <span class='ocrx_word' id='word_1_163' title='bbox 1367 1642 1516 1712; x_wconf 86' lang='lat' dir='ltr'><strong>uolueris,</strong></span> <span class='ocrx_word' id='word_1_164' title='bbox 1543 1641 1632 1699; x_wconf 87' lang='lat' dir='ltr'><strong>libere</strong></span> <span class='ocrx_word' id='word_1_165' title='bbox 1660 1643 1753 1714; x_wconf 86' lang='lat' dir='ltr'><strong>possis</strong></span> <span class='ocrx_word' id='word_1_166' title='bbox 1781 1655 1904 1716; x_wconf 81' lang='lat' dir='ltr'><strong>pergere</strong></span> <span class='ocrx_word' id='word_1_167' title='bbox 1933 1646 1962 1698; x_wconf 92' lang='lat' dir='ltr'><strong>ct</strong></span> 
     </span>
     <span class='ocr_line' id='line_1_17' title="bbox 1166 1727 1369 1805; baseline 0.005 -17"><span class='ocrx_word' id='word_1_168' title='bbox 1166 1731 1294 1788; x_wconf 82' lang='lat' dir='ltr'><strong>morari»</strong></span> <span class='ocrx_word' id='word_1_169' title='bbox 1317 1727 1369 1805; x_wconf 83' lang='lat'><strong>(3).</strong></span> 
     </span>
    </p>
   </div>
   <div class='ocr_carea' id='block_1_3' title="bbox 296 1335 1967 3274">
    <p class='ocr_par' dir='ltr' id='par_1_3' title="bbox 296 1335 1967 3274">
     <span class='ocr_line' id='line_1_18' title="bbox 350 1335 1107 1411; baseline 0 -17"><span class='ocrx_word' id='word_1_170' title='bbox 350 1337 383 1394; x_wconf 90' lang='lat' dir='ltr'><strong>ln</strong></span> <span class='ocrx_word' id='word_1_171' title='bbox 405 1335 485 1394; x_wconf 89' lang='lat' dir='ltr'><strong>obitu</strong></span> <span class='ocrx_word' id='word_1_172' title='bbox 510 1336 586 1395; x_wconf 88' lang='lat' dir='ltr'><strong>besti</strong></span> <span class='ocrx_word' id='word_1_173' title='bbox 608 1337 711 1407; x_wconf 89' lang='lat' dir='ltr'><strong>Patris,</strong></span> <span class='ocrx_word' id='word_1_174' title='bbox 727 1337 995 1411; x_wconf 86' lang='lat' dir='ltr'><strong>collacrymantibus</strong></span> <span class='ocrx_word' id='word_1_175' title='bbox 1014 1337 1107 1395; x_wconf 92' lang='lat' dir='ltr'><strong>omui·</strong></span> 
     </span>
     <span class='ocr_line' id='line_1_19' title="bbox 314 1421 1109 1499; baseline 0.003 -17"><span class='ocrx_word' id='word_1_176' title='bbox 314 1423 368 1482; x_wconf 93' lang='lat' dir='ltr'><strong>bus</strong></span> <span class='ocrx_word' id='word_1_177' title='bbox 394 1421 527 1484; x_wconf 86' lang='lat' dir='ltr'><strong>iratribus</strong></span> <span class='ocrx_word' id='word_1_178' title='bbox 560 1440 611 1499; x_wconf 94' lang='lat' dir='ltr'><strong>pro</strong></span> <span class='ocrx_word' id='word_1_179' title='bbox 636 1425 843 1484; x_wconf 88' lang='lat' dir='ltr'><strong>substractione</strong></span> <span class='ocrx_word' id='word_1_180' title='bbox 869 1427 940 1484; x_wconf 91' lang='lat' dir='ltr'><strong>tanti</strong></span> <span class='ocrx_word' id='word_1_181' title='bbox 960 1427 1061 1496; x_wconf 90' lang='lat' dir='ltr'><strong>Patris,</strong></span> <span class='ocrx_word' id='word_1_182' title='bbox 1082 1433 1109 1484; x_wconf 90' lang='lat' dir='ltr'><strong>et</strong></span> 
     </span>
     <span class='ocr_line' id='line_1_20' title="bbox 314 1513 1110 1586; baseline -0.003 -14"><span class='ocrx_word' id='word_1_183' title='bbox 314 1520 373 1572; x_wconf 82' lang='lat' dir='ltr'><strong>tam</strong></span> <span class='ocrx_word' id='word_1_184' title='bbox 390 1513 503 1572; x_wconf 87' lang='lat' dir='ltr'><strong>solliciti</strong></span> <span class='ocrx_word' id='word_1_185' title='bbox 518 1514 653 1586; x_wconf 87' lang='lat' dir='ltr'><strong>Pastoris,</strong></span> <span class='ocrx_word' id='word_1_186' title='bbox 679 1515 717 1574; x_wconf 89' lang='lat' dir='ltr'><strong>ait</strong></span> <span class='ocrx_word' id='word_1_187' title='bbox 739 1514 774 1572; x_wconf 91' lang='lat' dir='ltr'><strong>ad</strong></span> <span class='ocrx_word' id='word_1_188' title='bbox 799 1515 1039 1573; x_wconf 82' lang='lat' dir='ltr'><strong>circumstantes:</strong></span> <span class='ocrx_word' id='word_1_189' title='bbox 1056 1513 1110 1574; x_wconf 90' lang='lat' dir='ltr'><strong>Ubi</strong></span> 
     </span>
     <span class='ocr_line' id='line_1_21' title="bbox 314 1603 1110 1676; baseline 0 -16"><span class='ocrx_word' id='word_1_190' title='bbox 314 1607 359 1660; x_wconf 88' lang='lat' dir='ltr'><strong>est</strong></span> <span class='ocrx_word' id='word_1_191' title='bbox 371 1603 581 1676; x_wconf 87' lang='lat' dir='ltr'><strong>primogenitus</strong></span> <span class='ocrx_word' id='word_1_192' title='bbox 601 1617 683 1660; x_wconf 88' lang='lat' dir='ltr'><strong>meus</strong></span> <span class='ocrx_word' id='word_1_193' title='bbox 696 1605 794 1661; x_wconf 85' lang='lat' dir='ltr'><strong>Frater</strong></span> <span class='ocrx_word' id='word_1_194' title='bbox 805 1603 989 1662; x_wconf 72' lang='lat' dir='ltr'><strong>Bernartius?</strong></span> <span class='ocrx_word' id='word_1_195' title='bbox 1001 1603 1051 1662; x_wconf 86' lang='lat' dir='ltr'><strong>Cui</strong></span> <span class='ocrx_word' id='word_1_196' title='bbox 1067 1618 1110 1660; x_wconf 83' lang='lat' dir='ltr'><strong>se</strong></span> 
     </span>
     <span class='ocr_line' id='line_1_22' title="bbox 314 1690 1110 1763; baseline -0.003 -13"><span class='ocrx_word' id='word_1_197' title='bbox 314 1690 439 1762; x_wconf 87' lang='lat' dir='ltr'><strong>cedenti,</strong></span> <span class='ocrx_word' id='word_1_198' title='bbox 466 1692 551 1762; x_wconf 87' lang='lat' dir='ltr'><strong>Veni,</strong></span> <span class='ocrx_word' id='word_1_199' title='bbox 574 1693 674 1763; x_wconf 86' lang='lat' dir='ltr'><strong>inquit,</strong></span> <span class='ocrx_word' id='word_1_200' title='bbox 699 1693 738 1749; x_wconf 85' lang='lat' dir='ltr'><strong>lrli</strong></span> <span class='ocrx_word' id='word_1_201' title='bbox 762 1694 811 1763; x_wconf 91' lang='lat' dir='ltr'><strong>mi,</strong></span> <span class='ocrx_word' id='word_1_202' title='bbox 839 1701 871 1750; x_wconf 93' lang='lat' dir='ltr'><strong>ut</strong></span> <span class='ocrx_word' id='word_1_203' title='bbox 891 1692 1042 1750; x_wconf 83' lang='lat' dir='ltr'><strong>benedicet</strong></span> <span class='ocrx_word' id='word_1_204' title='bbox 1059 1691 1110 1750; x_wconf 91' lang='lat' dir='ltr'><strong>tibi</strong></span> 
     </span>
     <span class='ocr_line' id='line_1_23' title="bbox 315 1780 1110 1854; baseline 0.003 -18"><span class='ocrx_word' id='word_1_205' title='bbox 315 1780 412 1838; x_wconf 83' lang='lat' dir='ltr'><strong>enims</strong></span> <span class='ocrx_word' id='word_1_206' title='bbox 425 1795 490 1836; x_wconf 89' lang='lat' dir='ltr'><strong>mea</strong></span> <span class='ocrx_word' id='word_1_207' title='bbox 511 1788 664 1852; x_wconf 84' lang='lat' dir='ltr'><strong>antequem</strong></span> <span class='ocrx_word' id='word_1_208' title='bbox 684 1782 799 1840; x_wconf 88' lang='lat' dir='ltr'><strong>moriar.</strong></span> <span class='ocrx_word' id='word_1_209' title='bbox 816 1781 871 1839; x_wconf 89' lang='lat' dir='ltr'><strong>Sed</strong></span> <span class='ocrx_word' id='word_1_210' title='bbox 886 1781 1047 1839; x_wconf 79' lang='lat' dir='ltr'><strong>bernardus</strong></span> <span class='ocrx_word' id='word_1_211' title='bbox 1059 1796 1110 1854; x_wconf 95' lang='lat' dir='ltr'><strong>pro</strong></span> 
     </span>
     <span class='ocr_line' id='line_1_24' title="bbox 315 1867 1708 1966; baseline 0 -40"><span class='ocrx_word' id='word_1_212' title='bbox 315 1882 367 1926; x_wconf 90' lang='lat' dir='ltr'><strong>sus</strong></span> <span class='ocrx_word' id='word_1_213' title='bbox 383 1867 552 1938; x_wconf 87' lang='lat' dir='ltr'><strong>humilitate,</strong></span> <span class='ocrx_word' id='word_1_214' title='bbox 573 1883 609 1926; x_wconf 86' lang='lat' dir='ltr'><strong>xre</strong></span> <span class='ocrx_word' id='word_1_215' title='bbox 624 1869 678 1926; x_wconf 90' lang='lat' dir='ltr'><strong>sibi</strong></span> <span class='ocrx_word' id='word_1_216' title='bbox 693 1869 836 1927; x_wconf 86' lang='lat' dir='ltr'><strong>videretur</strong></span> <span class='ocrx_word' id='word_1_217' title='bbox 857 1884 1014 1940; x_wconf 88' lang='lat' dir='ltr'><strong>assumere,</strong></span> <span class='ocrx_word' id='word_1_218' title='bbox 1035 1869 1110 1942; x_wconf 85' lang='lat' dir='ltr'><strong>quod</strong></span> <span class='ocrx_word' id='word_1_219' title='bbox 1413 1905 1628 1966; x_wconf 62' lang='lat' dir='ltr'>BENEDICTIO</span> <span class='ocrx_word' id='word_1_220' title='bbox 1655 1907 1708 1966; x_wconf 67' lang='lat' dir='ltr'><strong>VH</strong></span> 
     </span>
     <span class='ocr_line' id='line_1_25' title="bbox 316 1949 1719 2032; baseline 0.004 -19"><span class='ocrx_word' id='word_1_221' title='bbox 316 1955 1112 2032; x_wconf 79' lang='lat' dir='ltr'><strong>prooifleiidiguitatectprrelecturaeemiuentiaputabat</strong></span> <span class='ocrx_word' id='word_1_222' title='bbox 1712 1949 1719 1962; x_wconf 73' lang='lat'><em>⁰</em></span> 
     </span>
     <span class='ocr_line' id='line_1_26' title="bbox 315 2021 1684 2122; baseline 0.001 -19"><span class='ocrx_word' id='word_1_223' title='bbox 315 2043 413 2103; x_wconf 89' lang='lat' dir='ltr'><strong>deberi</strong></span> <span class='ocrx_word' id='word_1_224' title='bbox 426 2046 517 2102; x_wconf 83' lang='lat' dir='ltr'><strong>Fratri</strong></span> <span class='ocrx_word' id='word_1_225' title='bbox 538 2047 617 2118; x_wconf 78' lang='lat' dir='ltr'><strong>slis,</strong></span> <span class='ocrx_word' id='word_1_226' title='bbox 634 2054 702 2104; x_wconf 91' lang='lat' dir='ltr'><strong>tunc</strong></span> <span class='ocrx_word' id='word_1_227' title='bbox 716 2047 845 2122; x_wconf 89' lang='lat' dir='ltr'><strong>generali</strong></span> <span class='ocrx_word' id='word_1_228' title='bbox 860 2046 974 2106; x_wconf 81' lang='lat' dir='ltr'><strong>Ordinis</strong></span> <span class='ocrx_word' id='word_1_229' title='bbox 992 2047 1109 2117; x_wconf 80' lang='lat' dir='ltr'><strong>vicario,</strong></span> <span class='ocrx_word' id='word_1_230' title='bbox 1470 2021 1649 2080; x_wconf 63' lang='lat' dir='ltr'><strong>Emmdm·</strong></span> <span class='ocrx_word' id='word_1_231' title='bbox 1679 2053 1684 2062; x_wconf 90' lang='lat'>&#39;</span> 
     </span>
     <span class='ocr_line' id='line_1_27' title="bbox 318 2133 1966 2211; baseline 0.002 -19"><span class='ocrx_word' id='word_1_232' title='bbox 318 2141 348 2193; x_wconf 88' lang='lat' dir='ltr'><strong>et</strong></span> <span class='ocrx_word' id='word_1_233' title='bbox 359 2134 488 2208; x_wconf 83' lang='lat' dir='ltr'><strong>putativo</strong></span> <span class='ocrx_word' id='word_1_234' title='bbox 506 2133 583 2194; x_wconf 89' lang='lat' dir='ltr'><strong>beati</strong></span> <span class='ocrx_word' id='word_1_235' title='bbox 595 2137 648 2192; x_wconf 90' lang='lat' dir='ltr'><strong>viri</strong></span> <span class='ocrx_word' id='word_1_236' title='bbox 670 2137 840 2204; x_wconf 90' lang='lat' dir='ltr'><strong>successori,</strong></span> <span class='ocrx_word' id='word_1_237' title='bbox 856 2138 1004 2210; x_wconf 80' lang='lat' dir='ltr'><strong>suggessit</strong></span> <span class='ocrx_word' id='word_1_238' title='bbox 1017 2136 1112 2196; x_wconf 86' lang='lat' dir='ltr'><strong>cidem</strong></span> <span class='ocrx_word' id='word_1_239' title='bbox 1201 2137 1250 2197; x_wconf 82' lang='lat' dir='ltr'><strong>sut</strong></span> <span class='ocrx_word' id='word_1_240' title='bbox 1265 2137 1401 2194; x_wconf 89' lang='lat' dir='ltr'><strong>transitus</strong></span> <span class='ocrx_word' id='word_1_241' title='bbox 1424 2134 1494 2194; x_wconf 89' lang='lat' dir='ltr'><strong>hora</strong></span> <span class='ocrx_word' id='word_1_242' title='bbox 1510 2136 1767 2211; x_wconf 86' lang='lat' dir='ltr'><strong>appropinquante,</strong></span> <span class='ocrx_word' id='word_1_243' title='bbox 1785 2133 1852 2192; x_wconf 86' lang='lat' dir='ltr'><strong>lecit</strong></span> <span class='ocrx_word' id='word_1_244' title='bbox 1864 2150 1966 2195; x_wconf 87' lang='lat' dir='ltr'><strong>omnes</strong></span> 
     </span>
     <span class='ocr_line' id='line_1_28' title="bbox 317 2222 1966 2294; baseline 0.002 -14"><span class='ocrx_word' id='word_1_245' title='bbox 317 2229 350 2280; x_wconf 92' lang='lat' dir='ltr'><strong>ut</strong></span> <span class='ocrx_word' id='word_1_246' title='bbox 364 2222 400 2281; x_wconf 92' lang='lat' dir='ltr'><strong>ad</strong></span> <span class='ocrx_word' id='word_1_247' title='bbox 421 2222 568 2282; x_wconf 89' lang='lat' dir='ltr'><strong>dexteram</strong></span> <span class='ocrx_word' id='word_1_248' title='bbox 594 2224 741 2282; x_wconf 86' lang='lat' dir='ltr'><strong>morientis</strong></span> <span class='ocrx_word' id='word_1_249' title='bbox 756 2223 914 2294; x_wconf 88' lang='lat' dir='ltr'><strong>accederet,</strong></span> <span class='ocrx_word' id='word_1_250' title='bbox 935 2233 964 2282; x_wconf 92' lang='lat' dir='ltr'><strong>et</strong></span> <span class='ocrx_word' id='word_1_251' title='bbox 987 2223 1112 2282; x_wconf 87' lang='lat' dir='ltr'><strong>oblatam</strong></span> <span class='ocrx_word' id='word_1_252' title='bbox 1167 2223 1268 2284; x_wconf 80' lang='lat' dir='ltr'><strong>iratres</strong></span> <span class='ocrx_word' id='word_1_253' title='bbox 1291 2225 1446 2283; x_wconf 82' lang='lat' dir='ltr'><strong>existentes</strong></span> <span class='ocrx_word' id='word_1_254' title='bbox 1462 2225 1492 2281; x_wconf 90' lang='lat' dir='ltr'><strong>in</strong></span> <span class='ocrx_word' id='word_1_255' title='bbox 1517 2224 1581 2282; x_wconf 88' lang='lat' dir='ltr'><strong>loco</strong></span> <span class='ocrx_word' id='word_1_256' title='bbox 1606 2224 1655 2281; x_wconf 91' lang='lat' dir='ltr'><strong>illo</strong></span> <span class='ocrx_word' id='word_1_257' title='bbox 1682 2231 1789 2282; x_wconf 76' lang='lat' dir='ltr'><strong>sancte</strong></span> <span class='ocrx_word' id='word_1_258' title='bbox 1811 2225 1910 2282; x_wconf 81' lang='lat' dir='ltr'><strong>llariae</strong></span> <span class='ocrx_word' id='word_1_259' title='bbox 1932 2224 1966 2283; x_wconf 93' lang='lat' dir='ltr'><strong>de</strong></span> 
     </span>
     <span class='ocr_line' id='line_1_29' title="bbox 317 2311 1965 2388; baseline 0 -18"><span class='ocrx_word' id='word_1_260' title='bbox 317 2312 457 2384; x_wconf 86' lang='lat' dir='ltr'><strong>reciperet</strong></span> <span class='ocrx_word' id='word_1_261' title='bbox 465 2311 775 2382; x_wconf 76' lang='lat' dir='ltr'><strong>benedictionemcuo</strong></span> <span class='ocrx_word' id='word_1_262' title='bbox 790 2320 856 2370; x_wconf 85' lang='lat' dir='ltr'><strong>ente</strong></span> <span class='ocrx_word' id='word_1_263' title='bbox 864 2313 916 2370; x_wconf 87' lang='lat' dir='ltr'><strong>Dei</strong></span> <span class='ocrx_word' id='word_1_264' title='bbox 924 2313 1017 2371; x_wconf 87' lang='lat' dir='ltr'><strong>virum</strong></span> <span class='ocrx_word' id='word_1_265' title='bbox 1030 2328 1110 2387; x_wconf 89' lang='lat' dir='ltr'><strong>pros·</strong></span> <span class='ocrx_word' id='word_1_266' title='bbox 1166 2314 1286 2388; x_wconf 84' lang='lat' dir='ltr'><strong>Angelis</strong></span> <span class='ocrx_word' id='word_1_267' title='bbox 1312 2312 1348 2370; x_wconf 92' lang='lat' dir='ltr'><strong>ad</strong></span> <span class='ocrx_word' id='word_1_268' title='bbox 1375 2329 1408 2370; x_wconf 89' lang='lat' dir='ltr'><strong>se</strong></span> <span class='ocrx_word' id='word_1_269' title='bbox 1433 2313 1540 2382; x_wconf 85' lang='lat' dir='ltr'><strong>vocari,</strong></span> <span class='ocrx_word' id='word_1_270' title='bbox 1556 2319 1585 2370; x_wconf 92' lang='lat' dir='ltr'><strong>ct</strong></span> <span class='ocrx_word' id='word_1_271' title='bbox 1606 2327 1641 2370; x_wconf 91' lang='lat' dir='ltr'><strong>eo</strong></span> <span class='ocrx_word' id='word_1_272' title='bbox 1656 2311 1855 2370; x_wconf 88' lang='lat' dir='ltr'><strong>consolatoriis</strong></span> <span class='ocrx_word' id='word_1_273' title='bbox 1869 2313 1965 2370; x_wconf 87' lang='lat' dir='ltr'><strong>verbis</strong></span> 
     </span>
     <span class='ocr_line' id='line_1_30' title="bbox 320 2399 1966 2476; baseline 0 -18"><span class='ocrx_word' id='word_1_274' title='bbox 320 2406 406 2470; x_wconf 89' lang='lat' dir='ltr'><strong>trato,</strong></span> <span class='ocrx_word' id='word_1_275' title='bbox 420 2400 477 2470; x_wconf 89' lang='lat' dir='ltr'><strong>ille,</strong></span> <span class='ocrx_word' id='word_1_276' title='bbox 493 2401 548 2458; x_wconf 91' lang='lat' dir='ltr'><strong>etsi</strong></span> <span class='ocrx_word' id='word_1_277' title='bbox 566 2417 625 2474; x_wconf 84' lang='lat' dir='ltr'><strong>pree</strong></span> <span class='ocrx_word' id='word_1_278' title='bbox 645 2401 834 2476; x_wconf 87' lang='lat' dir='ltr'><strong>laerymarum</strong></span> <span class='ocrx_word' id='word_1_279' title='bbox 855 2401 1040 2460; x_wconf 89' lang='lat' dir='ltr'><strong>assuetudine</strong></span> <span class='ocrx_word' id='word_1_280' title='bbox 1054 2416 1110 2459; x_wconf 80' lang='lat' dir='ltr'><strong>ose·</strong></span> <span class='ocrx_word' id='word_1_281' title='bbox 1167 2417 1284 2476; x_wconf 86' lang='lat' dir='ltr'><strong>prosus</strong></span> <span class='ocrx_word' id='word_1_282' title='bbox 1308 2409 1399 2458; x_wconf 89' lang='lat' dir='ltr'><strong>morte</strong></span> <span class='ocrx_word' id='word_1_283' title='bbox 1412 2399 1588 2469; x_wconf 85' lang='lat' dir='ltr'><strong>demulcens,</strong></span> <span class='ocrx_word' id='word_1_284' title='bbox 1602 2407 1722 2472; x_wconf 89' lang='lat' dir='ltr'><strong>paterno</strong></span> <span class='ocrx_word' id='word_1_285' title='bbox 1735 2399 1840 2457; x_wconf 84' lang='lat' dir='ltr'><strong>oiieotu</strong></span> <span class='ocrx_word' id='word_1_286' title='bbox 1861 2414 1914 2458; x_wconf 92' lang='lat' dir='ltr'><strong>eos</strong></span> <span class='ocrx_word' id='word_1_287' title='bbox 1931 2401 1966 2458; x_wconf 91' lang='lat' dir='ltr'><strong>ad</strong></span> 
     </span>
     <span class='ocr_line' id='line_1_31' title="bbox 317 2487 1966 2564; baseline 0.001 -18"><span class='ocrx_word' id='word_1_288' title='bbox 317 2489 429 2559; x_wconf 89' lang='lat' dir='ltr'><strong>cutiret,</strong></span> <span class='ocrx_word' id='word_1_289' title='bbox 446 2491 547 2563; x_wconf 92' lang='lat' dir='ltr'><strong>plenus</strong></span> <span class='ocrx_word' id='word_1_290' title='bbox 569 2497 666 2548; x_wconf 85' lang='lat' dir='ltr'><strong>tamon</strong></span> <span class='ocrx_word' id='word_1_291' title='bbox 688 2490 854 2564; x_wconf 91' lang='lat' dir='ltr'><strong>prophetico</strong></span> <span class='ocrx_word' id='word_1_292' title='bbox 876 2491 987 2564; x_wconf 90' lang='lat' dir='ltr'><strong>spiritu,</strong></span> <span class='ocrx_word' id='word_1_293' title='bbox 1010 2505 1113 2548; x_wconf 90' lang='lat' dir='ltr'><strong>manus</strong></span> <span class='ocrx_word' id='word_1_294' title='bbox 1167 2491 1295 2548; x_wconf 87' lang='lat' dir='ltr'><strong>divinum</strong></span> <span class='ocrx_word' id='word_1_295' title='bbox 1316 2498 1360 2547; x_wconf 89' lang='lat' dir='ltr'><strong>est</strong></span> <span class='ocrx_word' id='word_1_296' title='bbox 1373 2489 1501 2546; x_wconf 87' lang='lat' dir='ltr'><strong>hortatus</strong></span> <span class='ocrx_word' id='word_1_297' title='bbox 1521 2503 1659 2559; x_wconf 88' lang='lat' dir='ltr'><strong>amorem,</strong></span> <span class='ocrx_word' id='word_1_298' title='bbox 1675 2487 1714 2544; x_wconf 91' lang='lat' dir='ltr'><strong>ad</strong></span> <span class='ocrx_word' id='word_1_299' title='bbox 1732 2489 1911 2561; x_wconf 89' lang='lat' dir='ltr'><strong>patientiam,</strong></span> <span class='ocrx_word' id='word_1_300' title='bbox 1932 2489 1966 2548; x_wconf 90' lang='lat' dir='ltr'><strong>ad</strong></span> 
     </span>
     <span class='ocr_line' id='line_1_32' title="bbox 316 2576 1965 2652; baseline -0.001 -16"><span class='ocrx_word' id='word_1_301' title='bbox 316 2593 404 2652; x_wconf 91' lang='lat' dir='ltr'><strong>super</strong></span> <span class='ocrx_word' id='word_1_302' title='bbox 414 2587 500 2652; x_wconf 90' lang='lat' dir='ltr'><strong>eaput</strong></span> <span class='ocrx_word' id='word_1_303' title='bbox 514 2579 578 2652; x_wconf 88' lang='lat' dir='ltr'><strong>ejus</strong></span> <span class='ocrx_word' id='word_1_304' title='bbox 601 2580 747 2652; x_wconf 88' lang='lat' dir='ltr'><strong>imposuit,</strong></span> <span class='ocrx_word' id='word_1_305' title='bbox 765 2587 793 2636; x_wconf 89' lang='lat' dir='ltr'><strong>et</strong></span> <span class='ocrx_word' id='word_1_306' title='bbox 805 2579 896 2638; x_wconf 92' lang='lat' dir='ltr'><strong>dixit:</strong></span> <span class='ocrx_word' id='word_1_307' title='bbox 919 2581 980 2637; x_wconf 88' lang='lat' dir='ltr'><strong>lloc</strong></span> <span class='ocrx_word' id='word_1_308' title='bbox 996 2593 1055 2637; x_wconf 87' lang='lat' dir='ltr'><strong>noo</strong></span> <span class='ocrx_word' id='word_1_309' title='bbox 1070 2585 1115 2636; x_wconf 91' lang='lat' dir='ltr'><strong>est</strong></span> <span class='ocrx_word' id='word_1_310' title='bbox 1168 2585 1377 2652; x_wconf 80' lang='lat' dir='ltr'><strong>paupertatem,</strong></span> <span class='ocrx_word' id='word_1_311' title='bbox 1402 2576 1490 2634; x_wconf 87' lang='lat' dir='ltr'><strong>stud</strong></span> <span class='ocrx_word' id='word_1_312' title='bbox 1514 2583 1643 2634; x_wconf 89' lang='lat' dir='ltr'><strong>sanctam</strong></span> <span class='ocrx_word' id='word_1_313' title='bbox 1667 2577 1804 2634; x_wconf 81' lang='lat' dir='ltr'><strong>Ecclesiae</strong></span> <span class='ocrx_word' id='word_1_314' title='bbox 1828 2579 1965 2635; x_wconf 77' lang='lat' dir='ltr'><strong>Romanus</strong></span> 
     </span>
     <span class='ocr_line' id='line_1_33' title="bbox 296 2664 1964 2743; baseline -0.001 -18"><span class='ocrx_word' id='word_1_315' title='bbox 296 2734 297 2743; x_wconf 8' lang='grc' dir='ltr'>ἵ</span> <span class='ocrx_word' id='word_1_316' title='bbox 318 2674 405 2740; x_wconf 93' lang='lat' dir='ltr'><strong>caput</strong></span> <span class='ocrx_word' id='word_1_317' title='bbox 419 2667 477 2724; x_wconf 88' lang='lat' dir='ltr'><strong>mei</strong></span> <span class='ocrx_word' id='word_1_318' title='bbox 488 2667 674 2741; x_wconf 85' lang='lat' dir='ltr'><strong>primogeniti</strong></span> <span class='ocrx_word' id='word_1_319' title='bbox 689 2669 720 2724; x_wconf 85' lang='lat' dir='ltr'><strong>F.</strong></span> <span class='ocrx_word' id='word_1_320' title='bbox 737 2669 883 2726; x_wconf 87' lang='lat' dir='ltr'><strong>Bernardi.</strong></span> <span class='ocrx_word' id='word_1_321' title='bbox 900 2671 935 2726; x_wconf 86' lang='lat' dir='ltr'><strong>Et</strong></span> <span class='ocrx_word' id='word_1_322' title='bbox 949 2667 1113 2726; x_wconf 86' lang='lat' dir='ltr'><strong>cancellatis</strong></span> <span class='ocrx_word' id='word_1_323' title='bbox 1168 2667 1253 2726; x_wconf 84' lang='lat' dir='ltr'><strong>iidem</strong></span> <span class='ocrx_word' id='word_1_324' title='bbox 1267 2664 1449 2724; x_wconf 76' lang='lat' dir='ltr'><strong>servandam.</strong></span> <span class='ocrx_word' id='word_1_325' title='bbox 1459 2667 1494 2724; x_wconf 85' lang='lat' dir='ltr'><strong>Et</strong></span> <span class='ocrx_word' id='word_1_326' title='bbox 1504 2665 1607 2739; x_wconf 86' lang='lat' dir='ltr'><strong>sdjeeit</strong></span> <span class='ocrx_word' id='word_1_327' title='bbox 1623 2682 1630 2723; x_wconf 90' lang='lat'>:</span> <span class='ocrx_word' id='word_1_328' title='bbox 1649 2687 1661 2716; x_wconf 79' lang='grc' dir='ltr'>ι</span> <span class='ocrx_word' id='word_1_329' title='bbox 1676 2666 1776 2726; x_wconf 83' lang='lat' dir='ltr'><strong>valete</strong></span> <span class='ocrx_word' id='word_1_330' title='bbox 1789 2665 1849 2724; x_wconf 85' lang='lat' dir='ltr'><strong>fiilii</strong></span> <span class='ocrx_word' id='word_1_331' title='bbox 1863 2682 1964 2724; x_wconf 89' lang='lat' dir='ltr'><strong>omnes</strong></span> 
     </span>
     <span class='ocr_line' id='line_1_34' title="bbox 318 2754 1965 2828; baseline 0.001 -15"><span class='ocrx_word' id='word_1_332' title='bbox 318 2755 348 2813; x_wconf 92' lang='lat' dir='ltr'><strong>iu</strong></span> <span class='ocrx_word' id='word_1_333' title='bbox 361 2754 478 2814; x_wconf 86' lang='lat' dir='ltr'><strong>modurn</strong></span> <span class='ocrx_word' id='word_1_334' title='bbox 492 2756 590 2816; x_wconf 86' lang='lat' dir='ltr'><strong>Crucis</strong></span> <span class='ocrx_word' id='word_1_335' title='bbox 608 2755 751 2827; x_wconf 88' lang='lat' dir='ltr'><strong>manibus,</strong></span> <span class='ocrx_word' id='word_1_336' title='bbox 766 2757 844 2814; x_wconf 89' lang='lat' dir='ltr'><strong>velut</strong></span> <span class='ocrx_word' id='word_1_337' title='bbox 859 2757 929 2814; x_wconf 89' lang='lat' dir='ltr'><strong>alter</strong></span> <span class='ocrx_word' id='word_1_338' title='bbox 948 2756 1112 2814; x_wconf 83' lang='lat' dir='ltr'><strong>Petrioroha</strong></span> <span class='ocrx_word' id='word_1_339' title='bbox 1167 2758 1197 2814; x_wconf 91' lang='lat' dir='ltr'><strong>iu</strong></span> <span class='ocrx_word' id='word_1_340' title='bbox 1216 2755 1318 2814; x_wconf 91' lang='lat' dir='ltr'><strong>timore</strong></span> <span class='ocrx_word' id='word_1_341' title='bbox 1333 2755 1457 2824; x_wconf 89' lang='lat' dir='ltr'><strong>Domini,</strong></span> <span class='ocrx_word' id='word_1_342' title='bbox 1477 2762 1505 2812; x_wconf 90' lang='lat' dir='ltr'><strong>et</strong></span> <span class='ocrx_word' id='word_1_343' title='bbox 1519 2760 1687 2828; x_wconf 79' lang='lat' dir='ltr'><strong>permanete</strong></span> <span class='ocrx_word' id='word_1_344' title='bbox 1701 2754 1731 2811; x_wconf 89' lang='lat' dir='ltr'><strong>in</strong></span> <span class='ocrx_word' id='word_1_345' title='bbox 1743 2769 1779 2812; x_wconf 94' lang='lat' dir='ltr'><strong>eo</strong></span> <span class='ocrx_word' id='word_1_346' title='bbox 1789 2769 1916 2828; x_wconf 88' lang='lat' dir='ltr'><strong>semper.</strong></span> <span class='ocrx_word' id='word_1_347' title='bbox 1929 2758 1965 2814; x_wconf 83' lang='lat' dir='ltr'><strong>Et</strong></span> 
     </span>
     <span class='ocr_line' id='line_1_35' title="bbox 318 2840 1964 2920; baseline -0.001 -18"><span class='ocrx_word' id='word_1_348' title='bbox 318 2843 418 2913; x_wconf 85' lang='lat' dir='ltr'><strong>Jacob,</strong></span> <span class='ocrx_word' id='word_1_349' title='bbox 433 2842 581 2902; x_wconf 90' lang='lat' dir='ltr'><strong>dexteram</strong></span> <span class='ocrx_word' id='word_1_350' title='bbox 596 2859 706 2920; x_wconf 91' lang='lat' dir='ltr'><strong>ponens</strong></span> <span class='ocrx_word' id='word_1_351' title='bbox 719 2860 806 2918; x_wconf 90' lang='lat' dir='ltr'><strong>super</strong></span> <span class='ocrx_word' id='word_1_352' title='bbox 817 2852 903 2918; x_wconf 88' lang='lat' dir='ltr'><strong>caput</strong></span> <span class='ocrx_word' id='word_1_353' title='bbox 917 2847 948 2902; x_wconf 75' lang='lat' dir='ltr'><strong>ll.</strong></span> <span class='ocrx_word' id='word_1_354' title='bbox 964 2844 1110 2915; x_wconf 78' lang='lat' dir='ltr'><strong>bernardi,</strong></span> <span class='ocrx_word' id='word_1_355' title='bbox 1166 2844 1301 2917; x_wconf 86' lang='lat' dir='ltr'><strong>quoniam</strong></span> <span class='ocrx_word' id='word_1_356' title='bbox 1327 2841 1420 2901; x_wconf 82' lang='lat' dir='ltr'><strong>lutura</strong></span> <span class='ocrx_word' id='word_1_357' title='bbox 1445 2840 1587 2900; x_wconf 81' lang='lat' dir='ltr'><strong>tribulatio</strong></span> <span class='ocrx_word' id='word_1_358' title='bbox 1611 2849 1641 2899; x_wconf 91' lang='lat' dir='ltr'><strong>et</strong></span> <span class='ocrx_word' id='word_1_359' title='bbox 1668 2842 1786 2899; x_wconf 91' lang='lat' dir='ltr'><strong>tentatio</strong></span> <span class='ocrx_word' id='word_1_360' title='bbox 1809 2843 1964 2916; x_wconf 91' lang='lat' dir='ltr'><strong>appropin-</strong></span> 
     </span>
     <span class='ocr_line' id='line_1_36' title="bbox 319 2929 1966 3007; baseline -0.001 -18"><span class='ocrx_word' id='word_1_361' title='bbox 319 2932 369 3005; x_wconf 87' lang='lat' dir='ltr'><strong>qui</strong></span> <span class='ocrx_word' id='word_1_362' title='bbox 383 2930 419 2990; x_wconf 87' lang='lat' dir='ltr'><strong>sd</strong></span> <span class='ocrx_word' id='word_1_363' title='bbox 432 2932 544 3003; x_wconf 76' lang='lat' dir='ltr'><strong>levam,</strong></span> <span class='ocrx_word' id='word_1_364' title='bbox 560 2940 680 3005; x_wconf 82' lang='lat' dir='ltr'><strong>utreque</strong></span> <span class='ocrx_word' id='word_1_365' title='bbox 691 2933 765 2991; x_wconf 88' lang='lat' dir='ltr'><strong>llexo</strong></span> <span class='ocrx_word' id='word_1_366' title='bbox 779 2934 895 3007; x_wconf 86' lang='lat' dir='ltr'><strong>poplite,</strong></span> <span class='ocrx_word' id='word_1_367' title='bbox 911 2935 987 2992; x_wconf 90' lang='lat' dir='ltr'><strong>Pstri</strong></span> <span class='ocrx_word' id='word_1_368' title='bbox 1002 2932 1109 2992; x_wconf 89' lang='lat' dir='ltr'><strong>asside·</strong></span> <span class='ocrx_word' id='word_1_369' title='bbox 1167 2939 1244 3006; x_wconf 91' lang='lat' dir='ltr'><strong>quat,</strong></span> <span class='ocrx_word' id='word_1_370' title='bbox 1267 2929 1364 2989; x_wconf 80' lang='lat' dir='ltr'><strong>felices</strong></span> <span class='ocrx_word' id='word_1_371' title='bbox 1375 2931 1424 3004; x_wconf 83' lang='lat' dir='ltr'><strong>qui</strong></span> <span class='ocrx_word' id='word_1_372' title='bbox 1443 2929 1666 3003; x_wconf 84' lang='lat' dir='ltr'><strong>perseverabunt</strong></span> <span class='ocrx_word' id='word_1_373' title='bbox 1685 2931 1715 2987; x_wconf 90' lang='lat' dir='ltr'><strong>in</strong></span> <span class='ocrx_word' id='word_1_374' title='bbox 1729 2929 1776 2988; x_wconf 92' lang='lat' dir='ltr'><strong>his</strong></span> <span class='ocrx_word' id='word_1_375' title='bbox 1790 2946 1855 3003; x_wconf 78' lang='lat' dir='ltr'><strong>quse</strong></span> <span class='ocrx_word' id='word_1_376' title='bbox 1872 2945 1966 3004; x_wconf 88' lang='lat' dir='ltr'><strong>coepe-</strong></span> 
     </span>
     <span class='ocr_line' id='line_1_37' title="bbox 318 3017 1967 3094; baseline 0 -16"><span class='ocrx_word' id='word_1_377' title='bbox 318 3018 378 3090; x_wconf 92' lang='lat' dir='ltr'><strong>bat,</strong></span> <span class='ocrx_word' id='word_1_378' title='bbox 391 3035 457 3078; x_wconf 90' lang='lat' dir='ltr'><strong>eum</strong></span> <span class='ocrx_word' id='word_1_379' title='bbox 471 3021 619 3079; x_wconf 90' lang='lat' dir='ltr'><strong>benedixit</strong></span> <span class='ocrx_word' id='word_1_380' title='bbox 631 3021 676 3080; x_wconf 88' lang='lat' dir='ltr'><strong>his</strong></span> <span class='ocrx_word' id='word_1_381' title='bbox 687 3022 782 3080; x_wconf 87' lang='lat' dir='ltr'><strong>verbis</strong></span> <span class='ocrx_word' id='word_1_382' title='bbox 798 3038 804 3078; x_wconf 93' lang='lat'>:</span> <span class='ocrx_word' id='word_1_383' title='bbox 824 3022 1000 3080; x_wconf 79' lang='lat' dir='ltr'><strong>«Benedicat</strong></span> <span class='ocrx_word' id='word_1_384' title='bbox 1015 3029 1041 3080; x_wconf 90' lang='lat' dir='ltr'><strong>te</strong></span> <span class='ocrx_word' id='word_1_385' title='bbox 1057 3025 1109 3081; x_wconf 84' lang='lat' dir='ltr'><strong>Pe·</strong></span> <span class='ocrx_word' id='word_1_386' title='bbox 1167 3029 1241 3079; x_wconf 89' lang='lat' dir='ltr'><strong>runt.</strong></span> <span class='ocrx_word' id='word_1_387' title='bbox 1258 3023 1395 3094; x_wconf 80' lang='lat' dir='ltr'><strong>Egovero</strong></span> <span class='ocrx_word' id='word_1_388' title='bbox 1410 3017 1447 3078; x_wconf 84' lang='lat' dir='ltr'><strong>ed</strong></span> <span class='ocrx_word' id='word_1_389' title='bbox 1457 3021 1547 3078; x_wconf 89' lang='lat' dir='ltr'><strong>Deum</strong></span> <span class='ocrx_word' id='word_1_390' title='bbox 1562 3033 1694 3093; x_wconf 90' lang='lat' dir='ltr'><strong>propero,</strong></span> <span class='ocrx_word' id='word_1_391' title='bbox 1706 3019 1788 3090; x_wconf 77' lang='lat' dir='ltr'><strong>curius</strong></span> <span class='ocrx_word' id='word_1_392' title='bbox 1802 3019 1967 3092; x_wconf 81' lang='lat' dir='ltr'><strong>grotiaevos</strong></span> 
     </span>
     <span class='ocr_line' id='line_1_38' title="bbox 319 3106 1964 3182; baseline -0.002 -14"><span class='ocrx_word' id='word_1_393' title='bbox 319 3117 363 3168; x_wconf 88' lang='lat' dir='ltr'><strong>ter</strong></span> <span class='ocrx_word' id='word_1_394' title='bbox 373 3110 488 3168; x_wconf 87' lang='lat' dir='ltr'><strong>Domini</strong></span> <span class='ocrx_word' id='word_1_395' title='bbox 500 3112 590 3168; x_wconf 89' lang='lat' dir='ltr'><strong>nostri</strong></span> <span class='ocrx_word' id='word_1_396' title='bbox 603 3111 780 3170; x_wconf 86' lang='lat' dir='ltr'><strong>lesuChristi</strong></span> <span class='ocrx_word' id='word_1_397' title='bbox 791 3113 820 3167; x_wconf 90' lang='lat' dir='ltr'><strong>iu</strong></span> <span class='ocrx_word' id='word_1_398' title='bbox 829 3110 1113 3169; x_wconf 85' lang='lat' dir='ltr'><strong>omnibcnedictiorre</strong></span> <span class='ocrx_word' id='word_1_399' title='bbox 1167 3123 1269 3168; x_wconf 88' lang='lat' dir='ltr'><strong>omues</strong></span> <span class='ocrx_word' id='word_1_400' title='bbox 1295 3107 1475 3166; x_wconf 89' lang='lat' dir='ltr'><strong>commendo.</strong></span> <span class='ocrx_word' id='word_1_401' title='bbox 1499 3109 1573 3182; x_wconf 83' lang='lat' dir='ltr'><strong>Ego,</strong></span> <span class='ocrx_word' id='word_1_402' title='bbox 1601 3106 1677 3180; x_wconf 88' lang='lat' dir='ltr'><strong>quod</strong></span> <span class='ocrx_word' id='word_1_403' title='bbox 1705 3122 1804 3164; x_wconf 90' lang='lat' dir='ltr'><strong>meum</strong></span> <span class='ocrx_word' id='word_1_404' title='bbox 1818 3115 1873 3179; x_wconf 89' lang='lat' dir='ltr'><strong>est,</strong></span> <span class='ocrx_word' id='word_1_405' title='bbox 1897 3108 1964 3180; x_wconf 80' lang='lat' dir='ltr'><strong>ieci3</strong></span> 
     </span>
     <span class='ocr_line' id='line_1_39' title="bbox 319 3191 1824 3274; baseline -0.001 -18"><span class='ocrx_word' id='word_1_406' title='bbox 319 3197 460 3272; x_wconf 89' lang='lat' dir='ltr'><strong>spirituali</strong></span> <span class='ocrx_word' id='word_1_407' title='bbox 472 3199 502 3255; x_wconf 93' lang='lat' dir='ltr'><strong>in</strong></span> <span class='ocrx_word' id='word_1_408' title='bbox 513 3199 677 3258; x_wconf 86' lang='lat' dir='ltr'><strong>coelestibus</strong></span> <span class='ocrx_word' id='word_1_409' title='bbox 691 3201 720 3258; x_wconf 94' lang='lat' dir='ltr'><strong>in</strong></span> <span class='ocrx_word' id='word_1_410' title='bbox 731 3199 841 3259; x_wconf 86' lang='lat' dir='ltr'><strong>Christo</strong></span> <span class='ocrx_word' id='word_1_411' title='bbox 852 3191 905 3274; x_wconf 76' lang='lat' dir='ltr'><strong>(il‘.</strong></span> <span class='ocrx_word' id='word_1_412' title='bbox 920 3201 996 3258; x_wconf 90' lang='lat' dir='ltr'><strong>Sicut</strong></span> <span class='ocrx_word' id='word_1_413' title='bbox 1007 3200 1114 3274; x_wconf 89' lang='lat' dir='ltr'><strong>primus</strong></span> <span class='ocrx_word' id='word_1_414' title='bbox 1168 3199 1244 3272; x_wconf 81' lang='lat' dir='ltr'><strong>quod</strong></span> <span class='ocrx_word' id='word_1_415' title='bbox 1254 3206 1381 3257; x_wconf 86' lang='lat' dir='ltr'><strong>vestrum</strong></span> <span class='ocrx_word' id='word_1_416' title='bbox 1396 3205 1450 3267; x_wconf 90' lang='lat' dir='ltr'><strong>est,</strong></span> <span class='ocrx_word' id='word_1_417' title='bbox 1462 3194 1581 3254; x_wconf 89' lang='lat' dir='ltr'><strong>edoceat</strong></span> <span class='ocrx_word' id='word_1_418' title='bbox 1595 3196 1746 3255; x_wconf 82' lang='lat' dir='ltr'><strong>Christus»</strong></span> <span class='ocrx_word' id='word_1_419' title='bbox 1769 3194 1824 3271; x_wconf 83' lang='lat' dir='ltr'><strong>(t).</strong></span> 
     </span>
    </p>
   </div>
   <div class='ocr_carea' id='block_1_4' title="bbox 320 3346 1965 3710">
    <p class='ocr_par' dir='ltr' id='par_1_4' title="bbox 320 3346 1965 3710">
     <span class='ocr_line' id='line_1_40' title="bbox 357 3346 1965 3476; baseline -0.002 -70"><span class='ocrx_word' id='word_1_420' title='bbox 357 3346 399 3476; x_wconf 55' lang='grc'><strong>(12</strong></span> <span class='ocrx_word' id='word_1_421' title='bbox 414 3349 523 3421; x_wconf 85' lang='lat' dir='ltr'><strong>Pisan,</strong></span> <span class='ocrx_word' id='word_1_422' title='bbox 545 3351 565 3408; x_wconf 94' lang='lat' dir='ltr'><strong>l.</strong></span> <span class='ocrx_word' id='word_1_423' title='bbox 583 3351 634 3420; x_wconf 91' lang='lat'><strong>111,</strong></span> <span class='ocrx_word' id='word_1_424' title='bbox 651 3351 732 3423; x_wconf 77' lang='lat' dir='ltr'><strong>Coss.</strong></span> <span class='ocrx_word' id='word_1_425' title='bbox 754 3352 785 3424; x_wconf 78' lang='lat'><strong>²3</strong></span> <span class='ocrx_word' id='word_1_426' title='bbox 799 3352 905 3424; x_wconf 77' lang='lat' dir='ltr'><strong>specul.</strong></span> <span class='ocrx_word' id='word_1_427' title='bbox 930 3351 995 3409; x_wconf 84' lang='lat' dir='ltr'><strong>vite</strong></span> <span class='ocrx_word' id='word_1_428' title='bbox 1013 3353 1112 3410; x_wconf 85' lang='lat' dir='ltr'><strong>Frsnc.</strong></span> <span class='ocrx_word' id='word_1_429' title='bbox 1169 3347 1447 3434; x_wconf 52' lang='lat' dir='ltr'><strong>ejusdemsscrnsre</strong></span> <span class='ocrx_word' id='word_1_430' title='bbox 1463 3347 1571 3418; x_wconf 76' lang='lat' dir='ltr'><strong>specul.</strong></span> <span class='ocrx_word' id='word_1_431' title='bbox 1584 3346 1808 3416; x_wconf 57' lang='lat' dir='ltr'><strong>esebi-ame.</strong></span> <span class='ocrx_word' id='word_1_432' title='bbox 1823 3347 1865 3405; x_wconf 85' lang='lat' dir='ltr'><strong>De</strong></span> <span class='ocrx_word' id='word_1_433' title='bbox 1877 3355 1965 3404; x_wconf 85' lang='lat' dir='ltr'><strong>morte</strong></span> 
     </span>
     <span class='ocr_line' id='line_1_41' title="bbox 320 3417 1785 3490; baseline -0.001 -14"><span class='ocrx_word' id='word_1_434' title='bbox 320 3417 369 3478; x_wconf 87' lang='lat' dir='ltr'><strong>iol.</strong></span> <span class='ocrx_word' id='word_1_435' title='bbox 402 3420 445 3478; x_wconf 83' lang='lat' dir='ltr'><strong>lli.</strong></span> <span class='ocrx_word' id='word_1_436' title='bbox 1171 3419 1320 3489; x_wconf 89' lang='lat' dir='ltr'><strong>Bernardr,</strong></span> <span class='ocrx_word' id='word_1_437' title='bbox 1337 3417 1734 3490; x_wconf 83' lang='lat' dir='ltr'><strong>lol.87;Floretum,osp.li.</strong></span> <span class='ocrx_word' id='word_1_438' title='bbox 1782 3443 1785 3450; x_wconf 94' lang='lat'>·</span> 
     </span>
     <span class='ocr_line' id='line_1_42' title="bbox 371 3487 1964 3575; baseline -0.003 -26"><span class='ocrx_word' id='word_1_439' title='bbox 371 3493 387 3549; x_wconf 80' lang='lat'>2</span> <span class='ocrx_word' id='word_1_440' title='bbox 415 3490 520 3575; x_wconf 79' lang='lat' dir='ltr'><strong>Ephes.</strong></span> <span class='ocrx_word' id='word_1_441' title='bbox 535 3493 593 3562; x_wconf 79' lang='grc'><strong>1,3.</strong></span> <span class='ocrx_word' id='word_1_442' title='bbox 1184 3489 1247 3566; x_wconf 80' lang='grc' dir='ltr'><strong>Ι(1)</strong></span> <span class='ocrx_word' id='word_1_443' title='bbox 1263 3494 1345 3560; x_wconf 83' lang='lat' dir='ltr'><strong>Bon,</strong></span> <span class='ocrx_word' id='word_1_444' title='bbox 1374 3504 1437 3564; x_wconf 90' lang='lat' dir='ltr'><strong>cap.</strong></span> <span class='ocrx_word' id='word_1_445' title='bbox 1469 3489 1512 3558; x_wconf 83' lang='lat' dir='ltr'><strong>lt,</strong></span> <span class='ocrx_word' id='word_1_446' title='bbox 1538 3487 1574 3546; x_wconf 90' lang='lat' dir='ltr'><strong>ad</strong></span> <span class='ocrx_word' id='word_1_447' title='bbox 1597 3487 1687 3559; x_wconf 90' lang='lat' dir='ltr'><strong>mcd.;</strong></span> <span class='ocrx_word' id='word_1_448' title='bbox 1712 3489 1821 3560; x_wconf 84' lang='lat' dir='ltr'><strong>Pisan,</strong></span> <span class='ocrx_word' id='word_1_449' title='bbox 1842 3487 1891 3546; x_wconf 90' lang='lat' dir='ltr'><strong>lib.</strong></span> <span class='ocrx_word' id='word_1_450' title='bbox 1915 3491 1964 3556; x_wconf 88' lang='lat' dir='ltr'><strong>lll,</strong></span> 
     </span>
     <span class='ocr_line' id='line_1_43' title="bbox 371 3561 1368 3696; baseline -0.003 -75"><span class='ocrx_word' id='word_1_451' title='bbox 371 3564 387 3621; x_wconf 84' lang='grc'>3</span> <span class='ocrx_word' id='word_1_452' title='bbox 415 3564 511 3646; x_wconf 80' lang='lat' dir='ltr'><strong>Prsan.</strong></span> <span class='ocrx_word' id='word_1_453' title='bbox 529 3563 547 3621; x_wconf 91' lang='grc'><strong>1.</strong></span> <span class='ocrx_word' id='word_1_454' title='bbox 564 3567 586 3636; x_wconf 93' lang='lat' dir='ltr'><strong>l,</strong></span> <span class='ocrx_word' id='word_1_455' title='bbox 601 3567 682 3696; x_wconf 49' lang='lat' dir='ltr'><strong>cond.</strong></span> <span class='ocrx_word' id='word_1_456' title='bbox 699 3566 726 3634; x_wconf 88' lang='lat'><strong>8,</strong></span> <span class='ocrx_word' id='word_1_457' title='bbox 747 3565 776 3622; x_wconf 93' lang='lat' dir='ltr'><strong>in</strong></span> <span class='ocrx_word' id='word_1_458' title='bbox 800 3565 865 3623; x_wconf 80' lang='lat' dir='ltr'><strong>Vita</strong></span> <span class='ocrx_word' id='word_1_459' title='bbox 888 3566 921 3622; x_wconf 84' lang='grc' dir='ltr'><strong>Β.</strong></span> <span class='ocrx_word' id='word_1_460' title='bbox 940 3564 1025 3622; x_wconf 79' lang='lat' dir='ltr'><strong>Bora.</strong></span> <span class='ocrx_word' id='word_1_461' title='bbox 1049 3571 1116 3646; x_wconf 84' lang='lat' dir='ltr'><strong>onte</strong></span> <span class='ocrx_word' id='word_1_462' title='bbox 1171 3565 1252 3636; x_wconf 80' lang='lat' dir='ltr'><strong>Coos.</strong></span> <span class='ocrx_word' id='word_1_463' title='bbox 1269 3563 1286 3620; x_wconf 77' lang='lat'>2</span> <span class='ocrx_word' id='word_1_464' title='bbox 1301 3570 1329 3620; x_wconf 88' lang='lat' dir='ltr'><strong>et</strong></span> <span class='ocrx_word' id='word_1_465' title='bbox 1341 3561 1368 3618; x_wconf 84' lang='lat' dir='ltr'><strong>tl.</strong></span> 
     </span>
     <span class='ocr_line' id='line_1_44' title="bbox 323 3633 1114 3710; baseline 0.001 -18"><span class='ocrx_word' id='word_1_466' title='bbox 323 3633 385 3706; x_wconf 85' lang='lat' dir='ltr'><strong>iln,</strong></span> <span class='ocrx_word' id='word_1_467' title='bbox 399 3642 427 3694; x_wconf 91' lang='lat' dir='ltr'><strong>et</strong></span> <span class='ocrx_word' id='word_1_468' title='bbox 438 3633 486 3694; x_wconf 90' lang='lat' dir='ltr'><strong>lrb.</strong></span> <span class='ocrx_word' id='word_1_469' title='bbox 501 3638 538 3706; x_wconf 93' lang='lat' dir='ltr'><strong>ll,</strong></span> <span class='ocrx_word' id='word_1_470' title='bbox 551 3637 633 3710; x_wconf 74' lang='lat' dir='ltr'><strong>Cous.</strong></span> <span class='ocrx_word' id='word_1_471' title='bbox 665 3677 674 3708; x_wconf 96' lang='lat'><strong>,</strong></span> <span class='ocrx_word' id='word_1_472' title='bbox 689 3637 718 3695; x_wconf 90' lang='lat' dir='ltr'><strong>iu</strong></span> <span class='ocrx_word' id='word_1_473' title='bbox 730 3635 778 3696; x_wconf 89' lang='lat' dir='ltr'><strong>lin.</strong></span> <span class='ocrx_word' id='word_1_474' title='bbox 794 3635 928 3709; x_wconf 86' lang='lat' dir='ltr'><strong>;liodul.,</strong></span> <span class='ocrx_word' id='word_1_475' title='bbox 940 3635 958 3693; x_wconf 93' lang='lat' dir='ltr'><strong>l.</strong></span> <span class='ocrx_word' id='word_1_476' title='bbox 971 3638 994 3706; x_wconf 94' lang='lat' dir='ltr'><strong>l,</strong></span> <span class='ocrx_word' id='word_1_477' title='bbox 1005 3636 1034 3693; x_wconf 90' lang='lat' dir='ltr'><strong>in</strong></span> <span class='ocrx_word' id='word_1_478' title='bbox 1048 3637 1114 3698; x_wconf 81' lang='lat' dir='ltr'><strong>Vita</strong></span> 
     </span>
    </p>
   </div>
   <div class='ocr_carea' id='block_1_5' title="bbox 0 0 2139 6404">
    <p class='ocr_par' dir='ltr' id='par_1_5' title="bbox 0 0 2139 6404">
     <span class='ocr_line' id='line_1_45' title="bbox 0 0 2139 6404; baseline 0 0"><span class='ocrx_word' id='word_1_479' title='bbox 0 0 2139 6404; x_wconf 95' lang='lat' dir='ltr'><strong> </strong></span> 
     </span>
    </p>
   </div>
  </div>
 </body>
</html>
