4184 6410
632 291 954 354 Pnonneotlsrte.
970 319 1011 336 -
1026 293 1343 358 PRAEFA'I'IONES.

204 448 509 514 Erituihilominus
524 450 658 530 aliquis,
674 451 732 528 qui
747 451 959 514 1111111111-
991 515 992 520 ,
1012 453 1089 526 1111,
1101 467 1174 531 quae
1190 455 1261 518 dies
1274 455 1381 518 eidem
1388 455 1470 519 Divo
1485 455 1629 520 Antonio
1640 457 1803 532 sacratur,

161 565 216 611 mo
227 548 445 625 perpendens,
459 564 540 625 opus
549 548 611 610 boc
621 564 815 624 gennanum
826 548 959 626 quidem
991 623 992 626 Ἴ
1012 551 1134 614 mirum
1145 553 1193 614 ita
1212 553 1246 614 in
1270 553 1403 616 modum
1421 555 1536 616 suavis
1562 555 1632 630 1111,
1646 571 1686 618 11
1706 555 1807 632 plane

160 646 299 709 Antonii
315 645 428 707 ioetum
439 645 609 718 concedat,
622 647 865 724 autographum
878 661 959 708 vero
1012 649 1157 712 coelestis
1171 650 1295 713 halitus
1308 667 1368 728 per
1389 651 1578 714 cubiculum
1592 652 1805 727 tundebatur,

162 743 247 806 illud
262 758 347 815 esse,
369 744 468 820 atque
486 743 661 820 ipsiusmet
682 744 770 817 stilo,
793 759 961 822 manuque
1012 746 1049 807 ut
1069 745 1233 810 intrantes
1256 759 1325 826 prae
1347 750 1483 826 stupore
1496 749 1606 822 simul,
1623 750 1657 811 et
1667 750 1806 812 incursu

163 841 339 904 exaratum
353 840 407 902 vel
421 841 510 902 intra
532 857 569 902 se
585 841 706 904 tacitus
728 841 885 918 ambigat,
905 841 961 904 vel
1012 843 1207 919 nagrauuae
1230 845 1354 922 inipso
1373 846 1617 923 liminepedem
1632 846 1808 922 11311111-

163 939 265 1000 etiam
290 937 406 1014 aperto
438 937 592 1002 fortassis
623 953 681 1000 ore
707 937 897 1000 diffiteatur.
928 941 961 1000 Is
1012 955 1178 1016 geremur,
1192 941 1308 1013 donec,
1324 943 1574 1020 datotempore,
1592 944 1805 1020 impressioni

162 1037 287 1108 111111,
303 1035 513 1112 quicumque,
534 1034 656 1111 poterit
681 1035 712 1096 11
734 1035 832 1098 lacile
852 1036 962 1097 omnis
991 1093 992 1098 ,
1013 1038 1223 1114 percellentis
1255 1038 1381 1100 effluvii
1408 1054 1570 1114 organum
1596 1053 1807 1114 assuescens,

163 1134 238 1196 tolli
254 1131 426 1204 dubitatio,
441 1132 545 1209 modo,
553 1134 749 1208 argumenta
761 1133 958 1209 apodictica,
1013 1134 1119 1196 eidem
1142 1136 1271 1211 gratim
1296 1136 1500 1212 excipiendae
1518 1136 1674 1198 idoneum
1686 1137 1808 1199 redde-

163 1233 198 1293 11
211 1229 419 1292 euidentiain
433 1229 466 1290 id
479 1230 527 1290 rei
537 1245 603 1292 non
615 1232 784 1308 exposcat,
801 1230 859 1292 sed
872 1231 960 1308 quod
1013 1233 1115 1294 retur.
1137 1233 1397 1296 Admirationem
1421 1235 1567 1296 nostram
1590 1250 1659 1310 prae
1673 1234 1808 1296 caeteris

164 1329 200 1390 in
224 1327 323 1390 rebus
351 1327 433 1388 adeo
462 1327 613 1390 obscuris
641 1343 798 1404 magnum
821 1327 958 1404 aliquid,
991 1331 1226 1406 provocabat,
1243 1331 1329 1408 quod
1348 1331 1486 1408 reliquis
1501 1331 1582 1392 anni
1599 1331 1809 1408 tempestati-
1889 1337 1894 1343 '

164 1427 372 1502 multumque
387 1425 962 1502 est,amplissimis,nitidisqueoon-
991 1427 1075 1488 ‘ltus
1096 1443 1164 1489 non
1182 1443 1262 1500 una,
1284 1429 1439 1506 omnique
1457 1429 1491 1491 ri
1516 1444 1587 1502 sua,
1611 1428 1703 1491 utin
1728 1427 1808 1488 aliis

161 1522 399 1602 jactationibus
427 1525 611 1595 contentus,
631 1523 749 1585 iisdem
769 1537 876 1601 aequo,
894 1523 960 1585 do·
1013 1525 1149 1597 assolet,
1174 1528 1262 1589 totus
1285 1526 1519 1602 odoretiiaret3
1535 1527 1602 1588 imo
1615 1525 1750 1598 sensim,
1767 1535 1807 1586 ac

166 1621 289 1698 otiique
314 1621 426 1681 animo
448 1619 649 1697 acquiescat.
672 1621 767 1682 Enim
792 1635 872 1682 vero
899 1621 1220 1700 111-1111111111
1255 1623 1378 1685 saliens
1413 1625 1608 1700 augeretur,
1635 1637 1809 1700 quousque

165 1719 282 1780 nostro
295 1717 374 1779 huic
386 1717 497 1780 Codici
517 1733 583 1780 non
605 1717 720 1780 deesse
735 1718 847 1780 statim
861 1717 961 1779 iutel-
1013 1733 1112 1781 nares
1125 1720 1278 1797 inipsum
1289 1723 1480 1783 constanter
1490 1721 1642 1782 codicem
1657 1720 1807 1797 ligabar·

165 1814 257 1892 liget,
272 1815 300 1874 si
316 1815 453 1876 cunctas
467 1815 583 1892 procul
603 1829 677 1876 esse
687 1815 827 1892 jusserit
841 1814 962 1876 antici·
992 1813 993 1886 ξ
1012 1814 1084 1888 111;
1096 1815 1149 1875 sin
1164 1815 1274 1876 autem
1288 1815 1367 1887 illae,
1385 1815 1441 1876 ubi
1455 1817 1490 1876 in
1505 1831 1669 1876 summum
1686 1830 1804 1877 crare·-

166 1913 335 1990 pationas;
357 1913 390 1974 et
410 1927 453 1973 ex
477 1913 602 1985 multis,
620 1926 693 1990 quae
717 1912 962 1974 1111111111·
1013 1911 1075 1983 rat,
1093 1911 1345 1984 abducerentur,
1363 1927 1461 1989 quum
1473 1928 1551 1974 mox
1563 1912 1671 1972 eidem
1691 1912 1810 1973 admo-

166 2009 259 2082 dunt,
275 2009 341 2070 duo
356 2009 472 2070 saltem
488 2009 572 2082 haec,
582 2009 710 2086 judicio
725 2015 840 2072 nostro
857 2009 962 2086 potis-
1013 2009 1176 2071 rebantur
1186 2025 1315 2082 rursus,
1331 2025 1399 2071 non
1412 2009 1500 2070 idem
1515 2011 1572 2086 qui
1587 2008 1686 2071 antea
1699 2009 1808 2070 inten-

167 2106 252 2168 sima
276 2107 543 2170 animadvertat:
568 2108 695 2184 Nempe
718 2107 826 2184 ipsum
853 2107 962 2169 serico
1014 2106 1167 2168 sissimus
1179 2106 1438 2184 percipiebatur,
1449 2107 1506 2170 sed
1516 2107 1615 2182 longe
1629 2107 1750 2176 minor,
1764 2104 1808 2166 ab

165 2203 286 2267 villoso
333 2206 489 2266 coccineo
529 2202 576 2284 (1)
620 2204 711 2266 baud
753 2205 962 2280 ineleganter
1014 2219 1118 2282 eoque
1144 2205 1265 2266 iterum
1288 2205 1413 2266 initiali
1445 2205 1551 2280 mado
1578 2204 1811 2281 proficiscens„

166 2300 343 2373 obtectum,
372 2301 606 2379 argenteisque
633 2301 713 2362 hinc
741 2301 820 2362 inde
848 2300 961 2362 libulis
1014 2317 1090 2378 quo,
1107 2301 1183 2362 dum
1197 2303 1303 2378 primo
1323 2317 1422 2363 nares
1438 2302 1655 2373 admovimus,
1671 2299 1810 2362 incede-

165 2397 388 2470 obdrmatum,
422 2399 582 2476 tanquam
615 2398 888 2475 autrographum,
921 2413 963 2460 ac
1013 2399 1080 2471 bat,
1098 2415 1137 2460 ea
1147 2399 1364 2461 nihilominus
1379 2399 1453 2474 lege
1467 2399 1504 2461 11
1518 2397 1743 2459 succresceret
1753 2395 1811 2458 de-
1942 2399 1946 2407 '

166 2495 388 2570 originarium
401 2497 438 2556 D.
453 2495 697 2568 Antonii,iuter
707 2497 845 2557 caeteras
857 2497 964 2558 Sauc-
1014 2512 1080 2558 nuo
1096 2497 1261 2572 gradatim
1272 2512 1377 2574 usque
1394 2491 1472 2556 dum
1486 2511 1559 2557 sese
1579 2495 1619 2556 in
1630 2494 1810 2572 pristinam

165 2595 277 2654 torum
297 2592 459 2669 reliquias
481 2593 639 2669 religioso
660 2592 963 2670 cultuaprioribus
1015 2595 1151 2656 acueret
1186 2594 1430 2668 intensionem
1468 2592 1557 2656 haud
1586 2605 1682 2653 secus
1711 2605 1753 2652 ac
1777 2589 1807 2650 si

169 2690 303 2752 saeculis
338 2691 448 2752 adhuc
482 2692 663 2762 serratum,
696 2707 771 2752 cum
808 2685 960 2766 singule,
1015 2691 1174 2752 exsiccati
1199 2692 1299 2752 flores
1320 2690 1576 2762 revirescerent,
1595 2691 1629 2750 ot
1653 2687 1813 2764 deperdi-

167 2803 250 2866 quas
274 2788 407 2859 vocant,
433 2788 684 2864 Lipsenothecae
704 2788 963 2865 temporisinju-
1013 2789 1081 2850 tam
1103 2788 1286 2852 arescendo
1300 2787 1518 2865 fragrantiam
1533 2801 1592 2863 per
1603 2785 1726 2862 gradis
1742 2785 1812 2846 sin·

166 2887 217 2946 ria
234 2885 436 2963 squallentes
460 2885 655 2960 primaevam
678 2885 714 2947 11
738 2887 882 2963 speeiem
901 2901 963 2946 an-
1015 2887 1110 2964 gulos
1122 2887 1368 2963 recuperarent

166 2998 210 3044 no
235 2985 314 3044 1722
334 2983 583 3054 revocarentur,
611 2983 653 3044 ah
679 2984 896 3056 eminentiss,
923 2998 963 3044 ac
1056 2981 1806 3061 (11111111111111111111111,1111111111ό

166 3079 387 3142 reverendiss.
417 3082 456 3142 Ι).
480 3080 604 3142 Jacobo
627 3083 660 3142 S.
687 3084 726 3143 R.
749 3083 786 3142 E.
799 3081 964 3143 cardinali
1015 3083 1127 3144 culum
1153 3099 1213 3160 pro
1241 3081 1336 3144 libito
1362 3082 1483 3144 tacturi
1511 3080 1669 3143 olfactum
1696 3078 1813 3140 codici

168 3180 426 3254 Boncompagno
468 3179 672 3240 Bononiensi
712 3179 963 3255 archiepiscopo
1016 3179 1271 3241 adducebamus.
1287 3179 1495 3241 Persimilem
1504 3179 1584 3240 huic
1598 3177 1734 3239 odorem
1748 3189 1812 3237 nos

168 3275 398 3347 assertionem,
411 3273 715 3352 probationemque,
728 3276 814 3336 datis
827 3277 963 3338 litteris
1016 3279 1081 3355 ipsi
1098 3279 1337 3356 persensimus,
1365 3277 1442 3338 dum
1465 3275 1604 3338 Auximi
1625 3275 1664 3336 in
1685 3275 1808 3336 Piceno

169 3372 381 3444 authenticis,
426 3373 600 3434 meruisse.
640 3375 694 3448 At,
733 3374 818 3452 quod
863 3375 964 3436 etiarn
1016 3375 1263 3437 concionatoris
1281 3390 1420 3436 munere
1440 3389 1499 3452 per
1514 3372 1809 3448 Quadragesimam

169 3470 275 3546 magis
291 3470 473 3546 ingenuum
496 3472 658 3548 quemuis,
673 3472 706 3534 et
719 3472 892 3533 cordatum
905 3473 962 3532 vi·
1016 3474 1096 3535 anni
1110 3467 1813 3549 1111111111,1111111111111111

166 3584 241 3630 rum
264 3567 418 3640 movebit,
444 3567 626 3630 ineffabilis
651 3569 786 3646 quidam
815 3569 897 3630 odor
921 3583 966 3630 11
1018 3585 1149 3632 sacrum
1165 3585 1265 3647 super
1285 3571 1392 3632 altare
1412 3569 1586 3640 iacientes,
1607 3583 1672 3645 quo
1693 3567 1810 3628 beatus

168 3666 241 3743 ipso
265 3665 385 3728 Codice
408 3669 554 3738 1111111,
577 3665 667 3728 certe
691 3668 846 3728 naturam
861 3682 964 3743 supe·
1017 3670 1131 3731 noster
1162 3667 1285 3744 tosepn
1319 3667 1363 3729 de
1393 3667 1573 3743 dispertino
1599 3661 1811 3726 incruentam

167 3778 261 3839 rans,
276 3763 420 3826 attamen
436 3779 497 3826 nec
512 3763 623 3840 speeie
639 3776 771 3841 semper
781 3763 880 3837 idem,
897 3778 960 3826 nec
1018 3765 1163 3843 quotidie
1185 3765 1329 3826 bostiam
1343 3767 1410 3825 Deo
1426 3762 1519 3824 Patri
1533 3762 1654 3825 offerre
1669 3758 1808 3822 solebat.

168 3861 203 3923 vi
218 3861 282 3922 sibi
297 3876 428 3938 semper
442 3861 592 3938 aqualis.
1017 3863 1083 3926 ’1111
1102 3877 1245 3940 namque
1267 3859 1496 3940 ventumerat
1519 3859 1560 3920 ad
1582 3856 1807 3927 Offertorium,

209 3960 290 4020 (turn
306 3957 392 4020 foret
414 3957 507 4032 olim,
523 3973 587 4035 quo
603 3957 836 4030 claudebatur,
854 3958 966 4020 loculo
1018 3975 1119 4038 quum
1134 3961 1280 4028 odorem,
1296 3957 1406 4036 qualis
1420 3955 1462 4018 ab
1477 3956 1640 4028 exsuccis,
1658 3953 1810 4016 etaridis

169 4055 320 4127 eductus,
336 4057 525 4133 1111111111
547 4055 637 4128 fidei,
651 4057 686 4118 ut
706 4055 965 4128 exscriberetur,
1019 4058 1156 4120 duribus
1168 4057 1287 4119 exilire
1299 4053 1698 4128 consuevitrelutieirca
1708 4054 1813 4114 Aram¹
1900 4068 1903 4078 ¹

171 4154 379 4226 commissus,
401 4153 536 4216 odorem
560 4153 645 4216 forts
667 4153 711 4215 ab
730 4153 790 4214 illo
806 4155 965 4216 fluentem
1019 4155 1126 4232 ipsam
1150 4155 1270 4216 leviter
1292 4154 1522 4230 assurgentem
1550 4151 1736 4221 hausimus,
1754 4148 1814 4225 qui

171 4250 305 4328 copiose
340 4250 629 4328 deprehendimus.
666 4255 833 4325 Errorem,
868 4252 965 4314 initio
1019 4251 1061 4314 ad
1089 4252 1376 4314 consecrationem
1409 4265 1514 4328 usque
1543 4249 1652 4325 magis
1680 4261 1813 4324 semper

171 4349 342 4426 suspicati,
359 4349 606 4425 integrounius
618 4349 699 4412 anni
713 4350 857 4412 decursu
866 4365 968 4428 aper-
1019 4352 1222 4425 increscens,
1245 4347 1508 4423 intensissimus,
1525 4349 1559 4409 et
1578 4349 1663 4410 citra
1677 4347 1812 4408 modum

170 4447 252 4516 tum,
276 4446 555 4523 explicatamque,
581 4445 752 4519 lanestris,
775 4463 816 4509 ac
839 4447 966 4509 loribus
1019 4464 1150 4510 ornnem
1166 4447 1279 4510 suavis
1294 4461 1399 4523 usque
1416 4447 1458 4508 ad
1471 4446 1591 4508 libatas
1604 4441 1812 4506 sacramenti

170 4543 226 4604 diu
246 4545 412 4620 noctuque
432 4544 584 4617 reclusis,
596 4545 685 4606 intra
703 4545 822 4606 cellam
835 4546 968 4607 sincero
1019 4547 1147 4624 species
1166 4545 1365 4623 permansit3
1381 4543 1457 4606 dein
1480 4542 1657 4618 retrogado
1677 4541 1812 4600 incessu

169 4640 241 4703 aeri
255 4645 370 4717 patere
384 4641 519 4702 omniuo
543 4642 861 4719 permistumque
884 4641 966 4703 nul·
1019 4645 1120 4722 coepit
1132 4644 1390 4717 tenuari,donec
1402 4643 1511 4702 minor
1519 4653 1650 4715 semper
1660 4637 1811 4710 effeetus,

169 4738 235 4800 lius
263 4739 315 4801 rei
338 4738 424 4800 beue
450 4738 571 4800 olentis
599 4739 732 4800 effluvio
759 4741 964 4816 tangeretur.
1020 4740 1171 4803 absoluto
1187 4756 1294 4814 sacro,
1315 4739 1446 4817 penitus
1466 4735 1696 4798 evanesceret.
1714 4736 1817 4811 Ejus-

174 4837 252 4901 Fuit
272 4838 384 4898 autem
411 4837 568 4898 constans
594 4851 701 4913 usque
728 4837 764 4897 iu
777 4853 966 4914 supremum
1020 4838 1267 4900 meditandam
1298 4839 1348 4898 est
1380 4836 1520 4912 buJusce
1548 4832 1655 4894 nostri
1680 4830 1814 4892 Codicis

171 4934 251 4996 anni
280 4933 367 4996 diem
393 4934 592 5006 obsecratio,
618 4935 858 5011 perjucundum
873 4935 968 4997 illinc
1020 4935 1113 5010 odor,
1131 4935 1249 4996 utnon
1266 4947 1341 4995 cum
1359 4945 1524 5004 rosarum,
1540 4943 1607 4990 non
1622 4943 1697 4990 cum
1716 4927 1810 4988 lilio·

172 5031 389 5102 odoramen,
404 5031 526 5093 licetis
544 5031 646 5092 multo
662 5031 806 5093 vividior
821 5033 970 5108 qualibet
1019 5049 1105 5102 rum,
1125 5048 1195 5096 non
1219 5047 1294 5093 curn
1318 5030 1387 5091 ullo
1413 5029 1529 5106 quovis
1552 5027 1686 5090 terreno
1710 5025 1816 5086 odore

172 5128 380 5200 cantatoria,
396 5144 436 5190 ac
449 5129 485 5188 in
500 5129 683 5206 majoribus
697 5129 882 5206 praesertim
898 5133 968 5192 Na·
1020 5131 1166 5194 conferri
1191 5129 1308 5206 queat,
1337 5127 1389 5188 illi
1414 5126 1522 5188 solum
1549 5123 1811 5201 comparandus,

171 5226 311 5290 tiritatis
326 5226 470 5299 Domini,
487 5227 674 5299 Paschatis,
691 5228 724 5289 et
742 5227 965 5303 pentecostes,
1021 5243 1118 5307 quem
1142 5241 1185 5289 ex
1206 5225 1313 5303 ipsius
1334 5224 1409 5286 Divi
1431 5223 1566 5285 Antonii
1587 5215 1817 5297 tumulo'pro-

171 5323 439 5387 solemnitatibus
463 5326 654 5401 appareret.
680 5325 746 5386 Per
764 5325 868 5387 totam
900 5327 970 5388 imo
1020 5326 1178 5388 fluentem
1208 5323 1341 5385 Fideles
1370 5321 1545 5385 Patavium
1576 5317 1817 5382 concurrentes

172 5423 333 5499 majorem
353 5420 610 5495 Hebdomadem,
627 5422 969 5502 111111111111111-
1020 5422 1250 5500 experiuntur.
1608 5409 1610 5412 ’

210 5623 251 5699 (1)
266 5625 417 5684 Vellutium
434 5624 644 5684 chermosinum
661 5624 798 5686 dixissent
813 5627 899 5686 medii
914 5627 968 5685 avi
984 5627 1149 5700 Scriptores.
