4114 6396
376 262 455 326 11OE
747 295 750 301 ·
804 265 837 324 S.
865 261 1039 324 th0N11
1068 259 1255 325 rinnand
1282 259 1421 326 OPERA
1448 261 1595 326 OMNIA.
1906 269 1953 340 llil

378 423 516 500 motus
529 422 772 496 jumentorum
793 421 946 495 timeum,
961 419 1049 482 idest
1070 435 1173 497 opera
1227 421 1372 484 manitas
1395 422 1488 484 venit
1508 438 1556 484 eoi
1575 421 1668 494 Sion,
1695 419 1781 486 idest
1804 439 1843 486 ex
1861 431 1957 509 nniqm

377 535 549 590 sensuum,
563 519 615 579 rel
629 533 758 580 morum
776 537 783 578 :
798 531 923 594 propes
931 519 1173 580 amoeniorem
1228 517 1396 589 Patribus,
1414 519 1502 580 uude
1516 519 1589 596 ipse
1604 517 1770 581 Abraham
1782 525 1957 598 previdensii

377 617 529 688 tuorum,
555 615 642 676 idest
664 614 840 678 multitudo
858 614 993 676 sortium
1008 630 1170 690 operum:
1227 615 1349 690 spiritu
1379 615 1510 678 beatam
1537 615 1711 692 Virginem
1743 617 1782 679 de
1803 622 1906 682 semine
1924 642 1957 688 sni

376 713 672 784 etcoulceooi'icm,
687 711 774 773 idest
793 727 895 788 opera
910 712 1122 783 innocentiae,
1138 713 1172 773 et
1227 712 1443 784 nascituram,
1471 713 1513 773 da
1538 728 1603 790 qua
1632 713 1783 776 christus
1809 725 1956 793 nasceretur,

376 809 591 888 poenitentiae.
1226 808 1305 870 lecit
1324 825 1458 871 serium
1482 826 1579 870 suum
1601 811 1732 872 Eliezer
1747 815 1854 888 jurare
1871 820 1957 891 odl-

415 907 461 969 llt
473 906 586 968 induit
599 906 871 968 maledictionem
885 905 973 968 sicia
988 905 1172 966 vestimen·
1225 919 1323 968 more
1342 921 1415 975 suo,
1431 908 1464 968 et
1485 922 1551 967 non
1571 921 1673 984 snper
1693 907 1807 980 lemur,
1822 913 1853 970 nt
1868 928 1958 975 nonai

377 1005 461 1066 tom.
490 1005 537 1065 De
560 1003 624 1064 hac
649 1003 895 1074 maledictione,
923 1017 997 1079 quae
1022 1001 1169 1063 circum·
1225 1002 1351 1077 ciperet
1365 1002 1436 1063 illio
1453 1019 1513 1064 suo
1528 1019 1664 1064 uxorem
1681 1005 1725 1065 de
1739 1005 1957 1082 alienigenam

376 1101 469 1162 dabit
504 1100 671 1162 hominem
702 1101 867 1171 exterius,
899 1101 987 1161 sicut
1020 1099 1169 1176 pallium,
1226 1098 1266 1158 de
1286 1100 1485 1172 cognatione
1502 1115 1562 1161 sua
1578 1099 1644 1179 (2);
1667 1117 1729 1177 per
1747 1101 1807 1163 hoc
1825 1106 1957 1178 ostentans,

377 1199 449 1260 sive
462 1197 709 1268 vestimentum,
725 1196 847 1257 dicitur
861 1197 895 1256 in
910 1195 998 1256 lsaia
1014 1193 1078 1274 (14,
1095 1193 1168 1274 il):
1225 1196 1392 1256 Christum
1423 1196 1464 1257 de
1494 1213 1555 1258 sno
1586 1213 1709 1272 genere
1739 1199 1921 1276 nasciturum,
1941 1206 1958 1264 et

375 1293 527 1356 «subter
537 1295 571 1356 te
582 1295 750 1354 sternetur
764 1293 865 1364 tinea,
881 1293 915 1354 et
929 1292 1170 1369 operimentum
1226 1307 1327 1368 super
1347 1308 1462 1354 omnes
1479 1293 1639 1355 laturum.
1662 1293 1724 1356 Vel
1739 1311 1798 1371 per
1813 1299 1890 1369 Sion,
1907 1301 1957 1373 qul

375 1393 469 1453 tuum
489 1392 588 1452 erunt
607 1405 787 1452 verines.»
812 1389 1028 1467 Sequitur:‹
1052 1389 1092 1450 Et
1112 1389 1169 1449 in·
1227 1390 1324 1450 sonat
1349 1390 1533 1466 speculum,
1558 1390 1762 1467 intelligitur
1780 1391 1867 1453 beata
1886 1395 1955 1468 lingo,

375 1487 479 1552 trabit
493 1484 541 1566 (1)
562 1487 598 1548 in
617 1485 777 1548 interiora
799 1488 883 1562 ejus,
904 1487 937 1547 et
957 1485 1044 1547 sicut
1062 1485 1169 1548 oleum
1225 1485 1304 1562 quia
1328 1486 1415 1548 sicut
1437 1487 1608 1565 speculum
1629 1487 1743 1550 reddit
1762 1486 1956 1563 imaginanti

376 1585 413 1646 in
428 1579 558 1647 ossibus
573 1586 689 1661 eius.»
711 1583 781 1646 Hoc
803 1583 925 1644 dicitnr
944 1582 985 1644 de
999 1597 1097 1659 poeiia
1113 1583 1169 1642 in·
1225 1581 1322 1644 beata
1344 1583 1447 1659 Virgo
1471 1583 1616 1647 reddidit
1638 1584 1737 1646 nobis
1760 1585 1955 1664 imaginanti),

374 1683 504 1756 teriori,
520 1681 650 1743 scilicet
669 1681 801 1753 animae,
818 1695 892 1757 quae
914 1679 980 1740 erit
994 1684 1168 1756 perpetua3
1226 1677 1444 1741 deformatam
1468 1682 1622 1758 peccato;
1647 1681 1739 1742 unde
1763 1682 1850 1742 Isaiae
1870 1681 1915 1760 (13,
1925 1685 1955 1760 tl:

376 1780 464 1842 uude
488 1779 672 1841 Ezechielis
696 1775 761 1856 (32,
783 1777 862 1856 27):
889 1777 1172 1838 ‹Descenderunt
1226 1778 1495 1854 «Unusquisque
1516 1777 1556 1839 ad
1579 1776 1769 1854 proximum
1788 1795 1870 1839 suun
1885 1781 1955 1856 stipe
1993 1777 1994 1856 l

377 1878 419 1939 ad
446 1875 611 1939 internum
636 1889 712 1936 oum
733 1875 837 1934 arinis
861 1873 942 1942 suis,
959 1890 978 1933 ii
998 1873 1082 1934 idest
1096 1889 1170 1934 cuin
1225 1872 1284 1945 bit,
1300 1873 1404 1935 facies
1421 1873 1600 1936 combusta
1615 1876 1730 1936 vultus
1749 1891 1863 1936 eornm.
1876 1893 1890 1934 ι
1904 1879 1954 1952 lpsi,
1993 1865 1994 1872 '

376 1973 548 2035 voluntate
567 1970 763 2042 rebellandi,
788 1971 820 2032 et
839 1972 1022 2048 posuerunt
1042 1971 1170 2045 gladios
1226 1985 1299 2047 quae
1314 1971 1442 2047 peperit
1461 1972 1594 2043 Filium,
1615 1973 1728 2034 reddit
1749 1973 1901 2049 imaginem
1914 1974 1954 2034 iir-

377 2084 456 2132 suos
471 2068 532 2132 auh
548 2067 712 2144 capitibus
731 2083 857 2139 eornm,
873 2068 925 2130 vel
942 2068 1024 2137 suis,
1040 2069 1074 2129 et
1092 2066 1169 2129 iue-
1224 2068 1342 2128 tutum.
1356 2070 1435 2129 Haec
1447 2069 1497 2130 est
1510 2070 1604 2144 virga
1617 2071 1773 2142 virtutis,
1787 2085 1852 2146 que
1862 2073 1955 2147 projecti

375 2169 456 2230 runt
475 2167 667 2244 iniquitates
691 2179 806 2226 eorum
826 2166 860 2225 in
885 2165 1018 2226 ossibus
1041 2181 1168 2238 eornm,
1225 2164 1260 2225 in
1285 2167 1421 2238 terram,
1448 2165 1481 2227 et
1509 2165 1597 2227 iacta
1620 2181 1762 2244 serpens
1779 2165 1822 2245 (4)
1842 2166 1955 2227 deviant
1993 2243 1994 2254 ἵ

376 2279 450 2340 qnae
472 2277 538 2324 non
558 2261 748 2339 putrefiunt.
771 2263 853 2322 Cum
874 2261 978 2337 igitur
996 2261 1169 2338 iniquitas,
1225 2277 1339 2322 omnes
1355 2263 1525 2339 serpentes
1540 2262 1731 2326 Pharaonis
1746 2263 1864 2342 (Exodi,
1880 2267 1903 2334 l,
1918 2263 1953 2336 li),
1993 2255 1994 2322 l

251 2359 258 2382 “
376 2361 421 2424 sit
441 2361 601 2430 inassatas,
631 2373 692 2420 nec
720 2373 797 2420 ossa
820 2357 1010 2436 putrefiant,
1039 2373 1170 2434 semper
1225 2358 1311 2420 idest
1339 2360 1462 2422 mortes
1486 2359 1660 2421 devoravit
1687 2376 1750 2421 sua
1776 2361 1865 2421 unica
1884 2361 1953 2426 nith

376 2457 475 2519 durat
499 2456 670 2534 iniquitas,
707 2457 740 2517 et
771 2455 846 2516 ideo
876 2471 1008 2532 semper
1037 2455 1170 2518 durabit
1225 2471 1306 2532 quas
1325 2455 1405 2518 lacit
1422 2455 1586 2518 diabolus.
1612 2457 1673 2518 Vel
1698 2457 1782 2535 ipse,
1804 2457 1854 2534 qui
1872 2458 1954 2516 estsi-

376 2569 474 2632 poena
500 2569 626 2614 eorum.
642 2551 702 2614 Vel
721 2568 740 2611 a
761 2551 954 2628 iniquitates
976 2552 1012 2612 in
1038 2551 1169 2613 ossibus
1225 2553 1349 2629 pientia
1378 2553 1487 2614 Patris
1513 2553 1705 2630 significata
1743 2569 1800 2631 per
1814 2555 1953 2630 'serpentem

377 2666 516 2714 eorum:
538 2651 615 2727 quia
639 2650 749 2710 terror
771 2647 906 2709 sortium
931 2647 1011 2709 iacti
1033 2651 1111 2711 sunt
1133 2649 1168 2710 iii
1224 2665 1354 2711 omnam
1393 2651 1591 2728 sapientiam
1630 2651 1899 2729 philosophorum,
1926 2646 1954 2708 iel

377 2751 468 2811 terra
481 2747 681 2821 viventium3
696 2764 715 2805 ι
729 2745 816 2807 idest
834 2745 991 2807 inossatae
1006 2747 1084 2808 sunt
1098 2747 1167 2806 ini·
1224 2747 1337 2807 mundi
1352 2745 1539 2820 absorbuit;
1553 2748 1641 2810 nude
1656 2743 1955 2828 (Psal.140,6):illi

376 2845 520 2926 quitates
541 2844 715 2913 malorum,
737 2842 865 2904 scilicet
885 2841 1066 2904 lomentum
1081 2843 1168 2919 ignis
1224 2844 1327 2921 sorpti
1347 2846 1428 2906 sunt
1447 2846 1555 2922 juncti
1579 2847 1683 2922 petrae
1705 2847 1830 2923 jndices
1849 2854 1954 2910 somni

375 2943 502 3004 aeterni.
527 2943 566 3003 Et
589 2941 675 3002 sicut
696 2955 772 3000 ossa
796 2954 863 3002 non
888 2943 1094 3017 putrescunt,
1119 2941 1168 3001 sic
1223 2943 1301 3017 qnia
1312 2941 1586 3018 philosophorum
1597 2943 1763 3019 sapientia
1778 2941 1954 3002 nihilistcon·

366 3039 567 3117 iniquitates
583 3053 649 3100 non
662 3037 903 3115 purgabuntur,
917 3052 978 3098 nec
994 3037 1166 3111 timentum
1224 3041 1340 3114 parata
1356 3039 1551 3114 Dominicaa3
1574 3039 1662 3100 unde
1680 3040 1850 3118 Apostolus
1867 3036 1889 3114 (1
1902 3037 1953 3100 Cor..

374 3139 408 3199 at
426 3138 474 3199 ite
492 3136 557 3198 erit
575 3136 684 3198 oleum
709 3133 826 3196 eterni
850 3134 997 3196 incendii
1015 3133 1052 3195 in
1074 3150 1169 3195 men·
1225 3137 1253 3205 1,
1275 3135 1328 3214 20)
1354 3152 1361 3196 :
1386 3137 1536 3198 Stultum
1569 3137 1651 3211 fecit
1682 3141 1777 3199 Deus
1807 3133 1953 3210 sopioidtaii

373 3234 464 3298 tibus
479 3247 605 3295 eorum.
1222 3235 1324 3304 didus
1337 3237 1467 3294 mundi.
1493 3235 1573 3294 llaec
1596 3234 1646 3295 est
1669 3235 1780 3309 virga,
1799 3247 1856 3310 qna
1872 3231 1954 3304 Mopso

1223 3330 1387 3406 percussit
1397 3345 1488 3391 mare
1499 3329 1696 3398 rubrum,et
1708 3321 1953 3407 iecitperiinnli).

560 3484 563 3490 .
1223 3427 1278 3488 Sic
1290 3427 1362 3503 ipse
1377 3426 1454 3488 iecit
1466 3426 1562 3488 nobis
1577 3429 1739 3490 mundum
1751 3428 1842 3489 iatum
1855 3423 1953 3501 parilii

620 3507 761 3568 SERMO
783 3507 921 3568 CCVIII·
1220 3523 1343 3585 itinere
1362 3524 1530 3596 virtutum,
1547 3525 1626 3603 quia
1646 3525 1742 3586 tanta
1763 3523 1901 3585 suavitate
1916 3531 1954 3576 ιιι·

374 3637 416 3706 ιιι
429 3645 508 3720 virga
520 3639 830 3715 inminationem,
841 3651 870 3702 ei
882 3643 917 3702 oa
930 3643 1078 3702 eiecimus
1088 3643 1166 3720 eius,
1222 3622 1419 3696 giientomm
1454 3636 1590 3682 suorum
1632 3621 1808 3683 currimus·
1845 3621 1904 3680 nac
1926 3611 1954 3672 esi

627 3732 807 3791 undeoqiur
823 3731 914 3790 nobis,
1221 3718 1316 3793 virga
1341 3718 1492 3790 assueri,
1529 3718 1585 3796 qui
1612 3719 1844 3796 interpretatur
1866 3713 1952 3776 natis.

1222 3815 1307 3876 idest
1322 3815 1427 3876 Filius
1441 3815 1502 3876 Dei
1515 3816 1636 3888 Patris,
1653 3816 1695 3876 ad
1713 3831 1806 3894 quein
1823 3811 1909 3873 nullis
1922 3807 1953 3865 in·

1220 3912 1337 3983 traret,
1354 3911 1419 3972 nisi
1440 3911 1527 3972 lianc
1542 3913 1671 3988 virgam
1691 3913 1789 3974 nohis
1804 3901 1952 3971 inclinasset.

1222 4008 1299 4086 qnia
1331 4023 1428 4070 nemo
1457 4008 1492 4069 in
1528 4009 1648 4070 emtum
1683 4007 1881 4072 ascendisset,
1902 3997 1954 4060 sient

411 4111 515 4185 Virga
529 4109 594 4170 ista
612 4107 736 4168 Christi
755 4106 946 4167 hnmanitas
960 4107 1021 4177 est,
1038 4105 1166 4168 scilicet
1220 4106 1332 4167 nullus
1356 4105 1505 4167 intrabat
1530 4105 1652 4167 atrium
1678 4105 1821 4177 Assneri,
1842 4099 1894 4163 uisi
1909 4107 1952 4157 cin

370 4208 466 4284 virga
479 4207 581 4268 recta.
597 4205 701 4280 virga
719 4203 797 4275 ista,
814 4202 944 4265 scilicet
962 4203 1085 4265 Christi
1098 4203 1165 4264 hu·
1221 4205 1349 4279 virgam
1369 4202 1570 4276 inclinabat;
1589 4204 1623 4266 et
1643 4203 1700 4281 qni
1722 4201 1875 4266 osculatus
1890 4189 1953 4255 lieri

378 3873 518 3949 Vi'room
533 3869 675 3932 otrtiiti's
699 3869 767 3930 tuoe
783 3868 918 3930 emittet
932 3870 1101 3930 Dominus
1120 3883 1167 3930 eac

589 3970 684 4029 Stoa.
702 3963 893 4045 (Psal.109,
909 3963 957 4044 2.)

406 4373 447 4448 (l)
461 4373 567 4446 Vulg.:
583 4371 708 4430 intravit.
1222 4369 1320 4438 «Quia
1379 4385 1392 4426 r
1414 4384 1515 4426 sexum
1537 4369 1694 4428 femineum
1714 4368 1812 4428 occidit
1831 4365 1910 4439 homo„
1922 4368 1952 4427 pii

406 4447 446 4516 (2)
462 4445 544 4510 Gen,
562 4443 605 4509 li,
620 4443 650 4500 3·
667 4443 712 4510 22,
727 4441 775 4511 l83
791 4440 836 4508 ti,
853 4441 880 4500 e.
1219 4455 1318 4497 sexum
1341 4441 1484 4497 amineum
1496 4439 1800 4511 reparatusasihono.
1811 4433 1952 4496 persennia

404 4517 445 4589 (3)
462 4513 594 4573 Reddidit
603 4484 686 4570 nohis
696 4511 864 4586 imaginem,
877 4518 931 4569 etc.
943 4510 994 4569 Dei
1006 4511 1162 4594 imaginem
1219 4523 1306 4577 mors,
1322 4524 1371 4582 per
1386 4508 1521 4567 seminam
1537 4511 1604 4568 vlia.
1622 4531 1633 4560 ι

387 4603 418 4644 ar
448 4593 594 4660 peccatum
621 4585 651 4641 iu
679 4581 762 4640 nobis
786 4581 973 4664 deformatam
992 4581 1162 4664 'beatissima
1256 4581 1398 4663 (2⁴)15'8028
1416 4595 1546 4652 serpens,
1565 4587 1619 4662 etc.
1636 4581 1708 4640 Veii.
1725 4579 1806 4662 Beda,
1824 4587 1876 4656 cip.
1888 4567 1950 4648 ψ

367 4603 457 4732 ἴῑίιᾞο
510 4673 523 4714 r
538 4656 639 4713 Filium
654 4669 736 4712 souin
755 4651 863 4722 reiecit,
879 4659 936 4710 ets
957 4666 1081 4710 eciosam
1097 4651 1160 4710 red·
1218 4655 1300 4720 posit.
1316 4667 1346 4708 in
1365 4651 1497 4708 Eosdem
1512 4668 1522 4706 .·
1537 4672 1549 4701 ι
1564 4651 1653 4724 Virga
1672 4653 1771 4724 lloysi,
1788 4651 1878 4723 inquit,⁸
1891 4645 1952 4706 ltili

366 4729 447 4786 didit.
494 4733 643 4799 apropter
662 4725 691 4782 S.
711 4725 754 4781 Αιι
779 4723 900 4792 ustinus,
919 4667 967 4778 lig.
985 4724 1161 4792 lllletroct,
1216 4721 1417 4794 AEgypiiorum
1440 4719 1598 4778 devoravit.
1633 4723 1702 4804 Per·
1719 4717 1790 4793 quod
1816 4709 1950 4788 significatur,

366 4816 430 4874 cap.
444 4797 490 4868 ili,
503 4811 656 4854 recensens
671 4796 726 4876 llll
741 4739 828 4851 liffiros
840 4793 876 4850 de
888 4792 993 4876 Genesi
1006 4793 1041 4850 ab
1055 4793 1160 4876 seedi·
1237 4792 1293 4874 uod
1304 4792 1427 4850 Verhnm
1438 4806 1506 4848 caro
1516 4791 1632 4876 lactum,
1645 4799 1817 4874 antiquorum
1827 4785 1950 4854 serpentium

365 4879 419 4938 tos,
442 4871 503 4928 ait:
522 4869 582 4926 «ln
601 4873 681 4924 sexto
700 4864 772 4921 libro
793 4863 868 4936 qood
890 4863 958 4930 diiii,
975 4862 1066 4921 Adam
1087 4877 1159 4921 iiiia-
1237 4877 1277 4918 ira
1294 4876 1406 4920 venena
1424 4869 1575 4920 evacuavit
1594 4877 1644 4936 per
1663 4871 1848 4944 remissionem
1861 4851 1950 4938 pactili·

365 4942 463 5016 gioem
476 4940 538 5008 Dei,
556 4936 713 4996 secundum
727 4948 811 5006 quain
828 4933 986 5003 laciniosi,
1004 4933 1162 5006 perdidisse
1216 4947 1313 4990 inm...
1324 4931 1411 5005 Virga
1423 4947 1469 4988 aar
1491 4947 1543 4989 ens
1558 4931 1630 4990 lacta
1644 4931 1759 5014 cainoni
1770 4933 1826 5010 ciat
1838 4927 1878 4980 hei
1889 4917 1950 5013 lilios

364 5019 493 5084 peccato,
510 5023 567 5068 non
582 5009 625 5064 sic
645 5004 842 5078 accipiendum
861 5012 913 5071 est,
929 5011 1066 5076 tanquam
1083 5006 1110 5061 in
1126 5020 1161 5061 eo
1217 5002 1309 5060 lactus
1326 5010 1370 5060 est
1388 4948 1603 5060 tiliusqiominis
1626 5017 1676 5076 per
1697 5005 1911 5071 incarnationem
1922 4995 1950 5052 ll!

363 5083 439 5165 niilla
454 5079 633 5148 remanserit,
648 5077 699 5136 sed
713 5075 787 5149 qnod
799 5084 856 5132 tani
867 5075 1011 5136 deformis.
1027 5083 1057 5132 nt
1069 5073 1158 5131 ielor·
1215 5075 1297 5199 qu'asi
1310 5087 1432 5199 serpenss
1440 5073 1486 5200 illle
1500 5074 1529 5199 ἰιέ
1544 5073 1656 5158 deserto
1669 5059 1949 5204 suspfeosiisoililiggiffi

362 5309 426 5351 oa.
466 5309 500 5350 τι
572 5307 610 5346 ιι
671 5306 688 5346 o
1466 5327 1473 5351 ,
1578 5324 1587 5351 ,

362 5307 429 5422 riceii
447 5377 496 5436 per
514 5306 649 5417 lainigam
666 5378 672 5416 :
691 5301 851 5431 reparanXo
867 5303 977 5414 ffoiiiini
985 5359 1160 5484 spropinetur
1214 5362 1271 5412 teni
1287 5363 1436 5428 serpentes
1449 5369 1598 5426 magorum
1612 5296 1767 5418 devoravit?
1780 5345 1897 5474 siffmhffl
1907 5345 1947 5389 iffi·

477 5506 482 5519 ,
508 5504 513 5517 ,
863 5497 881 5554 d
981 5429 1097 5510 ¹ecepti
1108 5442 1160 5500 per
1213 5441 1277 5510 cern
1293 5425 1406 5492 Christi,
1416 5425 1497 5509 cujus
1512 5423 1685 5508 pradicatio,
1699 5437 1760 5551 qua
1771 5421 1797 5476 vi
1798 5415 1895 5546 uma
1892 5400 1947 5532 nqil·

358 5499 1158 5656 iiiahiaiilhaiiiiitaphiae}
1214 5503 1797 5640 ιἰρι-ιιιιιιιιιιιιίἰι

361 5437 439 5494 soliis
455 5447 504 5507 per
519 5429 666 5488 seminam.
682 5431 854 5501 Compensat
866 5425 972 5485 femina
