4118 6390
96 323 176 384 1141
475 327 583 393 PARS
613 328 757 392 PRIMA.
773 357 814 376 -·
832 329 1052 395 Exposrrlo
1080 333 1126 394 IN
1155 331 1357 394 Psanites.
1660 331 1740 394 1142

88 480 201 556 sudat,
222 484 254 544 et
273 481 426 547 intendit.
444 486 583 558 Dormit,
599 487 656 566 qai
679 503 737 550 eas
751 486 890 566 postpo-
944 491 993 554 tat
1002 488 1062 571 (1),
1079 491 1136 569 qni
1161 507 1197 553 se
1220 493 1387 567 egrotare
1411 489 1555 568 ignorat.
1582 491 1621 553 nt
1647 490 1739 565 nota,

88 579 152 651 nit,
183 578 299 642 dicens
316 597 324 641 r
340 583 463 645 Portto
486 597 577 648 men.
602 586 760 648 Domine.
780 587 890 648 Pavor
945 589 1032 666 quod
1047 605 1184 652 causam
1199 589 1408 666 premiserat
1429 588 1464 649 in
1491 589 1599 666 primo
1615 587 1746 666 elpha-

88 678 215 749 autem,
238 680 271 741 et
297 680 422 742 tremor
445 696 521 742 eum
543 681 684 754 obtinet,
706 683 785 759 quia
812 681 889 744 dum
944 685 1019 748 beto
1035 708 1042 747 :
1059 690 1093 749 et
1107 687 1262 758 ostendit,
1279 686 1357 765 quid
1379 686 1457 748 inde
1479 685 1619 757 accidat,
1636 685 1671 746 in
1686 701 1743 748 ee-
1863 723 1870 729 -

88 774 201 835 cernit
214 775 358 852 quietem
388 793 628 854 supernorum,
662 779 888 856 pertimescit,
945 783 1053 845 cundo
1066 783 1126 844 sub
1141 783 1290 861 ejusdem
1306 782 1427 846 litterae
1439 782 1536 844 titulo
1546 783 1592 844 ita
1602 783 1740 844 dicens:

86 871 150 948 qui
185 871 316 948 fugerat
362 874 623 938 sollicitudinem
664 877 887 938 terrenorum.
944 879 1143 961 «Cogitavit
1164 880 1324 941 Dominus
1350 879 1522 941 destruere
1537 877 1585 958 (5)
1608 894 1741 940 murum

89 968 188 1030 Unde
207 967 291 1030 beno
310 971 517 1048 praeponitur
540 971 619 1035 huic
645 973 829 1044 octonario,
853 973 888 1033 in
944 976 1022 1038 filiae
1045 977 1172 1052 Sion»
1196 975 1282 1038 idest
1307 975 1536 1054 operationem
1555 975 1740 1038 virtutumz

88 1081 158 1142 quo
171 1066 225 1127 vir
230 1067 342 1142 justus
355 1068 459 1129 Deum
475 1068 591 1130 videre
606 1069 889 1140 desiderabilem
943 1073 1084 1136 tetendit
1105 1072 1289 1135 funiculum
1307 1089 1416 1146 suum,
1433 1074 1469 1134 ut
1488 1073 1617 1135 scilicet
1631 1087 1741 1149 quan-

86 1161 204 1224 littera
218 1161 278 1242 (1),
291 1164 376 1242 quod
394 1165 633 1242 interpretatur
646 1182 761 1244 paror.
776 1166 890 1228 Timor
945 1171 1032 1234 titati
1043 1171 1150 1249 oulpae
1160 1170 1361 1248 respondeat
1370 1187 1468 1247 paena
1481 1192 1488 1231 :
1502 1173 1637 1232 ‹etnon
1646 1184 1741 1232 arer-

87 1259 183 1321 enim
209 1260 289 1324 iacit
312 1261 479 1352 bominem
506 1278 686 1325 memorem
710 1264 888 1326 mandato·
943 1269 1272 1330 titmanumsuama
1287 1266 1739 1346 perditionezluxitquean·

87 1371 167 1418 rum
178 1357 248 1430 Dei,
259 1358 409 1437 etipsum
421 1359 596 1422 Dominum
607 1360 731 1423 babere
742 1362 886 1424 Patrem.
943 1364 1116 1437 temurale,
1132 1367 1165 1428 et
1179 1369 1293 1426 murus
1310 1365 1438 1442 pariter
1449 1364 1633 1441 dissipatus
1646 1363 1739 1425 est.»

89 1455 153 1515 Cui
171 1455 280 1516 simile
290 1456 352 1528 est,
369 1457 589 1534 quodlegitur
603 1457 640 1518 in
653 1458 773 1519 Genesi
789 1456 854 1536 (15,
869 1458 889 1518 8
942 1462 1158 1525 antemurale
1170 1464 1221 1524 est
1232 1463 1324 1535 tides,
1340 1462 1393 1524 uel
1409 1463 1521 1534 timor,
1535 1461 1592 1539 qui
1607 1461 1657 1522 esi
1668 1476 1743 1522 cus·

87 1553 135 1614 ad
160 1553 211 1632 12)
236 1552 277 1614 de
299 1553 467 1615 Abrabam
491 1555 661 1631 quaerente
685 1570 705 1616 a
726 1554 887 1616 Domino:
944 1560 1181 1622 tosvirtutum.
1197 1561 1304 1636 Luget
1318 1561 1548 1630 antemurale,
1565 1557 1644 1635 quia
1658 1556 1740 1618 tides

88 1667 112 1711 c
128 1651 265 1712 Domine
293 1651 382 1712 Deus
406 1665 511 1722 meus,
534 1650 699 1728 quomodo
714 1649 775 1730 (2),
801 1651 888 1713 scire
942 1656 1236 1734 vidensjudicium
1255 1655 1492 1718 contremiscit.
1519 1654 1656 1728 Quando
1674 1669 1740 1716 au-

88 1763 240 1825 possum,
261 1748 347 1824 quod
375 1761 593 1824 possessurus
618 1748 682 1808 sim
708 1749 805 1810 eamt
828 1748 888 1808 Cui
942 1754 1009 1815 tem
1024 1754 1126 1815 timor
1139 1752 1329 1830 expellitur,
1339 1753 1537 1816 relracillat
1550 1752 1643 1824 tides,
1660 1753 1740 1813 tuna

87 1847 203 1906 Deus:
221 1847 322 1906 Sume
336 1859 483 1915 vaccam,
498 1847 561 1907 etc.
576 1865 584 1905 r
601 1847 747 1922 Cumque
763 1845 813 1906 sol
831 1859 890 1906 oc·
943 1851 1035 1926 luget
1057 1851 1291 1922 antemurale,
1319 1850 1360 1911 de
1388 1866 1453 1928 quo
1478 1849 1541 1913 Job
1565 1847 1642 1927 (30,
1665 1847 1738 1927 14):

88 1941 264 2004 cubuisset
279 1941 336 2021 (3),
363 1957 464 2019 sopor
477 1941 577 2003 irruit
594 1957 694 2018 snper
707 1941 842 2010 Abram,
856 1942 889 2003 et
943 1944 1074 2017 «Quasi
1085 1946 1183 2021 rupto
1194 1959 1301 2018 muro,
1315 1945 1349 2006 et
1363 1946 1478 2021 aperta
1490 1947 1608 2020 janua,
1624 1943 1739 2004 irrue-

87 2037 213 2100 horror
222 2053 373 2115 magnus,
388 2039 421 2101 et
431 2038 629 2101 tenebrosus
640 2038 765 2100 invasit
780 2053 888 2099 eum.»
943 2042 1023 2102 runt
1037 2056 1246 2118 superma.»

90 2135 181 2196 Solis
199 2134 371 2197 occubitus
393 2137 444 2198 est
458 2135 634 2197 mundanae
650 2134 889 2197 felicitatisde-
983 2141 1054 2200 Hoc
1068 2153 1191 2215 pavore
1202 2137 1384 2199 motusiste
1396 2132 1496 2199 dicit:
1508 2137 1740 2213 ‹Deprecatus
1763 2163 1768 2170 ·

90 2231 198 2293 fectus
210 2247 341 2306 :sapam
355 2232 452 2310 quies
464 2232 612 2294 mentisa
623 2233 767 2294 terrenis
780 2253 787 2292 :
799 2235 889 2294 Hor·
943 2249 1016 2296 sum
1030 2234 1149 2295 inciam
1164 2234 1255 2296 tuam
1267 2234 1301 2294 in
1320 2233 1389 2296 toto
1406 2233 1505 2296 corde
1521 2248 1615 2295 meo:
1637 2232 1742 2293 mise-

88 2344 156 2390 νον
172 2330 225 2391 est
248 2330 346 2392 timor
363 2330 485 2392 mentis
511 2329 722 2392 abhorrentis
752 2329 888 2408 peccata
943 2346 1019 2393 rere
1029 2330 1095 2392 mei
1110 2331 1292 2394 secundum
1306 2330 1477 2407 eloquium
1490 2332 1582 2406 tnm3
1605 2326 1740 2391 »etali-

89 2443 163 2500 sua,
189 2429 222 2490 et
245 2427 422 2489 commissa
437 2443 510 2502 sna,
531 2429 566 2488 et
585 2425 819 2498 desiderantis,
845 2439 888 2487 ne
941 2428 977 2490 bi
992 2427 1061 2508 (6):
1077 2427 1238 2490 «illustra
1252 2425 1302 2508 (7)
1316 2427 1436 2490 taciem
1451 2431 1542 2490 tuam
1558 2441 1659 2503 super
1671 2441 1739 2486 ser·

89 2540 144 2599 ea,
160 2541 234 2602 quae
249 2525 352 2602 optat,
368 2525 509 2586 amittat.
529 2526 638 2586 Causa
657 2539 737 2586 vero
752 2524 887 2601 pavoris
941 2541 1020 2587 rum
1035 2527 1139 2587 tuum.
1154 2541 1173 2585 ε
1187 2528 1273 2587 Dtat
1299 2525 1473 2587 custodire
1486 2529 1596 2602 lenem
1609 2525 1705 2585 lnam
1726 2540 1738 2584 :

89 2622 276 2684 ostenditur
288 2621 324 2683 in
338 2621 480 2683 Taranis
497 2621 605 2699 primo
619 2620 805 2698 Alpbabeto
826 2619 887 2682 sub
943 2622 1026 2695 Quia
1038 2624 1141 2696 nanee
1165 2622 1385 2696 peccatoram
1405 2623 1633 2695 atmnmpleart
1656 2619 1738 2682 sunt

88 2719 187 2781 titulo
203 2720 302 2797 nujus
317 2718 437 2780 litterae
450 2719 552 2790 Hetb,
567 2717 785 2780 ubidicitur:
801 2719 888 2780 Pec-
941 2734 1008 2781 nae.
1036 2719 1130 2781 Unde
1156 2719 1191 2780 in
1219 2719 1321 2781 tertio
1338 2718 1524 2797 alphabeto
1539 2717 1601 2779 sub
1619 2717 1739 2779 eadem

88 2817 199 2878 catum
215 2816 364 2894 peccavit
373 2814 571 2887 Jerusalem,
584 2815 744 2877 recedens
757 2815 888 2878 scilicet
942 2816 1054 2879 littera
1067 2816 1113 2895 (v.
1125 2815 1158 2895 5)
1171 2816 1449 2878 :‹AEdiiioavitin
1465 2831 1547 2894 gyro
1562 2831 1647 2888 meo,
1661 2814 1735 2876 cir·

88 2929 110 2976 a
126 2915 192 2975 Deo
211 2929 272 2976 suo
286 2935 293 2974 :
308 2915 485 2992 propterea
511 2912 679 2975 instabilis
705 2912 793 2974 iacta
822 2913 884 2984 est,
942 2913 1109 2976 cumdedit
1124 2913 1213 2988 telle,
1229 2913 1399 2982 silebere,
1414 2929 1481 2974 non
1496 2913 1604 2974 solum
1615 2925 1736 2988 corpus

89 3012 197 3072 fluens
219 3010 346 3074 scilicet
372 3009 413 3072 de
428 3011 565 3090 peccato
588 3011 624 3072 in
646 3012 837 3087 peecatum
854 3009 887 3071 et
941 3010 1119 3072 aediitcium
1133 3011 1267 3082 animae,
1282 3025 1398 3072 verum
1415 3011 1449 3072 et
1462 3011 1607 3072 castrum
1628 3009 1739 3086 impu-

89 3108 177 3170 inira
188 3106 297 3188 (1,8);
314 3124 332 3168 (ι
348 3107 529 3184 Denigrata
542 3108 594 3170 est
608 3122 709 3185 super
724 3105 885 3168 carbones
940 3124 1059 3185 gnane,
1083 3108 1170 3170 idest
1191 3109 1337 3169 animam
1352 3129 1360 3169 ε
1374 3106 1463 3178 selle,
1479 3107 1568 3169 idest
1587 3106 1735 3178 luxuria,

89 3207 194 3267 iacies
206 3218 333 3278 eorum,
348 3207 381 3268 et
392 3220 458 3267 non
472 3206 549 3267 eunt
559 3205 684 3283 cogniti
692 3205 728 3265 in
743 3204 884 3283 plateisr
940 3222 1014 3285 quae
1030 3206 1093 3268 etsi
1106 3205 1171 3268 mel
1192 3205 1347 3267 videatur
1368 3207 1502 3283 propter
1522 3204 1738 3270 dulcedinem

89 3303 230 3366 adhaesit
244 3303 329 3365 cutis
340 3318 454 3365 eorum
465 3303 596 3365 ossibus
611 3324 618 3364 ε
633 3302 733 3374 aruit,
750 3303 784 3365 et
797 3301 885 3364 iacta
940 3303 1071 3376 iaisam,
1085 3303 1128 3364 iel
1144 3304 1255 3365 tamen
1270 3303 1323 3364 est
1336 3302 1371 3364 in
1389 3301 1566 3364 tormento.
1578 3301 1648 3362 Lab
1661 3299 1738 3361 ¹rin

88 3403 140 3464 est
154 3401 250 3479 quasi
262 3401 401 3476 lignum.
418 3417 437 3460 a
457 3400 659 3475 Denigratur
673 3399 805 3461 fervore
820 3416 883 3461 aa·
939 3401 1083 3463 avaritia
1108 3402 1170 3473 est,
1187 3416 1260 3479 quae
1286 3400 1339 3460 sni
1358 3399 1497 3477 prodiga
1520 3397 1734 3476 possessoris,

89 3499 249 3578 piditatis,
274 3499 308 3560 et
328 3497 472 3559 luxurie
487 3497 602 3568 iacies,
619 3497 659 3558 de
677 3511 742 3573 qua
761 3495 885 3558 dicitur
939 3499 1048 3574 ipsum
1072 3497 1225 3558 omnibus
1244 3497 1383 3574 exponit
1399 3496 1580 3558 laboribus.
1603 3499 1651 3557 De
1671 3511 1737 3572 qno
1768 3537 1772 3547 -

89 3596 194 3675 (Psal.
210 3594 306 3675 4‚7):
323 3595 522 3671 «Signatum
545 3594 596 3655 est
619 3608 719 3670 super
741 3607 802 3654 nos
826 3592 883 3652 lu·
939 3593 974 3655 in
996 3594 1082 3655 libro
1101 3594 1280 3670 Sapientiae
1296 3591 1340 3671 (5,
1357 3590 1390 3670 7)
1408 3614 1415 3651 :
1432 3609 1451 3652 a
1466 3592 1598 3654 Lassati
1622 3607 1737 3652 sumus

88 3709 162 3755 meu
178 3693 290 3755 vultus
305 3692 365 3765 tui,
384 3691 562 3754 Domine.»
581 3691 657 3752 Non
672 3689 885 3767 cognoscitur
939 3691 1045 3752 invia
1060 3689 1257 3766 iniquitatis,
1273 3691 1307 3751 et
1320 3689 1529 3765 perditionis,
1544 3687 1736 3749 ambulavi-

87 3793 123 3853 in
137 3789 311 3853 latitudine
326 3789 557 3851 mandatorum
569 3788 639 3848 Dei.
652 3788 748 3850 Cutis
762 3786 819 3848 dat
830 3787 885 3847 in·
940 3803 1012 3848 mus
1027 3787 1101 3848 vias
1116 3785 1281 3848 difficiles.
1296 3802 1315 3846 ε
1333 3787 1473 3862 Propter
1487 3785 1548 3845 boc
1563 3800 1643 3861 ergo
1658 3787 1740 3848 dtoet

87 3887 238 3964 telligere
264 3886 398 3947 iniirma
425 3900 547 3962 opera:
563 3887 659 3958 Ossa,
687 3885 827 3961 madore,
851 3884 885 3945 et
938 3886 1110 3948 martodtre
1137 3889 1246 3960 tepem
1270 3883 1400 3945 scilieet
1420 3882 1634 3959 poenitentiae,
1661 3897 1735 3960 quae

87 3986 197 4046 tortia.
211 3983 584 4046 Adbaeretautemcntts
594 3984 736 4053 oestbns,
751 3979 883 4059 quando
939 3985 990 4046 est
1004 3983 1123 4060 quarta
1135 3980 1201 4054 lex,
1218 3981 1272 4042 ael
1287 3981 1426 4059 quartus
1440 3995 1560 4053 annus,
1577 3995 1642 4058 quo
1656 3995 1733 4042 ser·-

86 4083 266 4144 tnilrmitas
280 4079 587 4144 vitiorumvidetur
601 4078 882 4140 tortitudovirtu-
937 4081 1015 4142 vata
1044 4080 1094 4144 est
1117 4078 1261 4141 ficulnea
1284 4078 1325 4140 ad
1351 4077 1540 4142 iaciendum
1576 4077 1733 4140 fructum.

86 4185 177 4255 tum3
194 4179 280 4258 quod
305 4195 404 4257 quam
427 4177 651 4254 periculosum
666 4177 720 4250 sit,
735 4175 884 4238 ostendi·
938 4179 1051 4240 Primo
1065 4177 1155 4238 enim
1170 4191 1259 4239 anno
1280 4175 1418 4238 tradidit
1436 4179 1525 4238 Deus
1539 4177 1646 4251 legem
1666 4193 1733 4238 na-

86 4279 153 4345 tur,
163 4292 237 4338 enm
249 4275 400 4339 subditur
411 4298 419 4337 ε
432 4276 567 4348 «aruit,
582 4274 714 4351 etiacta
725 4274 776 4336 est
786 4273 882 4352 qnasi
937 4277 1033 4347 turae,
1046 4273 1192 4337 secundo
1204 4274 1372 4351 scriptam,
1381 4273 1734 4351 tertioevangalicam3

85 4376 225 4449 iignum,
242 4373 359 4436 »idest
375 4373 462 4435 iacta
477 4375 528 4434 est
542 4389 582 4434 ac
596 4373 625 4435 si
637 4372 883 4435 essetinsensi·
937 4372 1056 4450 quibus
1085 4371 1265 4434 transactis
1290 4371 1348 4433 dat
1374 4373 1579 4450 poenitentiae
1608 4373 1731 4448 legem3

84 4471 175 4536 bilis.
197 4469 259 4544 Qui
276 4469 366 4530 enim
386 4473 558 4545 peecatum
583 4485 680 4530 suum
699 4471 795 4547 putat.
808 4485 883 4531 esse
938 4470 1026 4532 unde
1054 4467 1152 4549 (leel.
1169 4471 1202 4540 2,
1218 4467 1270 4546 11)
1288 4490 1295 4528 ε
1312 4469 1586 4530 «convertimini
1609 4469 1652 4530 ad
1680 4483 1734 4529 me

83 4570 254 4639 virtutem,
266 4581 436 4643 nunquam
451 4565 689 4628 admittitur-ad
703 4567 882 4630 correctio·
937 4567 972 4628 in
986 4566 1055 4629 toto
1071 4566 1170 4628 corde
1186 4566 1310 4637 vestro,
1327 4565 1361 4624 in
1372 4565 1515 4642 jejunio,
1533 4566 1567 4626 et
1589 4564 1624 4624 in
1640 4565 1733 4638 fletu,

84 4683 178 4745 nem,
196 4666 283 4729 unde
297 4663 476 4740 aregarius
493 4685 501 4724 z
520 4662 748 4726 Periculosius
767 4680 880 4743 aegro·
936 4665 969 4726 et
983 4665 1018 4725 in
1039 4663 1185 4740 planctu.
1211 4679 1230 4723 ε
1250 4661 1312 4724 llio
1334 4663 1386 4723 ast
1399 4664 1538 4740 quartus
1560 4677 1682 4738 annus,
1697 4662 1733 4724 in

120 4863 160 4934 (1)
175 4862 246 4920 lletl
261 4861 367 4928 littera,
385 4862 436 4916 ete.
451 4858 521 4917 Cum
534 4857 668 4916 Psalmus
684 4857 738 4914 iste
754 4859 815 4926 118,
831 4871 881 4929 per
936 4863 1005 4915 tom.
1030 4858 1066 4924 ll,
1084 4856 1139 4916 ool.
1159 4856 1224 4928 sta,
1243 4855 1291 4914 lib.
1312 4857 1365 4915 vll
1391 4855 1543 4929 Epistolar.
1561 4862 1605 4913 esi
1624 4857 1734 4928 quinta,

82 4933 215 5010 singulas
234 4932 416 4994 liebrenrunr
437 4930 546 4988 litteras
560 4929 598 4985 sit
613 4927 758 5000 digestum
780 4925 881 4986 litteris
936 4927 999 4985 baee
1010 4927 1126 4986 scribit:
1138 4928 1245 4986 Omnes
1260 4926 1364 4984 indrmi
1379 4941 1490 4995 sumus,
1502 4925 1554 4984 ead
1567 4927 1614 4983 ille
1629 4934 1673 4984 est
1689 4927 1734 4984 in·

83 5013 180 5066 autera
193 5003 314 5078 singuiis
324 5010 388 5062 octo
403 5014 503 5064 versus
517 4998 703 5072 subjicientur
719 5016 725 5056 :
743 4998 810 5058 huia
822 5013 881 5056 ver·
936 4997 1054 5068 ilrmior,
1071 4999 1211 5071 quisnam
1226 4996 1410 5064 considerare
1422 5011 1479 5054 non
1496 4997 1572 5054 valet
1587 4995 1734 5055 iniirmita·

83 5073 140 5144 eui,
156 5075 336 5142 Portiones,
351 5073 477 5140 Domine,
492 5071 772 5143 preponiturootava
788 5071 881 5128 littera
935 5078 1003 5127 tem.
1018 5071 1054 5126 Et
1071 5070 1099 5126 in
1115 5069 1299 5141 Expositione
1317 5069 1409 5140 quarti
1429 5068 1532 5141 psalmi
1552 5069 1735 5126 Poenitentia·

82 5147 166 5212 lietb,
178 5145 325 5216 quainter
346 5143 486 5202 natatione
500 5143 599 5210 latine,
615 5140 706 5212 inquit
716 5141 744 5200 S.
757 5140 878 5199 Ambro-
934 5139 1263 5213 lis,tonr.1li,ejusdem
1283 5137 1362 5208 edit,
1383 5147 1455 5211 part.
1471 5154 1503 5207 u,
1514 5139 1570 5196 eol.
1583 5139 1646 5209 191,
1660 5153 1688 5196 n.
1705 5139 1734 5211 2,

81 5217 145 5274 sins
154 5217 244 5272 Serm.
257 5215 274 5274 a
285 5213 314 5269 in
327 5159 404 5274 Runa
413 5212 619 5296 Peal„·dtottnr
631 5227 731 5284 panor,
747 5220 776 5270 et
790 5213 878 5269 Sana·
934 5211 993 5268 ait:
1009 5212 1100 5269 Nemo
1112 5218 1157 5268 est
1170 5209 1356 5268 insanabilior
1370 5225 1416 5282 eo,
1430 5211 1479 5283 qni
1492 5209 1643 5268 eibisanus
1660 5209 1737 5269 vide·

81 5295 176 5343 torum
192 5298 281 5358 pavor
292 5297 357 5340 essa
370 5289 528 5342 consuevit.
934 5288 988 5338 tur.

121 5374 162 5442 (1)
182 5373 268 5445 vulg.
285 5371 390 5429 :ande
972 5369 1014 5441 (5)
1029 5370 1114 5444 vulg.
1134 5367 1302 5442 :dissipare

120 5463 161 5532 (3)
175 5461 261 5534 vulg.
275 5459 485 5518 :occumberet
970 5459 1010 5533 (6)
1024 5457 1099 5517 Psal.
1112 5457 1157 5528 30,
1170 5459 1213 5516 ll.

119 5553 160 5622 (1)
181 5550 372 5632 Periculosius
386 5555 517 5630 agrotat,
531 5555 586 5632 etc.
599 5549 632 5632 S..
642 5547 798 5624 Gregorius
807 5548 880 5632 epis·
969 5547 1011 5620 (7)
1027 5547 1113 5621 vulg.
1130 5547 1295 5606 :illumina

80 5625 139 5684 tola
155 5621 190 5682 ad
202 5623 349 5695 cyriacum
364 5633 452 5692 opne.
468 5633 531 5690 que
545 5633 574 5678 in
587 5616 655 5678 edit
670 5621 760 5679 Maur.
775 5620 878 5688 Pana,
