4226 6406
312 317 373 380 nl
782 315 837 374 nn
865 310 1004 374 ornae
1031 310 1064 371 s.
1087 307 1262 371 annona
1293 307 1480 372 sannam
1830 281 1834 286 ’
1897 317 1967 376 na

313 475 344 536 si
370 471 642 552 quemadmodum
659 473 851 540 statueram,
872 469 1020 534 recentia
1034 469 1106 556 bec
1161 469 1248 547 patri
1272 470 1436 532 Martinus
1452 470 1597 543 Aliensi,
1623 473 1720 534 matri
1749 475 1856 537 Maria
1882 475 1955 539 fuit.

313 561 431 643 solum,
459 572 492 632 et
512 585 609 642 nora,
636 569 786 648 quamvis
813 585 933 646 magna
960 569 1046 640 sint,
1075 568 1107 630 et
1161 569 1235 645 Ipsa
1246 582 1327 628 vero
1352 567 1464 630 inians
1488 583 1620 630 sacrum
1636 571 1677 632 ad
1698 569 1863 648 baptisma
1876 575 1959 636 Ner·

312 667 464 745 pulchra,
489 667 653 730 miracula
677 682 907 728 memorarem.
929 666 1107 746 Undequa-
1160 664 1291 726 nandus
1306 667 1447 742 primum
1464 668 1599 730 nomine
1614 669 1800 745 appellatus
1820 671 1880 732 est.
1896 674 1957 734 Fa·

313 781 377 842 que
388 764 492 839 igitur
504 765 694 842 perquisitis
717 764 980 836 Commentariis,
998 762 1104 834 libris,
1160 762 1292 824 miliare
1306 762 1338 823 id
1351 778 1472 824 nomen
1481 763 1583 826 babet
1596 766 1768 843 Hispania.
1785 769 1891 832 Natus
1906 773 1958 834 θεῖ

313 862 488 938 scripturis
512 861 676 934 omnibus,
694 878 767 938 quas
781 861 983 923 venerabilis
999 859 1106 922 sancti
1160 873 1248 920 anno
1273 859 1458 923 nativitatis
1477 863 1557 924 Jesu
1571 862 1694 926 Christi
1714 865 1868 928 MGXGV.
1892 867 1956 928 Ubi

311 957 414 1037 hujus
429 961 487 1022 aut
500 960 621 1032 Vitam,
634 959 692 1020 aut
705 959 870 1021 Miracula
885 959 1104 1031 continerent,
1158 971 1239 1018 vero
1255 957 1336 1018 aetas
1352 954 1415 1020 init
1429 956 1471 1019 ad
1486 957 1616 1020 litteras
1636 962 1867 1038 percipiendas
1883 965 1958 1026 ido·

312 1055 432 1132 collegi
456 1057 611 1118 accurate
633 1071 860 1134 quaecumque,
884 1057 940 1118 sed
966 1071 1106 1133 paucae
1160 1068 1241 1125 nea,
1270 1067 1354 1130 puer
1386 1055 1530 1116 mittitur
1556 1055 1641 1118 sorte
1672 1057 1713 1118 ad
1750 1060 1957 1122 sacerdotem

311 1153 426 1214 multis
452 1154 577 1215 inveni.
604 1152 734 1216 Oblivio
758 1156 848 1216 enim
882 1155 953 1216 sire
980 1153 1104 1230 inopia,
1159 1149 1274 1226 templi
1298 1152 1428 1214 Sanctae
1441 1152 1568 1214 Mariae.
1586 1155 1779 1216 Proximum
1794 1157 1829 1217 id
1843 1157 1957 1220 domui

313 1251 384 1312 sive
406 1250 610 1327 negligentia
635 1253 840 1328 Scriptorum
854 1251 976 1313 delevit
990 1249 1104 1312 multa.
1161 1246 1334 1324 parentum
1346 1250 1428 1320 erat,
1446 1251 1478 1310 et
1492 1249 1527 1309 ln
1538 1265 1577 1312 eo
1593 1251 1701 1313 sancti
1716 1253 1882 1316 vincentii
1895 1271 1956 1316 re-

313 1349 535 1425 Quaecnmque
561 1349 671 1409 autem
700 1350 842 1424 scripta,
866 1349 899 1410 et
918 1348 1018 1424 digna
1042 1345 1106 1408 fide
1160 1342 1309 1406 nerabile
1333 1360 1453 1422 corpus
1475 1347 1572 1422 jacet.
1597 1347 1761 1410 vicinitas
1784 1351 1873 1412 enim
1889 1353 1955 1415 loci

313 1445 392 1506 sunt
417 1458 502 1506 ame
527 1461 665 1522 usquam
692 1447 838 1518 inventa,
853 1461 893 1506 ea
908 1460 973 1506 non
988 1444 1105 1522 quibus
1160 1444 1288 1518 patrem
1310 1457 1385 1503 cum
1405 1444 1588 1513 sacerdota,
1609 1449 1646 1506 ut
1666 1447 1740 1508 deri
1755 1448 1850 1522 solet,
1869 1451 1956 1512 ami-

313 1541 410 1602 erant
432 1541 565 1614 tradita,
596 1543 653 1602 sed
682 1543 807 1604 nostris
829 1541 951 1615 verbis,
977 1541 1103 1614 ordine,
1161 1539 1240 1599 citia
1255 1540 1409 1617 quadam,
1425 1543 1458 1604 et
1474 1541 1702 1605 familiaritate
1721 1547 1951 1623 conjunxerat.

313 1636 465 1711 arbitrio,
481 1642 518 1701 ut
536 1637 722 1700 habeantur
736 1655 803 1700 uno
816 1641 943 1715 tenore,
961 1657 1004 1701 ex
1018 1639 1106 1701 inte·
1160 1636 1275 1714 Neque
1288 1653 1369 1698 vero
1394 1637 1435 1698 ab
1458 1639 1526 1699 illis
1541 1639 1714 1714 dissentio,
1732 1643 1788 1720 qui
1806 1645 1955 1721 opinian-

312 1749 374 1811 gro
388 1736 555 1797 inchoavi.
1160 1733 1224 1805 tur,
1246 1735 1411 1811 praesagio
1435 1736 1588 1812 quodam,
1603 1753 1643 1800 ac
1654 1738 1767 1800 divina
1781 1741 1953 1804 voluntate

352 1835 431 1905 Quae
457 1848 537 1894 vero
564 1833 720 1911 deinceps
741 1835 905 1908 evenient,
933 1850 973 1895 ea
995 1849 1103 1912 spero,
1159 1829 1294 1904 lactum,
1322 1834 1358 1895 ut
1381 1835 1540 1895 maternis
1569 1835 1658 1896 ulnis
1691 1853 1846 1914 egressus
1872 1857 1954 1916 puer

194 2011 199 2024 ,
312 1928 372 1991 alti
382 1931 481 2007 atque
496 1931 554 1991 alii
566 1931 732 2007 colligent,
750 1935 811 1994 etc.
1160 1929 1346 1991 mitteretur
1370 1931 1409 1990 ad
1427 1930 1587 2008 templum
1611 1933 1686 2008 Dei3
1704 1936 1799 2012 quasi
1823 1939 1952 1999 carnali

1159 2029 1264 2088 matre
1279 2028 1428 2097 dimissa,
1449 2045 1656 2091 communem
1675 2031 1822 2094 fidelium
1839 2035 1951 2096 cbris-

374 2197 380 2204 .
643 2133 771 2181 monus
1159 2125 1324 2186 tianorum
1357 2125 1497 2188 matrem
1534 2128 1715 2190 Ecclesiam
1745 2134 1950 2208 sequeretur,

372 2253 406 2313 S·
436 2253 627 2314 ANTONH
654 2256 717 2313 DE
746 2256 897 2315 PADUA
932 2257 1042 2316 VITA,
1159 2221 1315 2299 cibosque
1327 2222 1368 2283 ab
1384 2239 1423 2284 ea
1438 2225 1631 2302 spirituales
1652 2227 1828 2306 acciperet,
1847 2246 1885 2292 ac
1900 2231 1955 2292 di-

1158 2318 1245 2380 vinis
1265 2317 1398 2392 deinde,
1436 2335 1503 2382 non
1528 2321 1746 2385 saecularibus
1773 2324 1949 2388 lineretur.

351 2419 495 2481 Antonio
516 2420 620 2498 igitur
644 2421 827 2483 venerabili
855 2421 1049 2494 consessori,
1072 2423 1105 2484 et
1159 2415 1456 2494 Sacerdoteitaque
1467 2419 1626 2494 magistro
1635 2421 1742 2496 prima
1753 2421 1949 2498 litterarum,

310 2520 427 2579 sancto
438 2519 524 2594 patri
535 2519 648 2580 nostro
659 2520 813 2594 parentes
824 2519 907 2580 olari
922 2520 1103 2581 secundum
1158 2529 1363 2593 morumque,
1397 2528 1437 2576 10
1470 2515 1574 2576 divini
1608 2516 1710 2579 Officii
1744 2519 1951 2583 erudimenta

264 2611 267 2621 '
309 2629 444 2675 carnem
456 2615 990 2692 etopibus,etnobilitateluerunt
1001 2617 1105 2678 Ulixi·
1157 2611 1312 2688 suscepit·
1330 2611 1519 2674 Pubescens
1534 2615 1645 2676 1111111111
1657 2614 1850 2700 liberalibus
1863 2619 1950 2679 arli-

309 2709 397 2772 bona
410 2727 429 2771 e
441 2711 586 2784 civitate,
602 2728 674 2789 quae
690 2713 730 2774 ad
751 2714 899 2775 extrema
915 2714 1029 2774 mundi
1040 2715 1103 2776 sita
1156 2707 1217 2768 bus
1232 2708 1368 2770 studuit·
1387 2712 1558 2781 0111111610
1571 2712 1668 2788 Signa
1683 2713 1950 2776 111111110111111

308 2808 442 2869 Oceano
458 2809 597 2884 adjacet,
615 2811 648 2871 et
658 2809 804 2870 Gadibus
820 2810 971 2886 proxima
985 2811 1043 2872 illa
1054 2812 1104 2873 est
1157 2805 1190 2866 ei
1211 2805 1319 2867 sancti
1338 2808 1460 2880 essent,
1484 2823 1524 2870 ea
1540 2810 1686 2886 juvenis,
1709 2811 1808 2888 atque
1829 2812 1952 2889 pubere

309 2903 344 2965 in
360 2905 498 2980 regione
511 2907 694 2983 Hispaniae,
712 2923 810 2984 quam
823 2909 952 2970 veteres
967 2910 1102 2972 Lusita.
1157 2901 1266 2964 minor
1273 2902 1372 2965 dedit.
1384 2905 1542 2978 Primum,
1555 2906 1642 2983 quod
1651 2908 1951 2984 praedicantembei

308 3001 410 3075 niam,
422 3004 574 3079 juniores
596 3019 735 3080 regnum
752 3006 954 3081 Portusgalli
968 3009 1099 3069 vocant.
1156 3000 1292 3061 verbum
1305 3002 1429 3063 attente
1440 3018 1479 3064 ac
1493 3002 1600 3064 libens
1616 3005 1764 3068 audiret:
1781 3007 1868 3068 diem
1881 3009 1953 3068 nul-

308 3099 473 3176 }lispania
489 3100 632 3178 quidem,
648 3102 769 3177 praeter
788 3103 966 3178 pauculum
980 3103 1099 3165 terrae:
1156 3097 1305 3159 lumsine
1317 3100 1419 3160 missa
1430 3101 1611 3164 transiret:
1627 3103 1859 3180 eleemosynas
1870 3121 1950 3167 ero-

308 3210 369 3256 sex
392 3197 498 3259 millia
524 3214 680 3274 passuum
702 3197 735 3258 id
762 3215 836 3260 esse
863 3199 984 3273 ierunt,
1015 3201 1102 3262 unde
1155 3196 1250 3270 garet
1273 3195 1381 3271 ample
1398 3217 1405 3256 τ
1421 3213 1556 3258 carnem
1582 3214 1649 3261 non
1670 3201 1841 3278 voluptate
1858 3203 1951 3264 inci-

307 3293 461 3370 Pyrineis
477 3295 671 3357 amontibus
693 3296 818 3358 Gallias
834 3297 1005 3374 prospicit,
1033 3300 1102 3361 tota
1154 3292 1255 3367 tarett
1282 3290 1339 3353 sed
1367 3291 1550 3367 libidinem,
1577 3299 1821 3373 01111189161,
1847 3298 1953 3361 1111811-

305 3390 426 3452 insulae
442 3391 477 3452 in
501 3393 633 3453 modum
658 3393 742 3453 mari
769 3393 916 3471 undique
945 3395 1098 3472 cingitur.
1155 3389 1280 3461 nentia,
1299 3389 1332 3450 et
1349 3390 1488 3467 jejuniis
1509 3393 1697 3469 castigaret.
1715 3395 1810 3456 Nibil
1822 3399 1894 3473 ejus
1915 3398 1950 3458 in

306 3489 386 3548 Eam
408 3489 538 3550 veteres
553 3490 599 3552 ita
615 3490 866 3564 distribuebant,
880 3492 915 3553 ut
930 3508 1007 3568 pars
1020 3495 1103 3554 Ter·
1155 3501 1213 3548 ore
1228 3487 1392 3548 mendacii
1409 3510 1417 3548 :
1432 3487 1516 3548 nibil
1530 3493 1602 3566 ejus
1612 3491 1649 3552 in
1659 3493 1770 3554 animo
1778 3495 1949 3557 vanitatis.

305 3586 511 3661 aconensis,
538 3603 616 3665 pars
642 3588 790 3662 Hernica,
816 3605 893 3666 pars
927 3591 1101 3654 Lusitania
1155 3586 1243 3657 Quas
1264 3587 1403 3661 juvenes
1430 3585 1489 3646 alii
1521 3587 1746 3668 sequebantur
1773 3590 1951 3654 illecebras

304 3684 492 3746 vocaretur.
510 3687 630 3746 Postea
652 3701 743 3758 vero,
760 3686 859 3764 atque
873 3687 1101 3764 impraesentia
1154 3682 1227 3758 ipse
1242 3681 1448 3758 declinabam
1466 3684 1565 3760 11111118
1582 3701 1712 3747 (11011111
1726 3687 1902 3762 111οᾶ118111»
1918 3693 1952 3751 el

194 3841 198 3850 ,
305 3781 451 3858 quinque
471 3782 506 3842 in
526 3798 630 3858 regna
645 3781 821 3846 distributa
835 3785 894 3846 est.
912 3787 985 3846 Rex
1000 3802 1099 3846 nam·
1154 3779 1318 3855 gravitate
1330 3779 1474 3851 vivebat,
1486 3781 1571 3858 quod
1586 3799 1689 3846 senex
1701 3800 1786 3858 esse,
1797 3787 1952 3862 quiesset

304 3876 861 3954 quePortusgalliGadesHerculis,
874 3881 1098 3954 Ulixibonam,
1150 3877 1297 3955 iuvenis,
1318 3878 1498 3939 videretur·
1515 3880 1664 3958 Denique
1680 3883 1801 3944 saeculo
1813 3883 1950 3946 abdica-

302 3975 337 4036 et
362 3990 434 4051 quae
457 3975 497 4036 ad
512 3979 681 4037 Oceanum
704 3977 823 4051 tergit,
840 3973 971 4040 omnem
996 3979 1100 4040 ferme
1154 3975 1202 4036 vit
1216 3989 1251 4035 se
1262 3989 1416 4052 prorsns3
1433 3977 1465 4038 et
1478 3977 1582 4038 animi
1602 3980 1743 4056 quadam
1759 3981 1950 4044 maturitate

212 4130 217 4140 ,
303 4072 511 4134 Lusitaniam
543 4073 766 4149 amplectitur.
803 4075 948 4137 Bethicae
990 4077 1100 4138 autem
1154 4073 1281 4144 ductus,
1294 4071 1440 4133 ricinum
1452 4073 1581 4137 civitati
1593 4077 1831 4139 monasterinm
1842 4081 1949 4142 sancti

302 4183 381 4246 pars
403 4169 548 4230 maxima
562 4171 651 4245 regis
668 4173 833 4242 Granatae,
855 4189 932 4249 pars
948 4173 1099 4235 Castellae
1153 4169 1330 4246 Augustini
1354 4169 1526 4246 ingressus
1546 4173 1606 4233 est.
1621 4167 1692 4234 Nec
1715 4191 1829 4235 mora:
1846 4192 1950 4238 cano·

301 4267 391 4342 regis
418 4267 477 4327 θεῖ.
508 4269 600 4327 Mare
625 4267 687 4328 ista
709 4269 918 4344 Tyrrhenum
931 4271 972 4332 ad
997 4271 1100 4332 meri·
1154 4268 1220 4328 nici
1236 4267 1400 4342 regularis
1420 4266 1582 4342 habitum,
1608 4287 1673 4347 quo
1689 4271 1867 4334 utebantur
1892 4275 1950 4352 qui

304 4362 403 4436 diem,
421 4363 646 4425 Athlanticum
671 4365 711 4425 ad
735 4365 940 4428 occidentem
963 4367 1097 4441 habent,
1153 4363 1344 4426 residebant
1358 4364 1510 4428 bomines
1525 4367 1687 4444 religiosi,
1700 4371 1853 4448 sumpsit.

303 4461 521 4538 appositaque
537 4463 713 4535 Numidiae,
728 4466 761 4526 et
779 4463 901 4526 Africae
917 4466 1003 4526 sunt.
1021 4467 1099 4536 Quae
1193 4463 1240 4521 Ea
1264 4475 1319 4522 res
1355 4461 1526 4539 displicuit
1546 4465 1670 4538 multis,
1692 4466 1749 4527 sed
1777 4467 1844 4528 illis
1868 4485 1950 4544 prae·

301 4575 381 4622 vero
398 4561 658 4622 Tarraconensis
673 4561 851 4622 Provincia
870 4561 943 4635 luit,
960 4565 1100 4624 eaVas-
1153 4557 1280 4632 sertim,
1307 4560 1377 4636 jam
1403 4558 1492 4621 diem
1519 4564 1675 4636 parentes
1698 4562 1865 4633 obierant,
1892 4567 1948 4642 qui

185 4685 190 4690 ·
302 4657 420 4730 coniae,
435 4674 474 4720 ac
488 4657 699 4719 Narbonensi
715 4656 832 4720 Galliae
852 4659 963 4720 vicina
977 4661 1037 4727 est,
1054 4661 1096 4732 et,
1153 4671 1227 4717 esse
1251 4656 1351 4716 amici
1375 4659 1459 4733 ejus,
1477 4673 1516 4718 ac
1537 4659 1720 4720 necessarii
1743 4660 1950 4724 viderentur.

301 4770 376 4833 quae
396 4755 461 4818 duo
476 4757 554 4818 sunt
567 4771 683 4831 regna,
700 4755 903 4828 Navarram',
920 4757 953 4817 et
966 4761 1098 4834 Arago-
1153 4753 1307 4815 Goelestia
1323 4770 1390 4814 non
1406 4754 1568 4818 curabant
1584 4755 1651 4828 isti,
1669 4756 1725 4818 sed
1741 4773 1815 4835 quae
1835 4759 1949 4820 mundi

301 4851 393 4912 niam
409 4853 566 4915 continet.
588 4856 636 4914 Ex
650 4851 815 4926 omnibus,
831 4855 986 4916 Granatae
1002 4856 1098 4918 modo
1153 4852 1240 4923 sunt,
1265 4851 1411 4922 divitias,
1440 4853 1473 4913 θῐ
1496 4851 1640 4915 bonores
1667 4854 1835 4927 amabant,
1859 4855 1949 4917 sutu-

301 4949 416 5024 populi
431 4949 595 5025 infideles,
618 4952 652 5012 et
672 4950 825 5011 barbaris
850 4954 993 5027 angusto
1013 4953 1097 5014 mari
1151 4963 1292 5026 rumque
1305 4948 1443 5025 ipsume
1458 4950 1562 5026 patris
1581 4949 1723 5028 vestigio
1736 4952 1842 5013 civem
1856 4969 1949 5029 egre-

300 5033 628 5122 propinqui,'reliqui
649 5044 824 5107 christiani
839 5048 926 5108 sunt.
1151 5045 1254 5122 gium,
1278 5061 1318 5106 ao
1340 5045 1461 5106 bonam
1485 5046 1525 5108 ob
1548 5045 1693 5109 indolem
1716 5065 1785 5110 suaa
1813 5051 1948 5113 familiae

341 5139 559 5202 Ulixibonam
570 5135 661 5214 vero,
674 5145 769 5219 eujus
785 5143 946 5205 oriundus
960 5145 1011 5205 est
1025 5160 1098 5205 nos·
1152 5143 1253 5204 decus
1264 5159 1338 5204 esse
1354 5143 1541 5220 sperabant.
1559 5145 1724 5208 Seducere
1739 5163 1882 5225 namque
1896 5150 1950 5227 ip-

297 5235 351 5298 ter
375 5237 509 5298 sanctus
536 5238 711 5311 Antonius,
745 5242 778 5302 θῖ
810 5241 1025 5312 nominatam,
1066 5243 1099 5303 at
1152 5257 1236 5312 sum,
1254 5243 1290 5302 ut
1304 5241 1443 5316 poneret
1457 5241 1619 5315 habitum,
1636 5244 1672 5305 ut
1687 5244 1814 5307 rediret
1826 5245 1868 5306 ad
1886 5261 1951 5307 sae-

261 5395 270 5408 ,
300 5333 468 5394 conditam
485 5333 526 5395 ab
549 5336 658 5408 Ulixe,
683 5353 757 5398 oum
779 5341 959 5414 vagaretur
981 5355 1097 5400 eversa
1152 5338 1274 5410 culum,
1294 5339 1391 5400 multi
1405 5339 1654 5413 blandimentis,
1674 5341 1825 5418 plerique
1848 5343 1949 5404 minis

300 5432 411 5509 Troja,
435 5431 531 5494 multi
551 5434 706 5495 auctores
729 5436 815 5497 sunt.
834 5437 935 5498 Pater
949 5439 1022 5514 ejus
1045 5437 1098 5499 vir
1152 5435 1253 5496 etiam
1268 5437 1381 5498 conati
1398 5438 1486 5498 sunt.
1500 5441 1574 5514 lpse
1588 5440 1700 5500 autem
1714 5438 1810 5502 fortis
1825 5443 1951 5504 etcor-

300 5528 466 5604 egregius,
504 5543 543 5590 ac
579 5529 686 5604 miles,
718 5531 824 5592 Mater
850 5532 939 5593 omni
969 5547 1096 5593 morum
1152 5534 1244 5594 stans
1259 5547 1295 5593 se
1319 5534 1421 5596 nullis
1437 5534 1590 5598 flectebat
1606 5536 1732 5610 verbis,
1756 5537 1814 5599 sed
1827 5539 1949 5600 animae

175 5699 180 5708 Ι
301 5625 523 5690 sanctimonia
549 5621 752 5691 venerabilis
785 5629 931 5690 foemina.
968 5631 1096 5694 Nomen
1152 5631 1292 5694 salutem
1307 5632 1520 5709 praeponebat
1533 5633 1697 5708 omnibus,
1716 5636 1749 5698 et
1765 5651 1847 5715 quos
1862 5638 1950 5708 tanti
