4184 6410
142 331 204 404 729
520 339 628 404 PARS
656 341 801 404 PRIMA.
821 371 862 386 -
881 340 1100 402 expositio
1127 341 1176 434 IN
1206 341 1407 407 PSALMOS.
1727 349 1787 408 730

143 499 309 564 similiter.
337 499 430 564 Unde
456 501 517 563 Job
544 501 608 580 (10,
637 499 689 582 15)
714 524 721 562 :
751 501 787 564 si
812 501 934 578 impius
990 517 1135 579 superna
1146 519 1182 568 se
1192 505 1323 582 erigere
1334 506 1482 582 possunt.
1495 505 1534 566 Et
1544 505 1784 584 attende,quod

143 599 250 670 thero,
268 615 318 659 vae
337 597 420 659 mihi
440 599 514 662 est:
539 601 623 661 Ecce
642 599 758 661 umbra
779 599 933 662 tremula.
991 599 1116 662 tructus
1132 602 1312 664 cucurbitae
1336 601 1497 665 fructibus
1516 603 1659 664 aliarum
1685 604 1786 666 arbo-

145 697 180 758 Si
192 695 303 772 Justus
319 693 424 762 luero,
440 711 505 756 nou
518 695 634 757 levabo
649 697 748 774 caput
762 711 870 756 meum
886 711 936 758 sa·
989 713 1063 758 rum
1086 699 1136 762 est
1150 701 1351 773 contrarius,
1366 701 1523 777 quoniam
1543 701 1720 778 antequam
1742 701 1787 763 sit

143 795 245 856 tiatus
261 791 376 854 dolore
390 790 448 872 (1),
466 797 499 854 θῖ
513 793 660 854 miseria.
675 793 791 855 Gladio
806 793 934 855 vibrato
982 792 1151 865 maturus,
1168 797 1296 859 comedi
1312 798 1434 874 potest,
1451 813 1526 858 oum
1551 801 1661 860 autem
1685 798 1788 862 luerit

145 891 296 954 Christus
312 892 533 968 comparatur,
550 891 626 968 qula
642 890 727 953 sicut
741 891 871 966 gladius
883 892 936 952 vi-
991 894 1152 966 maturus,
1175 895 1303 956 comedi
1322 911 1388 956 non
1416 897 1523 972 potest
1540 918 1546 956 :
1565 897 1645 958 Cum
1665 897 1785 959 viridis

144 991 260 1052 bratus
282 987 443 1060 umbram,
464 987 497 1050 et
516 987 624 1049 lucem
648 987 728 1050 lacit
747 989 935 1050 tremulen-
990 991 1065 1062 erit,
1082 993 1132 1053 est
1146 991 1310 1068 escibilis3
1327 1007 1401 1053 cum
1417 995 1566 1054 maturus
1582 995 1655 1066 erit,
1672 995 1781 1058 verti-

144 1089 224 1159 tam‚
246 1086 343 1147 sicet
362 1083 511 1146 Christus
532 1075 693 1147 terrorem
714 1086 833 1148 incutit
853 1086 933 1158 illis,
988 1087 1091 1149 turin
1107 1089 1245 1165 lignum,
1260 1091 1292 1151 et
1318 1089 1450 1151 Itanon
1472 1091 1523 1152 est
1545 1091 1703 1153 escibilis.
1720 1095 1786 1154 Per

144 1185 200 1262 qui
216 1185 292 1245 sunt
307 1183 341 1243 in
363 1183 436 1243 luce
452 1183 580 1258 gratiae,
598 1185 630 1244 et
651 1183 720 1243 illis
737 1183 793 1260 qui
808 1184 885 1244 sunt
900 1183 935 1244 in
990 1181 1134 1246 fructum
1164 1153 1343 1246 bucurbitae
1375 1185 1569 1261 designatur
1599 1189 1783 1264 peccatum,

142 1279 288 1343 tenebris
314 1280 452 1357 peccati,
479 1281 512 1341 et
534 1278 744 1355 ignorantiae.
769 1283 852 1342 Ecce
876 1281 936 1342 lux
990 1281 1077 1360 quod
1094 1281 1225 1358 quando
1238 1281 1344 1344 viride
1358 1282 1409 1344 est
1423 1283 1456 1343 et
1469 1298 1596 1355 recens,
1613 1285 1734 1361 placet,
1751 1287 1785 1346 et

143 1378 295 1440 tremula.
309 1377 395 1438 Hinc
405 1377 504 1439 etiam
514 1377 667 1439 Jeremiae
680 1377 723 1457 (2,
736 1377 789 1457 26)
804 1401 810 1438 :
824 1381 936 1451 «Quo
990 1377 1158 1439 hominem
1173 1377 1325 1451 delectat,
1344 1381 1376 1441 et
1396 1381 1475 1441 tunc
1490 1380 1622 1457 quidem
1649 1381 1786 1444 escibilo

143 1475 240 1538 modo
255 1473 468 1537 contunditur
486 1473 549 1548 lur,
562 1475 692 1552 qnando
708 1475 933 1552 deprehendi·
990 1477 1053 1549 θεῖ,
1065 1477 1122 1536 sed
1139 1491 1213 1537 cum
1230 1477 1427 1549 maturatur,
1439 1478 1580 1539 vertitur
1590 1479 1624 1539 in
1638 1479 1783 1554 lignum;

142 1576 208 1646 tur,
226 1573 274 1635 sic
288 1571 426 1634 contusa
442 1574 506 1634 erit
521 1571 568 1652 (2)
588 1573 704 1634 domus
720 1573 834 1646 Israel,
856 1573 933 1650 ipsi,
990 1573 1022 1634 et
1034 1571 1098 1634 hoc
1111 1574 1161 1634 θεῖ
1176 1574 1305 1652 quando
1318 1573 1417 1635 homo
1437 1575 1579 1638 advertit
1590 1575 1783 1649 vindictam,

142 1671 177 1732 et
195 1685 290 1746 reges
306 1686 432 1743 eorum,
450 1671 629 1747 principes,
649 1675 681 1732 et
698 1670 899 1732 sacerdotes.
916 1687 935 1731 ε
991 1683 1064 1748 quae
1075 1671 1209 1747 peccato
1219 1671 1298 1733 tuuc
1311 1671 1509 1744 immineret,
1522 1674 1679 1750 quoniam
1692 1675 1786 1736 scili-

143 1769 212 1828 Nec
236 1768 414 1838 mirumst
434 1766 511 1829 tunc
532 1767 661 1828 contusi
685 1767 827 1829 debeant
848 1783 932 1839 esse,
991 1767 1043 1827 cet
1054 1781 1114 1842 pro
1128 1767 1256 1828 modica
1273 1767 1492 1830 delectatione
1506 1771 1681 1846 puniretur
1693 1773 1787 1834 aeter·

143 1881 217 1927 cum
233 1881 348 1926 omues
359 1865 499 1942 justitIae
517 1880 631 1926 eorum
654 1866 721 1926 sint
736 1865 830 1942 quasi
848 1880 935 1942 pan·
990 1863 1122 1934 naliter,
1133 1864 1197 1924 utsi
1208 1865 1376 1940 poeniteat.
1391 1867 1482 1926 Tunc
1497 1867 1659 1943 siquidem
1671 1885 1786 1944 pecca·

143 1979 206 2024 nus
224 1963 439 2024 menstruatae
455 1960 515 2042 (3),
540 1961 580 2022 ad
603 1963 662 2024 Dei
674 1961 838 2039 justitIam
860 1962 934 2023 col·
989 1960 1153 2022 tumillud
1177 1977 1243 2022 non
1259 1961 1412 2034 delectat,
1430 1963 1488 2023 sed
1511 1963 1625 2026 dentes
1641 1969 1712 2042 ejus
1732 1966 1785 2027 oi-

143 2061 236 2135 latae3
254 2061 286 2121 et
305 2059 379 2120 ideo
394 2058 478 2120 bene
499 2059 629 2120 dicebat
643 2060 704 2122 Job
719 2081 727 2119 ε
743 2075 761 2120 ‹<
778 2060 812 2120 Si
825 2061 935 2138 justus
990 2057 1106 2119 tendit.
1132 2060 1218 2120 Hinc
1246 2059 1294 2121 ait
1330 2061 1487 2122 Salomon
1511 2078 1518 2121 :
1542 2079 1560 2121 a
1589 2063 1707 2124 Suavis
1736 2065 1788 2125 est

142 2157 248 2232 luero,
263 2171 328 2218 non
341 2155 459 2218 levabo
475 2157 573 2235 caput
586 2173 705 2229 meum,
723 2157 861 2218 satiatus
875 2156 936 2219 do-

143 2255 224 2329 lore,
243 2255 276 2316 et
294 2254 441 2315 miseria.
455 2271 474 2315 ε
489 2253 630 2314 Gladius
645 2269 724 2330 ergo
740 2254 871 2316 Domini
887 2257 936 2316 θεῖ

142 2351 304 2423 vibratus,
320 2352 352 2412 et
370 2352 412 2412 iis
429 2351 484 2428 qui
507 2351 638 2413 suntin
659 2350 818 2423 tenebris,
841 2351 874 2412 et
893 2351 936 2412 ils

144 2447 202 2524 qui
223 2449 300 2509 sunt
315 2448 348 2508 in
368 2448 443 2508 luce
458 2448 618 2510 terrorem
633 2447 936 2509 incutiens.·Gladii

144 2545 288 2608 vibratio
304 2545 388 2606 nihil
406 2546 457 2607 est
471 2545 574 2617 aliud,
589 2561 687 2624 quam
703 2545 841 2607 extremi
855 2561 938 2607 exa-

145 2643 246 2702 minis
259 2641 482 2704 maniiestatio
496 2643 531 2704 in
548 2643 717 2718 praesenti,
734 2659 832 2720 quam
847 2643 937 2704 desi-

144 2739 240 2802 derat
268 2755 469 2816 cognoscere
500 2740 646 2801 dicens:
683 2742 831 2816 Efferade
856 2741 936 2815 fra-

143 2852 270 2900 meam.

403 3008 544 3068 SERMO
565 3007 677 3068 LXIII.

143 3143 225 3217 Quod
244 3143 425 3204 exultandum
445 3147 529 3204 sitin
548 3147 680 3218 Domino,
693 3159 750 3204 non
770 3147 798 3204 in
819 3143 937 3217 mundo,

414 3249 471 3294 nou
492 3236 520 3293 in
540 3243 666 3309 peccato.

145 3374 271 3434 Arctmc
291 3386 369 3433 naec
390 3372 557 3434 emuttcbit
578 3375 615 3434 tn
635 3375 797 3444 Domtuo,
820 3372 854 3434 et
874 3374 938 3433 de-

170 3469 349 3530 lectabitur
359 3483 466 3542 super
477 3469 624 3530 satutari
635 3484 709 3530 sco.
722 3468 791 3548 (Ρε.
801 3471 851 3540 34,
864 3467 912 3548 9.)

184 3617 303 3679 Anima
330 3619 459 3688 nostra,
483 3617 635 3694 inquam,
666 3617 817 3679 exultare
844 3616 940 3679 debet

145 3715 181 3776 in
211 3715 361 3788 Domino,
389 3729 455 3775 non
481 3715 517 3774 in
539 3713 677 3786 mundo,
708 3730 774 3776 non
800 3715 835 3775 in
861 3730 940 3792 pec-

145 3814 230 3874 cato.
259 3811 535 3885 Quidamtamen
562 3811 713 3874 exultant
740 3811 774 3873 in
803 3811 936 3883 mundo,

145 3908 201 3988 qui
224 3909 456 3985 significantur
485 3925 544 3986 per
571 3911 705 3982 Jonam,
735 3909 862 3988 dequo
885 3909 938 3970 le-

144 4008 235 4083 gitur
254 4005 298 4088 (4,
321 4005 357 4086 8)
383 4023 432 4067 :a
461 4007 605 4070 Laetatus
629 4007 680 4068 est
713 4008 815 4069 Jonas
839 4022 939 4084 super

145 4103 293 4177 hedera,
337 4104 455 4166 laetitia
494 4120 615 4180 magna
648 4125 656 4165 ε
690 4103 863 4167 laborabat
903 4106 938 4165 in

146 4204 229 4264 aestu
245 4219 262 4262 »
276 4201 335 4281 (4).
357 4203 422 4262 Per
437 4201 595 4263 hederam
611 4203 710 4275 enim,
732 4203 803 4264 slve
825 4219 939 4264 cucur·

144 4299 247 4361 bitam
260 4297 320 4380 (5),
333 4315 406 4376 quae
419 4301 523 4378 serpit
532 4301 568 4361 in
579 4301 714 4372 terram,
724 4315 786 4363 nec
795 4300 938 4378 seipsam

146 4397 276 4472 erigere
292 4396 409 4472 potest,
426 4397 660 4472 significantur
672 4398 733 4472 illi,
750 4400 806 4476 qui
827 4400 864 4460 in
879 4416 940 4461 vo-

147 4491 329 4569 luptatibus
348 4493 564 4554 saecularibus
585 4495 689 4558 illecti
714 4496 803 4569 sunt,
820 4512 883 4558 nec
897 4496 939 4558 ad

147 4620 283 4750 Planbus,
297 4636 347 4694 pro
367 4636 402 4678 oo
417 4620 490 4694 quod
508 4629 552 4678 est
566 4623 691 4695 gladium
706 4640 791 4682 suum
805 4625 937 4695 vlbrabit,

160 4707 287 4750 romeam
309 4706 390 4748 suam
414 4691 621 4764 splendificabit
644 4695 767 4766 positum
791 4703 857 4752 est:
883 4713 940 4769 quo

146 4763 938 4834 verboconvenientisslmesiguitlceriarbitrorultlmum

148 4834 305 4894 Dominicae
317 4834 454 4891 claritatis
469 4831 632 4892 adventum.

183 4908 224 4976 (l)
244 4905 330 4978 Vulg.
344 4921 351 4960 ε
368 4911 510 4961 saturatus
523 4902 686 4962 alliictrone.

185 4978 225 5046 (t)
244 4976 330 5048 vulg.
344 4990 351 5030 ε
367 4974 478 5032 contusi
491 4981 567 5031 suut.

184 5049 213 5114 (3
245 5046 415 5115 lse.,bb,b.

184 5118 214 5184 (l
240 5118 326 5190 Vulg.
341 5116 519 5174 laboraverat
533 5117 620 5175 euim.

185 5189 214 5259 (5
244 5188 310 5246 Sive
333 5186 517 5244 cucurbitam.
534 5188 587 5245 Ubi
610 5186 729 5258 Vulgata
756 5185 841 5245 hahet
858 5189 938 5246 bade·

148 5259 298 5326 ramalia>
325 5258 490 5325 versiones,
516 5259 614 5315 Grmcu
643 5259 729 5326 Lxx,
760 5259 886 5331 Syriaca,
912 5269 940 5319 et

148 5329 284 5396 Arabico,
301 5343 335 5385 ec
353 5327 488 5400 Paraphr.
512 5327 610 5386 Chald.
635 5328 734 5402 legunt
754 5332 938 5389 cucurbitam.

148 5401 218 5458 Cum
239 5407 332 5456 autem
360 5412 375 5456 a
401 5397 525 5470 quodam
541 5399 729 5457 obtrectatore
756 5401 783 5457 S.
805 5401 940 5476 lilerony-

150 5485 214 5527 urus
240 5469 448 5542 objurgaretur,
472 5469 547 5540 quod
562 5484 613 5543 pro
635 5470 780 5530 cucurbita
806 5471 939 5530 hederam

150 5540 361 5597 transtulisset:
378 5539 440 5611 ipse
453 5540 658 5598 conmentario
672 5542 701 5598 in
712 5543 824 5600 Ionam.
841 5557 904 5615 cap.
921 5545 939 5601 b

150 5609 304 5682 respondit,
321 5609 349 5665 ln
366 5609 485 5672 llebraeo
499 5611 557 5682 legi
571 5611 696 5680 etiaim,
707 5611 783 5684 quod
793 5620 835 5670 est
848 5629 941 5688 genus

149 5680 322 5755 virgulti‚vcl
334 5679 499 5752 arbusculae,
509 5681 565 5739 lata
581 5681 690 5740 habene
702 5681 767 5740 lolia
782 5683 811 5740 in
824 5684 939 5743 modum

991 2154 1118 2216 homini
1133 2155 1229 2232 panis
1251 2156 1427 2229 mendacii,
1443 2159 1475 2219 et
1499 2159 1613 2235 postea
1629 2159 1786 2237 implebi-

990 2253 1046 2314 tur
1060 2267 1096 2312 os
1110 2255 1182 2330 eius
1193 2253 1321 2314 calculo
1333 2271 1350 2313 ε
1364 2251 1423 2334 (6).
1438 2257 1503 2315 Per
1515 2272 1633 2331 panem
1647 2258 1786 2319 menda-

991 2347 1047 2418 cii,
1075 2347 1248 2409 saecularis
1272 2348 1425 2426 voluptas
1463 2351 1688 2425 significatur,
1712 2369 1786 2430 quae

991 2457 1110 2521 panem
1123 2446 1296 2507 mentitum
1312 2447 1483 2524 promittit,
1499 2448 1576 2524 quia
1589 2463 1655 2509 non
1666 2449 1785 2526 reficit,

992 2541 1048 2602 sed
1062 2543 1231 2603 hominem
1245 2559 1387 2605 vacuum
1407 2543 1582 2622 relinquit3
1600 2545 1688 2607 unde
1702 2546 1787 2609 bene

992 2639 1114 2701 dicitur
1124 2641 1221 2718 panis
1236 2641 1412 2712 mendacii,
1427 2643 1505 2719 quia
1520 2659 1586 2704 non
1602 2643 1711 2716 satiat,
1724 2661 1786 2706 nec

992 2736 1110 2798 retlcit.
1127 2738 1167 2799 nt
1181 2737 1304 2814 optime
1326 2738 1428 2801 dicit:
1445 2756 1464 2799 a
1479 2741 1522 2800 Os
1537 2743 1609 2818 ejus
1632 2740 1788 2818 implebi-
1849 2788 1854 2810 ,

992 2833 1047 2895 tur
1081 2833 1222 2896 calculo.
1243 2851 1262 2896 r
1284 2837 1350 2898 Per
1374 2836 1539 2898 calculum
1577 2837 1788 2914 significatur

993 2932 1117 2993 aetema
1137 2931 1318 3006 damnatio,
1335 2949 1355 2994 a
1371 2949 1435 3012 qua
1451 2935 1563 2996 nullus
1576 2934 1784 2998 liberabitur.

993 3029 1032 3090 Et
1052 3029 1136 3091 bene
1155 3030 1287 3103 dicitur,
1303 3030 1497 3109 implebitur
1513 3049 1520 3092 :
1537 3035 1581 3094 Os
1603 3033 1691 3095 enim
1711 3036 1786 3112 ple-

994 3141 1072 3187 num
1088 3143 1149 3188 nec
1169 3127 1332 3204 deglutire
1347 3129 1465 3206 potest,
1482 3145 1543 3190 nec
1565 3145 1729 3192 evomere.
1746 3133 1787 3194 nt

993 3223 1114 3286 iterum
1129 3241 1204 3287 cum
1217 3226 1261 3288 sit
1274 3225 1371 3305 lapis,
1389 3227 1561 3288 masticari
1576 3243 1642 3289 non
1667 3229 1785 3306 potest,

993 3323 1085 3385 etita
1099 3325 1155 3402 qui
1169 3323 1257 3385 hanc
1271 3339 1402 3402 poenam
1415 3325 1568 3397 incurrit,
1584 3325 1787 3390 nullomodo

992 3419 1201 3483 liberabitur.
1216 3423 1308 3494 Quod
1323 3421 1408 3483 bene
1423 3422 1632 3498 significatur
1649 3441 1708 3501 per
1723 3425 1788 3488 hoc

993 3518 1079 3614 quod
1096 3518 1187 3586 dicit,
1203 3519 1412 3596 implebitur3
1430 3521 1463 3582 et
1476 3537 1537 3598 per
1551 3522 1614 3582 hoo
1626 3523 1712 3599 quod
1723 3523 1788 3584 oal-

994 3615 1088 3676 culus
1103 3617 1153 3677 est
1167 3616 1270 3692 lapis3
1287 3617 1343 3695 qui
1357 3617 1527 3679 masticari
1542 3634 1608 3680 non
1628 3621 1745 3696 potest.

1035 3712 1222 3774 Undebene
1233 3714 1384 3790 sequitur
1394 3715 1429 3775 in
1440 3717 1524 3776 Jona
1539 3713 1582 3793 (4,
1595 3715 1630 3793 7)
1647 3733 1686 3776 ε(
1701 3719 1788 3778 Prae·

994 3809 1124 3886 paravit
1140 3805 1187 3888 (7)
1209 3813 1297 3871 Deus
1316 3825 1461 3872 vermem
1483 3826 1625 3872 ascensu
1649 3813 1788 3876 diluculi

994 3907 1029 3967 in
1054 3907 1200 3968 crastino
1227 3904 1287 3986 (8),
1315 3909 1348 3969 et
1376 3909 1542 3984 percussit
1570 3909 1739 3984 hederam,
1756 3912 1791 3974 et

994 4005 1136 4065 exaruit.
1158 4020 1177 4064 ε
1200 4005 1331 4065 VermIs
1353 4005 1416 4066 iste
1437 4006 1489 4067 est
1511 4006 1666 4068 mordens
1690 4023 1790 4069 cons-

994 4101 1127 4174 cientia,
1144 4119 1217 4180 quae
1232 4101 1389 4164 hederam
1406 4103 1561 4168 corrodit,
1578 4103 1641 4165 hoc
1658 4105 1708 4167 est
1720 4105 1787 4167 ho-

994 4200 1115 4261 minem
1136 4199 1361 4277 reprehendit,
1383 4199 1469 4278 quod
1494 4201 1530 4261 in
1556 4201 1608 4261 his
1628 4202 1786 4280 volupta-

993 4298 1081 4360 tibus
1102 4297 1148 4358 ita
1171 4298 1352 4360 radicatur.
1370 4299 1435 4358 Per
1454 4313 1628 4360 ascensum
1649 4299 1788 4362 diluculi

994 4397 1102 4458 ortum
1119 4397 1236 4472 gratiae
1258 4395 1499 4471 significamus.
1516 4397 1555 4458 Et
1569 4395 1653 4458 bene
1668 4400 1787 4476 sequi-

992 4495 1059 4566 tur,
1072 4494 1105 4554 in
1121 4495 1267 4555 crastino
1278 4509 1285 4566 ;
1298 4493 1445 4556 crastino
1462 4494 1550 4554 enim
1564 4493 1616 4555 die
1632 4495 1682 4555 est
1694 4511 1787 4572 prae-

995 4626 1133 4698 pampiuI,
1149 4632 1177 4684 et
1191 4625 1322 4682 umbram
1342 4623 1554 4692 densissimam,
1570 4639 1622 4681 suo
1641 4632 1741 4683 trunco
1755 4642 1788 4684 se

994 4695 1147 4752 sustineus.
1158 4695 1279 4752 Etaddit
1294 4711 1300 4750 :
1318 4715 1328 4744 ι
1343 4693 1512 4777 Noseodem
1526 4700 1663 4780 temporo,
1678 4711 1734 4767 quo
1747 4698 1788 4754 in·

993 4765 1218 4839 terpretabamur
1237 4763 1411 4837 Prophetas,
1427 4766 1568 4822 voluimus
1588 4765 1709 4838 idipsum
1730 4769 1786 4824 lle·

993 4837 1077 4896 breeae
1088 4837 1193 4909 lingum
1203 4851 1308 4892 nomen
1319 4836 1488 4907 exprimere,
1499 4836 1565 4906 quia
1578 4851 1672 4894 sermo
1684 4838 1788 4896 latinus

995 4908 1069 4966 banc
1083 4907 1208 4980 speciem
1220 4905 1328 4962 arboris
1343 4919 1399 4962 uon
1416 4905 1537 4962 habebat
1554 4923 1560 4962 :
1575 4905 1625 4962 sed
1641 4908 1788 4967 timuimus

1015 4979 1207 5045 rummaticos,
1223 4985 1290 5044 etc,
1303 4978 1450 5048 secutique
1460 4991 1560 5033 sumus
1571 4984 1683 5034 veteres
1692 4986 1786 5036 trans-

993 4993 1108 5117 Iatores,
1117 5050 1165 5131 qul
1177 5055 1206 5130 et
1219 5049 1273 5119 ipsi
1286 5046 1421 5104 hederam
1434 5048 1609 5119 interpretati
1617 5055 1699 5130 suum
1711 5050 1788 5108 aliud

994 5121 1071 5200 enirn
1086 5118 1153 5218 quid
1168 5117 1303 5200 dicerent,
1314 5132 1369 5174 non
1382 5117 1524 5220 habehant
1536 5135 1563 5200 με
1575 5133 1730 5244 paucisque
1745 5122 1787 5178 lu·

995 5198 1138 5262 terpectls.
1156 5211 1167 5239 ‹
1185 5187 1333 5247 cucurbita
1346 5195 1373 5244 et
1388 5187 1504 5256 hedera,
1517 5197 1565 5256 au,
1599 5205 1663 5262 ujus
1678 5197 1787 5248 nuturae

994 5268 1069 5342 sunt²
1091 5267 1121 5343 ut
1136 5273 1186 5388 per
1202 5267 1306 5342 terrem
1325 5265 1453 5342 reptent,
1469 5265 1499 5316 et
1515 5259 1622 5342 absque
1642 5259 1728 5318 turcis
1742 5263 1788 5318 vel

995 5331 1138 5388 admrmcu
1150 5345 1184 5398 rs,
1198 5329 1300 5400 qulbus
1323 5337 1489 5400 innituntur,
1503 5331 1602 5390 altiore
1622 5346 1678 5388 non
1699 5345 1785 5405 appe·

995 5409 1170 5540 tal(III’Prov.
1187 5469 1232 5538 it),
1247 5471 1289 5526 ll.

1031 5546 1072 5613 (7)
1092 5543 1173 5612 vulp.
1187 5543 1221 5598 Et
1234 5541 1354 5613 perevlt.

1031 5616 1072 5685 (8)
1090 5614 1171 5685 l'clp.
1186 5612 1351 5670 crastinum.
