4226 6406
124 329 194 392 409

127 485 191 544 Sed
205 480 308 544 sufficit
318 479 389 538 mibi
408 479 437 536 in
450 484 580 550 ternpore
593 476 652 546 illo,
668 473 743 548 qaod
758 473 861 532 iratres
874 471 931 530 mel

127 571 296 632 custodiant
309 584 342 628 se
355 567 507 642 apecoatis
518 563 706 624 mortalibusa
724 562 777 636 (l).

362 743 593 814 COLLOQUIUII
616 741 720 800 xviri.

132 863 260 938 Spiritui
268 865 364 920 souma
373 859 499 927 mentiri,
512 857 561 928 qui
575 857 612 913 ad
631 853 801 925 Religionem
814 851 935 909 sloiatro

395 946 549 1003 latentiores
560 943 674 1000 coemo.

173 1066 326 1126 Ecivitate
347 1064 461 1120 Lucana
488 1059 602 1132 iuvenis
629 1057 760 1129 quidam,
786 1057 935 1128 parentum

134 1156 241 1215 illustri
261 1153 393 1228 prosapia
411 1151 514 1218 clarus,
537 1146 587 1204 sed
604 1147 691 1202 nimia
709 1143 823 1200 levitate
842 1147 871 1198 et
890 1139 933 1196 in·

135 1245 299 1304 constantia
315 1241 464 1307 obscurus,
480 1237 516 1294 ad
535 1236 676 1309 lacrymas
691 1247 777 1306 quam
799 1228 835 1288 ad
847 1227 934 1285 devo·

136 1337 248 1393 tionem
284 1329 452 1403 promptior,
477 1324 611 1382 humanis
641 1318 810 1394 quibusdam
843 1315 937 1374 causis

136 1417 386 1486 condescendens,
407 1429 464 1472 non
486 1415 538 1472 bei
559 1413 659 1485 spiritu
674 1411 807 1484 agitatus,
829 1405 866 1462 ad
879 1404 936 1461 lra-

137 1519 200 1570 tres
216 1507 346 1576 accessit,
355 1518 443 1577 seque
454 1503 565 1559 illorum
578 1499 710 1572 catalogo
717 1492 936 1554 adscribimaxi·

138 1611 261 1671 mopere
282 1595 355 1653 velle
371 1591 554 1666 algnilicavit.
577 1590 667 1658 Quem
682 1593 712 1644 ut
727 1584 762 1643 ad
777 1587 808 1643 ll.
824 1586 938 1641 Patrem

135 1687 329 1754 adduxerunt,
341 1682 436 1740 multis
450 1679 573 1754 profusis
587 1675 730 1750 lacrymis,
747 1679 775 1731 et
792 1673 858 1730 licto
873 1684 938 1728 cum

136 1775 253 1834 fervore
279 1770 316 1830 ad
345 1785 429 1828 suum
461 1767 570 1825 admitti
593 1765 768 1823 consortium
795 1759 939 1817 humiliter

137 1865 238 1924 denuo
257 1859 380 1934 rogavit.
403 1857 456 1926 Qui
475 1863 601 1914 externe
613 1852 736 1912 llctionis
753 1847 895 1916 conscius,
911 1850 940 1904 et

138 1955 264 2011 internae
285 1947 440 2021 tepiditatis
457 1959 515 2002 nan
539 1943 669 2016 ignarus,
691 1945 835 1998 commoto
849 1936 939 2004 vultu,

137 2049 171 2100 et
180 2039 275 2098 verbis
284 2035 483 2108 increpatoriis
496 2034 535 2091 ait
550 2051 557 2090 :
571 2054 582 2083 ι
596 2032 693 2099 bliser,
705 2035 789 2100 atqua
806 2025 939 2093 carnalia,

140 2144 195 2188 cur
204 2121 353 2202 (Act.'v,3)‚
367 2123 478 2196 spiritui
486 2117 773 2186 sanetomentiris,et
783 2129 829 2171 me
844 2111 941 2169 lallers

140 2217 246 2290 cupIsi
256 2213 413 2275 carnaliter
423 2204 547 2284 plangis,
554 2214 583 2266 et
600 2208 716 2281 spiritus
730 2213 795 2264 tuus
808 2215 874 2260 eum
881 2202 942 2258 beo

140 2321 203 2364 non
219 2311 272 2362 est.
283 2301 373 2370 Vada,
390 2298 426 2358 ad
436 2297 566 2356 carnales
574 2301 729 2362 revertere,
749 2288 943 2366 spiritualibus

142 2409 205 2454 non
238 2406 270 2450 es
297 2391 414 2466 dignus,
432 2387 569 2460 quoniam
592 2383 663 2442 nihil
684 2380 869 2456 spiritualiter
895 2391 940 2435 sa·

144 2485 194 2558 pls
210 2503 222 2534 ι
240 2479 293 2554 (2).

378 2598 610 2670 COLLOQUIUII
634 2595 714 2654 xlx.

146 2681 340 2780 Aualliaados
363 2722 389 2775 at
409 2717 509 2788 socors
528 2709 734 2786 prosequendos
752 2707 799 2767 eoi
817 2701 947 2764 lortitoli

473 2804 620 2860 zelatores.

187 2925 259 2984 Cum
277 2921 391 2980 cuidam
415 2915 567 2986 sacerdoti,
585 2915 615 2972 in
630 2912 776 2986 theologia
792 2909 945 2983 magistro,

151 3011 332 3088 praedixisset
349 3008 450 3079 beatus
466 3007 559 3073 Pater,
573 3001 675 3060 iratres
689 3014 705 3058 a
720 2999 818 3058 stricta
831 2994 948 3069 Regulac

151 3098 335 3159 observantia
347 3096 483 3170 paulatim
493 3091 694 3159 declinaturos,
705 3086 785 3161 petiit
796 3087 844 3143 ille
859 3082 949 3141 aviro

152 3190 207 3249 Dei
218 3188 362 3246 licentiam
372 3185 473 3241 tutiora
485 3188 513 3238 et
525 3178 705 3254 religiosiora
718 3177 779 3234 loca
788 3171 949 3246 Religionis

154 3275 281 3352 petendi,
297 3276 321 3333 si
331 3269 493 3346 huiusmodi
508 3267 702 3326 relaxatiosua
718 3271 802 3323 oetale
816 3261 948 3320 oriretur.

154 3365 354 3438 Cuibenignus
368 3364 461 3419 Pater.
472 3356 571 3428 «Quod
583 3372 597 3414 a
609 3369 656 3413 me
665 3353 801 3427 postulas,
816 3348 951 3409 schrislo

155 3457 233 3514 scias
247 3453 297 3512 tibi
311 3465 376 3510 esse
388 3461 568 3516 concessum,
584 3456 758 3514 manumque
771 3454 856 3514 super
867 3442 953 3510 eaput

156 3544 221 3617 eius
244 3542 396 3614 imponens
426 3537 465 3596 ait
491 3552 497 3593 :
522 3535 564 3592 Τιι
589 3547 621 3590 es
643 3528 782 3590 Sacerdos
808 3529 837 3585 in
868 3533 950 3584 aeter·

158 3647 228 3690 num
258 3629 348 3704 (Psoi.
364 3641 421 3696 arx,
436 3623 466 3696 9)
477 3619 624 3681 secundun
648 3617 777 3677 ordinem
801 3612 950 3675 llelchiae·

159 3719 256 3778 decli»
274 3715 327 3792 (3).

408 3832 639 3904 cobuooulull
650 3829 713 3888 XX.

160 3965 291 4040 afflictos
302 3967 328 4020 at
345 3964 464 4020 tantatos
483 3956 671 4028 maximopere
678 3949 954 4018 consolandos-oto·

648 316 756 380 psas
778 311 945 387 curura.
961 337 1001 356 -
1016 279 1260 382 nonnosum.
1291 393 1294 398 Ι

1716 309 1776 371 410

986 467 1086 532 morbo
1097 482 1251 542 oppressus
1261 465 1429 538 decubabat,
1439 465 1494 525 iter
1503 463 1679 540 aggreditur.
1693 467 1779 542 Cuius

987 557 1171 616 fluctuantem
1200 557 1339 626 animum,
1362 555 1461 626 verba,
1480 562 1510 613 et
1532 557 1642 615 itineris
1660 571 1778 616 eausam

986 645 1055 704 dum
1074 647 1139 719 pius
1157 645 1371 704 Patereoelitua
1382 646 1511 718 agnovit,
1534 645 1607 704 duos
1625 659 1661 703 ex
1680 647 1776 717 socils,

987 735 1139 793 llassaeum
1154 741 1182 792 et
1197 736 1333 804 monem,
1345 734 1374 790 in
1392 749 1542 792 occursum
1555 734 1617 807 eius
1632 736 1717 805 misit,
1730 735 1779 808 qui

988 837 1054 880 eum
1065 823 1192 896 benigne
1206 822 1374 894 reciperent.
1389 843 1400 874 ι
1417 823 1469 894 lte,
1480 823 1581 895 inquit,
1597 822 1777 883 obviamlra·

987 911 1024 968 tri
1047 911 1174 983 lligerio,
1195 911 1243 982 (pri
1260 909 1318 967 huc
1337 925 1384 966 me
1406 910 1498 968 visum
1518 912 1596 969 venit
1614 919 1643 969 et
1659 929 1694 970 er
1714 928 1776 971 mea

989 1006 1069 1072 parte
1084 998 1162 1056 illurn
1177 998 1382 1071 amplexantes,
1397 998 1516 1056 dulciter
1530 1001 1687 1059 salutantes
1697 1009 1725 1060 et
1737 1018 1781 1060 os·
1881 995 1885 1000 ’

989 1085 1127 1155 calantes,
1143 1084 1229 1143 dieite
1242 1085 1291 1154 illi,
1308 1085 1384 1158 quod
1398 1085 1490 1158 ipsum
1506 1102 1564 1158 prae
1578 1086 1710 1146 omnibus
1720 1087 1777 1147 lra-

968 1227 970 1236 .
989 1174 1089 1244 tribus,
1105 1174 1153 1246 qui
1164 1172 1273 1247 degunt
1289 1173 1317 1230 in
1329 1176 1463 1232 universo
1476 1172 1593 1245 mundo,
1609 1176 1675 1233 totis
1686 1178 1778 1234 visce-

990 1262 1069 1320 ribus
1079 1262 1180 1336 diligo.
1196 1261 1302 1331 »Quod
1317 1269 1348 1320 ut
1358 1277 1425 1320 vere
1440 1262 1606 1321 obedientes
1615 1265 1779 1337 compleve-

991 1358 1067 1420 runt,
1091 1350 1238 1409 titubantis
1254 1351 1366 1408 animus
1385 1352 1513 1408 omnimo
1533 1350 1661 1411 firmatur
1672 1354 1702 1412 in
1715 1353 1781 1426 lide,

992 1447 1020 1498 et
1036 1446 1109 1496 totus
1127 1435 1214 1496 homo
1241 1437 1336 1496 subito
1355 1445 1399 1496 est
1415 1439 1583 1512 liquefactus
1604 1457 1640 1499 cx
1663 1441 1782 1516 gaudio,

992 1531 1052 1586 Deo
1067 1541 1136 1600 ergo
1149 1529 1258 1600 gratias
1269 1529 1338 1600 agit,
1348 1526 1423 1600 quod
1434 1543 1602 1601 prosperum
1617 1529 1715 1588 lecerit
1730 1533 1784 1590 iter

993 1631 1076 1675 suum
1095 1613 1131 1672 ad
1147 1615 1241 1673 locum
1262 1615 1311 1672 ubi
1335 1616 1464 1675 lullrmus
1485 1624 1513 1674 et
1526 1617 1680 1691 languidus
1698 1622 1783 1678 Pater

990 1705 1113 1778 jacebat.
1124 1704 1176 1772 Qui
1186 1704 1408 1778 accessitmagis
1423 1704 1533 1763 fervore
1544 1708 1672 1765 caritatis
1682 1708 1781 1767 ineen-

993 1793 1052 1862 sus,
1068 1807 1154 1864 quam
1167 1793 1293 1866 corporis
1306 1793 1464 1850 autvirium
1483 1795 1585 1852 robore
1597 1795 1735 1867 firmatus,
1752 1798 1782 1854 iu

994 1896 1143 1940 occursum
1157 1879 1220 1953 eius
1230 1881 1328 1951 exiliit,
1342 1889 1370 1940 et
1380 1881 1416 1938 ad
1428 1883 1532 1939 collum
1543 1884 1605 1956 eius
1620 1885 1782 1958 procidens,

995 1978 1114 2044 paterno
1138 1968 1241 2026 allecta
1263 1969 1324 2027 ait:
1343 1992 1355 2021 ‹
1376 1969 1530 2029 carissime
1564 1973 1661 2044 lugeri
1681 1990 1689 2030 :
1712 1975 1786 2032 iuter

995 2073 1096 2116 omnes
1113 2057 1225 2128 lratres,
1241 2058 1289 2130 qui
1304 2064 1369 2115 sunt
1382 2059 1411 2116 in
1423 2065 1482 2116 toto
1497 2059 1613 2130 mundo,
1629 2067 1658 2118 te
1676 2076 1712 2119 ex
1726 2069 1787 2119 toto

995 2146 1081 2205 corde
1100 2148 1200 2204 intime
1221 2145 1320 2219 dillgo,
1345 2149 1381 2204 Et
1399 2145 1483 2205 lronti
1500 2149 1563 2222 eius
1583 2150 1788 2224 arnolsimpri·.

997 2250 1078 2294 mens
1091 2236 1218 2308 signum,
1235 2242 1263 2292 et
1277 2235 1374 2294 oscula
1392 2235 1494 2294 eodem
1505 2236 1568 2294 loco
1586 2237 1710 2311 inligans
1724 2239 1764 2296 ait
1779 2257 1787 2296 :

997 2323 1150 2384 carissime
1166 2323 1215 2393 illi,
1227 2321 1290 2381 hec
1308 2325 1427 2381 tentatio
1449 2323 1515 2382 data
1530 2332 1574 2384 est
1586 2326 1636 2383 tibi
1647 2326 1683 2384 ad
1697 2329 1788 2386 maxi-

998 2427 1077 2470 mum
1097 2419 1177 2470 tuum
1203 2408 1371 2484 prolectam.
1398 2410 1453 2470 Sed
1484 2413 1509 2469 si
1527 2428 1585 2472 non
1604 2415 1648 2472 vis
1668 2417 1791 2490 amplius

999 2498 1162 2574 huJusmodi
1181 2499 1301 2570 luemm,
1317 2500 1394 2557 nulla
1412 2499 1461 2558 tibi
1481 2501 1510 2556 in
1528 2509 1673 2574 posterum
1688 2519 1789 2578 super·
1810 2485 1814 2491 ¹

999 2589 1096 2647 veniet
1109 2587 1418 2648 tentadoautalillctio.
1437 2587 1587 2648 »Mirabile
1600 2590 1676 2650 dictu
1692 2609 1699 2650 :
1716 2609 1790 2666 prae·

1000 2691 1067 2736 sens
1081 2677 1176 2736 statim
1193 2676 1310 2734 evanuit
1328 2677 1458 2747 tentatio,
1475 2691 1530 2736 nec
1543 2679 1600 2738 ulla
1614 2688 1712 2754 postea
1725 2697 1791 2742 sue·

1001 2767 1087 2824 cessit
1101 2764 1218 2824 afflicdo
1232 2763 1285 2840 (l).

1231 2885 1462 2997 oonaoouruu
1482 2927 1560 2988 xxa.

1003 3051 1136 3122 Moenum
1163 3050 1256 3108 maere
1273 3049 1399 3109 bllatores
1417 3049 1448 3108 ia
1471 3049 1597 3110 adverus
1617 3052 1796 3124 patient-lam.

1039 3172 1168 3244 Quodam
1182 3187 1218 3230 ex
1227 3173 1315 3230 sociis
1325 3181 1481 3246 querente,
1493 3189 1557 3247 que
1567 3176 1694 3248 etqualia
1710 3176 1799 3236 ilino·

1004 3263 1083 3320 ribus
1100 3261 1159 3320 sint
1172 3259 1306 3334 patienda
1321 3268 1370 3319 aut
1387 3262 1547 3332 toleranda,
1568 3272 1597 3322 et
1610 3264 1726 3324 beatum
1741 3267 1796 3324 Pa·

1005 3354 1078 3406 trem
1088 3347 1262 3421 inpatientia
1276 3346 1508 3420 probatissimum
1518 3348 1640 3422 dicente,
1653 3351 1701 3408 ait.
1713 3373 1725 3402 ‹
1735 3353 1799 3410 Non

1006 3435 1222 3508 maledicerem
1237 3434 1363 3506 lratrem,
1377 3437 1432 3494 nisi
1450 3437 1479 3494 in
1491 3445 1576 3508 statu,
1589 3453 1675 3512 quern
1687 3439 1738 3498 tibi
1748 3438 1799 3498 de·

1007 3525 1135 3598 pinxere.
1148 3526 1223 3582 Ecce
1237 3539 1288 3597 pro
1304 3527 1361 3581 mel
1374 3523 1460 3583 oflicii
1481 3527 1601 3597 ratione,
1615 3535 1643 3584 et
1654 3536 1686 3586 ut
1698 3528 1799 3602 prela·

1008 3620 1100 3673 torum
1111 3627 1175 3670 mos
1184 3620 1237 3682 est,
1247 3611 1321 3670 vado
1329 3612 1366 3670 ad
1374 3615 1541 3686 capitulum,
1549 3618 1691 3674 convenio
1700 3616 1803 3674 iratres
1910 3605 1913 3612 ’

1008 3700 1113 3760 ibidem
1140 3707 1344 3773 congregatos,
1372 3716 1501 3777 propono
1530 3705 1574 3761 eis
1599 3705 1651 3762 bei
1670 3704 1800 3774 verbum,

1009 3802 1179 3848 commoneo
1206 3787 1243 3844 de
1267 3787 1424 3847 defectibus
1447 3788 1681 3863 quibuscumque.
1695 3792 1804 3861 Quibus

1010 3877 1129 3949 expletis
1147 3876 1300 3948 insurgunt
1322 3883 1488 3934 contremo
1512 3876 1622 3948 fratres,
1647 3888 1675 3937 at
1691 3879 1803 3938 dieunt:

1010 3967 1074 4025 Non
1089 3965 1226 4022 convenis
1245 3963 1337 4034 nobis,
1358 3979 1411 4022 neo
1428 3966 1498 4023 sads
1513 3981 1545 4024 es
1559 3967 1803 4041 ideoneus'gene-

197 4051 506 4127 poomqueSoactorum
518 4060 575 4102 esee
583 4035 958 4116 profectomtaotadoaibus

199 4141 319 4201 coecati.

1011 4053 1078 4112 ralis
1093 4060 1142 4110 aut
1153 4053 1312 4126 Superioris
1323 4050 1418 4111 allicio
1433 4071 1441 4112 ε
1458 4054 1525 4128 quid
1541 4056 1619 4114 enim
1634 4055 1716 4114 nobis
1728 4062 1806 4114 reete
1851 4115 1853 4122 ,

1013 4141 1177 4214 praecipere,
1186 4141 1329 4215 quemme
1338 4140 1412 4200 bene
1425 4143 1588 4216 gubernare
1603 4145 1705 4218 poterit
1718 4145 1806 4204 homo

200 4257 245 4317 Ad
259 4253 397 4327 majorem
407 4251 573 4309 meritorum
583 4245 728 4305 cumulum
741 4241 871 4318 permisit
881 4241 959 4298 beas
1013 4231 1187 4301 illiteratus,
1202 4231 1337 4305 elinguis,
1347 4230 1446 4302 ἰᾱῑῡῑθ,
1464 4240 1492 4291 et
1505 4234 1651 4308 simplex?
1670 4234 1751 4294 Unde
1769 4233 1807 4292 (¹0

164 4349 280 4407 beatum
312 4341 429 4400 lratrern
454 4338 612 4412 lligerium,
641 4350 677 4393 ex
707 4331 855 4405 discipulis
880 4327 959 4386 beati
1013 4327 1109 4380 cetero
1122 4335 1178 4378 non
1193 4334 1351 4393 presumas
1364 4328 1391 4379 te
1401 4328 1530 4380 nostrum
1539 4323 1688 4381 nominare
1703 4324 1804 4397 prela·

165 4435 259 4496 patras
281 4430 473 4500 unaminiter
495 4426 591 4483 varias
610 4431 639 4480 et
659 4420 770 4480 validas
788 4417 961 4477 tentationes
1015 4417 1084 4468 tum.
1104 4407 1231 4466 Tandem
1255 4408 1353 4482 ejicior
1371 4423 1437 4468 cum
1464 4411 1624 4484 approbrio,
1647 4413 1756 4482 irrisus,
1778 4419 1806 4470 et

166 4521 313 4583 multoties
323 4520 471 4585 lluctuare,
486 4515 525 4574 ita
538 4521 569 4571 ut
583 4511 733 4584 aliquoties
753 4505 961 4581 desperationis
1014 4499 1170 4574 vilipensus
1186 4497 1221 4555 ab
1231 4498 1373 4556 omnibus.
1387 4499 1526 4568 bieotibi,
1541 4500 1596 4557 nisi
1609 4499 1710 4558 eodem
1717 4501 1805 4569 vultu,

167 4611 324 4688 periculum
334 4606 451 4667 subiret.
465 4605 535 4663 cam
545 4615 614 4659 rere
622 4599 713 4658 semel
722 4597 840 4666 diutius,
855 4600 885 4652 et
899 4595 962 4668 plus
1016 4587 1117 4646 eadam
1131 4585 1236 4644 naeuus
1251 4586 1358 4656 laetitia,
1370 4594 1399 4644 at
1412 4586 1514 4645 eodem
1529 4589 1688 4645 sanctitatis
1703 4603 1806 4660 propo·

167 4702 253 4760 solito
268 4696 430 4756 firmissime
446 4697 623 4766 quateretur,
644 4700 742 4746 secum
759 4687 797 4742 ita
812 4682 960 4757 cogitavit,
1016 4676 1071 4734 sito
1086 4675 1149 4734 haec
1166 4674 1253 4733 verba
1269 4673 1395 4747 audiero,
1417 4689 1452 4732 ac
1471 4676 1525 4733 alia
1545 4690 1732 4748 precumque
1746 4677 1806 4750 pla·
1824 4669 1826 4672 ’
1918 4709 1921 4714 -

1017 4765 1122 4834 centia,
1140 4765 1186 4822 vel
1205 4778 1269 4836 quaa
1288 4763 1320 4820 in
1341 4763 1478 4820 bonorem
1501 4778 1598 4820 meum
1619 4762 1809 4836 proferuntur,

170 4790 269 4849 diceus
280 4803 287 4844 :
297 4788 428 4856 sarpam,
437 4786 462 4838 et
475 4780 518 4837 ibo
528 4778 565 4836 ad
576 4778 691 4834 Patrem
703 4789 794 4832 meum
804 4771 961 4848 (bucmar,

1018 4867 1064 4912 me
1086 4850 1200 4910 lratrem
1221 4853 1360 4911 Minorem
1381 4865 1562 4924 nequaquam
1578 4851 1721 4924 judicabo.
1737 4855 1810 4912 llam

171 4877 218 4952 llll
235 4891 242 4933 :
259 4875 305 4949 qui
325 4869 541 4930 allamiliaritar
560 4873 589 4923 et
607 4864 734 4922 humane
755 4877 802 4919 ma
814 4860 962 4932 receperit,

170 4969 263 5024 Deum
278 4961 349 5020 milri
362 4960 421 5017 lore
436 4957 588 5032 propitium
604 4950 725 5025 sperabo
733 4965 743 5022 ;
758 4950 802 5008 sin
815 4949 904 5016 aliter,
917 4961 964 5004 me
1019 4943 1042 5000 si
1066 4940 1180 5015 gaudeo
1209 4948 1238 4997 et
1260 4941 1354 4999 exulto
1371 4955 1437 4998 cum
1464 4955 1510 4997 me
1534 4939 1676 5001 honorant
1697 4952 1812 5016 propter

171 5054 296 5113 totaliter
331 5047 517 5120 derequuisse
550 5042 695 5116 judicabo.
730 5038 837 5109 Quibus
864 5035 963 5103 dictIs,
1019 5029 1190 5106 proiectum,
1219 5029 1368 5098 virtutem,
1397 5036 1426 5086 et
1454 5027 1636 5088 devotionem
1667 5033 1810 5104 ipsorum,

173 5145 227 5201 iter
249 5157 265 5199 a
285 5137 412 5199 llarcbia
429 5135 607 5194 Anconitana
627 5128 767 5188 Assisium
787 5139 897 5194 versus,
916 5122 966 5200 ,not
1019 5119 1068 5179 ubi
1091 5127 1188 5178 tamen
1215 5118 1319 5176 animae
1345 5132 1417 5175 mese
1446 5118 1603 5198 periculum
1625 5134 1690 5177 esse
1706 5128 1811 5193 potest,

172 5233 275 5290 beatus
287 5229 372 5288 Pater
385 5226 415 5282 in
434 5223 516 5283 Curia
531 5219 686 5294 episcopali
703 5229 810 5290 magno
825 5221 854 5272 et
866 5213 966 5270 ultimo
1021 5209 1110 5268 multo
1124 5208 1218 5282 magle
1230 5205 1321 5264 debeo
1337 5205 1488 5278 jucundari
1505 5215 1535 5265 et
1549 5207 1683 5266 delectari
1696 5209 1732 5267 de
1746 5224 1811 5282 pro·

1022 5359 1087 5420 med
1094 5375 1102 5431 ;
1112 5358 1224 5443 fl9d¹¹¹a
1233 5356 1279 5429 lla,
1287 5357 1315 5414 in
1328 5357 1632 5428 VltaRiperii;Anton.
1643 5360 1766 5419 Floreat.
1774 5364 1814 5420 lll

1023 5432 1189 5560 bareliaca,
1202 5435 1245 5486 ut.
1262 5429 1306 5496 23,
1322 5443 1348 5485 c.
1362 5429 1389 5496 2,
1397 5427 1586 5556 {33Viucent
1601 5431 1725 5500 Belvac,
1740 5435 1813 5504 11p.,

1050 5506 1109 5570 ast„
1128 5501 1147 5558 l.
1170 5501 1219 5567 al,
1243 5513 1269 5556 c.
1295 5499 1367 5570 1003
1414 5501 1504 5570 pecul.
1530 5501 1646 5572 Ferrato„
1668 5500 1716 5559 Iol.
1743 5502 1814 5573 ¹493

1024 5569 1263 5643 Floretum,a.26.

212 5379 374 5454 (l).Pisan.,
391 5373 438 5432 lib.
456 5374 493 5442 ll,
503 5372 585 5442 Cous.
597 5371 649 5427 let
663 5369 690 5426 6.

213 5449 378 5524 (illisam,
394 5445 442 5502 lib.
457 5444 484 5512 2,
500 5443 580 5513 Coos.
594 5441 619 5498 6.

227 5523 255 5592 3)
272 5519 379 5586 pisan,
411 5514 519 5572 roxime
532 5513 643 5570 citatus.

226 5593 255 5662 i)
275 5531 442 5657 Pisan.,Iib.
454 5584 562 5666 adeas.
572 5583 599 5651 8,
610 5583 641 5638 in
651 5579 719 5662 'Vita
730 5576 968 5648 Fratrialliperii,

181 5665 209 5721 in
230 5667 310 5719 tract.
330 5660 368 5714 lia
385 5651 681 5714 Proamcaallorcluoe
689 5666 700 5719 ;
715 5651 786 5708 Bou.
804 5665 829 5706 e.
847 5649 890 5717 ll,
907 5655 970 5720 post
