4226 6406
304 286 364 348 ⁴87
777 291 831 351 An
858 289 996 353 OPERA
1024 291 1057 352 S.
1080 289 1255 353 ΑΝΤΟΝΙΙ
1282 291 1470 354 PADUANI
1888 294 1948 357 488

346 447 427 511 Viro
453 447 561 510 autem
595 447 666 520 Dei,
703 449 941 527 praedicatione
964 451 1096 524 exacta,
1151 451 1338 512 remiactus
1348 451 1511 520 devotior,
1520 465 1690 528 nunquam
1702 450 1803 514 uxori
1815 449 1947 528 deinde,

307 563 403 608 suum
424 545 464 607 ad
486 549 683 607 conventum
700 547 840 620 occulte,
862 562 902 609 ac
920 549 1017 610 devia
1039 564 1099 625 per
1152 563 1193 609 ne
1207 549 1272 609 iret
1283 548 1325 609 ad
1341 548 1623 624 praedicationem,
1638 547 1795 610 inhibuit.

306 645 378 705 loca
392 641 544 704 redeunti
560 641 596 704 tlt
615 642 747 704 obviam
763 643 909 705 foemina.
931 648 976 706 lia
992 645 1097 706 fllium
1191 645 1306 722 Neque
1325 661 1405 707 vero
1422 659 1545 722 paucos
1564 644 1767 707 dormientes
1786 662 1846 722 per
1866 663 1949 710 noo·

304 755 443 818 puerum
466 739 618 814 pedibus,
638 740 857 818 manibusque
879 745 1096 815 contractum,
1152 743 1218 803 tem
1244 757 1408 818 apparens
1440 741 1600 804 excitavit
1632 744 1780 815 sanctus,
1806 745 1950 806 nomine

304 839 484 914 expectans
504 838 667 910 sanctum,
691 854 803 900 coram
825 839 978 914 babebat,
1000 839 1097 916 plena
1152 838 1300 914 singulos
1314 854 1450 910 vocans,
1472 855 1511 900 ae
1531 854 1682 911 monens,
1708 841 1744 901 ut
1762 840 1822 901 alii
1842 840 1945 912 aliud,

304 951 364 1012 spe
385 935 500 1006 fllium,
527 935 555 995 si
582 935 679 996 modo
701 935 955 998 benediceretur
975 953 996 999 a
1016 937 1098 1000 Viro
1152 935 1238 1011 quod
1267 938 1440 1011 peccatum
1478 935 1645 997 occultum
1672 951 1747 997 esse
1778 939 1947 1014 putarent,

303 1033 374 1104 Dei,
402 1032 475 1093 sine
499 1031 599 1093 dubio
624 1033 817 1094 valiturum.
844 1035 907 1094 Sed
932 1035 1039 1112 ipsam
1062 1036 1099 1096 ut
1129 1032 1400 1104 confiterentur,
1426 1047 1466 1092 ac
1492 1033 1703 1108 poeniterent.
1736 1035 1803 1110 lpsi
1836 1040 1948 1096 autem

302 1129 396 1201 vidit,
414 1127 603 1191 declinabat
624 1131 770 1192 sanctus.
794 1132 915 1192 Contra
934 1147 1015 1193 vero
1036 1131 1099 1193 loe-
1152 1131 1339 1204 surgentes,
1354 1130 1388 1190 et
1402 1129 1613 1192 mirabantur
1624 1127 1665 1189 ob
1677 1130 1840 1192 visionem
1853 1131 1949 1192 cubi-

302 1227 395 1288 mina
413 1227 602 1304 lacrymans
623 1241 744 1303 magna
766 1228 974 1290 exclamabat
994 1243 1095 1290 voce:
1151 1225 1239 1286 libus
1253 1226 1388 1298 clausis,
1412 1227 1444 1287 et
1465 1225 1698 1302 obstupebant,
1720 1227 1807 1304 quod
1827 1228 1950 1304 praeter

302 1327 484 1396 moerere,
509 1327 679 1406 miserere
705 1325 826 1386 Pater.
860 1325 984 1387 Aderat
1014 1326 1098 1387 torte
1152 1325 1267 1394 Deum,
1281 1323 1338 1400 qui
1354 1323 1447 1385 novit
1465 1323 1591 1425 omniad
1606 1323 1640 1384 id
1662 1326 1833 1400 peccatum
1850 1339 1948 1387 nemo

303 1437 377 1483 eum
402 1435 442 1482 eo
466 1421 577 1482 socius
602 1423 675 1498 ejus
701 1421 819 1483 beatus
844 1423 964 1483 Lucas.
992 1423 1099 1499 Hujus
1152 1418 1263 1480 sciret
1277 1419 1439 1480 Caeterum
1454 1419 1489 1480 in
1510 1420 1720 1482 consessione
1737 1421 1797 1482 Vir
1811 1423 1871 1482 Dei
1885 1437 1949 1484 au-

303 1517 535 1579 adbortatlona
555 1518 616 1579 Vir
637 1517 697 1579 Dei
719 1517 888 1580 loemlnam
903 1519 1097 1582 exaudivit:
1152 1515 1247 1576 diens
1260 1517 1481 1588 Leonardum,
1505 1517 1562 1594 qui
1582 1533 1619 1578 se
1638 1517 1751 1580 animo
1766 1517 1854 1580 irato
1874 1535 1950 1580 ma-

235 1657 238 1670 .
301 1613 389 1676 iacto
402 1614 491 1676 enim
511 1615 620 1676 crucis
635 1615 742 1691 signo,
766 1616 815 1676 uti
834 1615 966 1692 petebat
979 1617 1098 1688 mater,
1152 1615 1236 1674 trem
1251 1613 1334 1690 pede
1348 1613 1474 1702 diceret
1489 1615 1707 1690 percussisse,
1721 1615 1864 1692 quodam
1879 1616 1950 1694 spi-

302 1727 442 1789 puerum
462 1711 644 1773 benedixit.
670 1713 740 1773 Nec
760 1727 852 1773 mora
872 1730 879 1773 :
897 1728 999 1774 sanus
1019 1713 1097 1790 qui·
1152 1711 1237 1772 ritus
1252 1710 1383 1772 fervore
1404 1711 1446 1772 ad
1471 1714 1681 1788 peccatorem
1706 1712 1814 1789 inquit
1833 1735 1842 1774 ε
1864 1719 1947 1786 Pes,

302 1809 389 1881 dem,
415 1811 449 1871 et
473 1807 559 1868 liber
581 1808 690 1870 subito
715 1808 823 1870 iaetus
856 1825 940 1886 puer
965 1809 1098 1870 domum
1152 1811 1211 1882 qua
1220 1810 1375 1882 percutit
1393 1811 1545 1884 patrem,
1561 1811 1623 1871 out
1638 1810 1801 1884 matrem,
1820 1825 1949 1885 empse

302 1921 377 1967 cum
403 1906 509 1966 matre
537 1905 609 1965 suis
636 1905 776 1982 pedibus
811 1906 922 1968 rediit.
957 1907 1098 1968 Sanctus
1154 1905 1282 1967 tattone
1311 1909 1436 1982 diacus
1470 1906 1532 1967 est.
1565 1905 1626 1968 llle
1658 1907 1770 1968 autem
1807 1906 1950 1984 simplex

302 2017 384 2064 vero
403 2001 529 2078 gratias
551 2005 618 2063 Deo
637 2017 752 2078 agens,
773 2003 906 2064 mulieri
929 2003 1096 2080 praecepit,
1153 2001 1263 2074 homo,
1279 2003 1312 2063 et
1328 2003 1436 2064 sancti
1455 2002 1557 2064 verba
1576 2003 1693 2064 rudem
1715 2003 1757 2064 ad
1777 2003 1947 2076 corticem,

304 2115 347 2161 ne
362 2099 447 2177 quod
463 2098 585 2161 lactum
601 2099 701 2171 esset,
717 2113 753 2160 se
767 2101 856 2172 vivo,
873 2102 1027 2177 cuiquam
1042 2099 1099 2161 ho-
1152 2115 1218 2160 non
1234 2098 1275 2160 ad
1294 2099 1471 2161 medullam
1488 2100 1690 2176 intelligens,
1713 2102 1751 2162 nt
1767 2099 1868 2162 rediit
1887 2100 1950 2162 do-

304 2197 431 2258 minum
459 2196 634 2257 indicaret.
660 2196 810 2258 Puellam
837 2213 969 2274 quoque
992 2211 1100 2258 anno-
1152 2213 1254 2268 mum,
1270 2211 1336 2274 quo
1349 2198 1488 2258 matrem
1502 2199 1723 2274 percusserat,
1744 2198 1861 2274 pedem
1874 2197 1949 2274 gla-

304 2309 379 2356 rum
403 2294 568 2371 quatuor:
585 2293 763 2355 Petribaec
784 2293 853 2355 tilia
875 2295 958 2368 erat,
981 2296 1015 2356 et
1031 2283 1099 2356 ra·
1153 2295 1208 2355 dio
1221 2293 1396 2356 mutilavit.
1413 2296 1540 2356 Rumor
1550 2309 1631 2356 vero
1649 2295 1734 2356 tanti
1755 2295 1879 2371 piaculi
1895 2295 1948 2356 ei-

304 2393 415 2453 duana
444 2392 578 2452 nomine
609 2389 802 2460 vocabatur,
839 2407 912 2468 quae
947 2391 1098 2453 morbum
1152 2392 1288 2452 vitatem
1324 2389 1479 2467 implens,
1507 2390 1601 2454 brevi
1640 2391 1682 2453 ad
1713 2391 1821 2454 sancti
1847 2406 1948 2453 aures

305 2488 475 2566 pateretur
500 2487 674 2560 caducum,
711 2488 810 2566 atque
835 2489 955 2566 pedum
982 2505 1099 2564 gressu
1154 2501 1258 2564 usque
1276 2487 1438 2563 pervenit.
1458 2489 1541 2547 Tum
1563 2488 1699 2548 sanctus
1714 2486 1884 2548 serendam
1903 2487 1945 2548 ad

304 2587 447 2664 privata,
463 2600 551 2646 nunc
565 2581 713 2661 reptaret
730 2599 869 2662 corpore
889 2588 926 2648 ut
948 2601 1097 2664 serpens,
1153 2600 1248 2661 opem
1261 2583 1381 2646 festine
1391 2599 1582 2656 accurrens,
1594 2583 1745 2645 oratione
1758 2599 1837 2646 mox
1846 2584 1945 2656 lacta,

304 2697 394 2744 nuno
417 2681 579 2744 beneflcio
599 2698 756 2744 manuum
781 2697 840 2759 pro
864 2681 1002 2760 pedibus
1025 2683 1100 2745 ute-
1153 2681 1244 2743 cruri
1269 2679 1386 2758 pedem
1408 2679 1573 2757 adjunxit.
1607 2679 1690 2742 inde
1716 2681 1826 2742 crucis
1851 2681 1949 2757 signo

304 2780 409 2852 retur,
435 2778 579 2840 oblatam
605 2777 681 2852 sibi,
714 2779 836 2842 duma
862 2781 1100 2858 praedicatione
1153 2779 1275 2856 saepius
1300 2776 1511 2864 benedicens,
1546 2793 1587 2839 ac
1616 2793 1718 2839 manu
1744 2777 1947 2851 demulcens,

304 2875 440 2948 rediret,
466 2875 575 2938 crucis
604 2876 746 2953 signum,
771 2876 972 2940 benedicens
996 2893 1016 2939 n
1042 2893 1100 2940 ca·
1153 2892 1220 2944 non
1232 2877 1309 2938 ante
1321 2875 1486 2947 discessit,
1499 2891 1598 2952 quam
1610 2874 1836 2951 redintegrato
1849 2891 1950 2938 mem·

304 2973 373 3052 pite
387 2973 428 3034 ad
444 2973 544 3051 pedes
556 2989 673 3051 usque,
688 2988 789 3035 manu
806 2973 894 3036 lecit.
912 2977 988 3052 Ipsa
1006 2989 1098 3048 vero,
1153 2974 1213 3035 bro
1233 2974 1287 3034 vir
1305 2971 1374 3045 ille,
1394 2973 1432 3034 ut
1451 2972 1556 3049 prius,
1577 2987 1691 3045 sanus,
1715 2973 1748 3034 et
1770 2973 1951 3034 incolumis

306 3072 343 3133 ut
361 3071 517 3148 sperabat
534 3072 641 3148 pater,
662 3087 740 3132 mox
759 3072 877 3134 sanata
892 3075 953 3134 est.
977 3071 1100 3134 Praedi·
1153 3069 1350 3132 ambularet.

305 3167 457 3230 daturum
480 3169 588 3246 ipsum
607 3168 649 3228 ad
672 3169 870 3246 campestria
891 3169 1027 3231 nobilia
1044 3167 1099 3229 ia·
1192 3167 1470 3244 Temporeantem
1479 3167 1945 3244 metendaesegetisreniente,

305 3265 398 3326 milia
412 3265 698 3342 muliersequens,
713 3265 798 3328 sorte
810 3267 996 3343 angustoin
1010 3267 1100 3329 tran·
1153 3265 1252 3326 bomo
1266 3265 1338 3336 Dei,
1355 3266 1392 3325 ut
1410 3262 1516 3326 bouus
1539 3266 1634 3340 pater
1652 3265 1830 3328 consulens
1855 3265 1945 3328 ciri-

305 3362 383 3435 situ,
419 3377 575 3440 pressura
611 3362 855 3426 transeuntium
892 3364 1097 3442 impellente,
1152 3363 1225 3435 tati,
1243 3377 1341 3439 quam
1358 3363 1461 3424 totam
1481 3377 1541 3438 per
1562 3362 1869 3438 Quadragesimam,
1890 3364 1949 3424 at-

305 3474 469 3536 aquosum
494 3458 530 3519 in
556 3457 662 3520 lutum
687 3457 844 3536 prolapsa
871 3462 932 3522 est.
961 3459 1100 3522 Erubuit
1153 3475 1217 3538 que
1241 3459 1360 3521 deinde
1389 3458 1424 3519 in
1457 3461 1670 3520 Pentecostes
1694 3475 1801 3536 usque
1821 3458 1950 3536 praedi-

305 3555 437 3635 quidem
458 3555 580 3617 nobilis
596 3555 742 3629 foemina,
757 3557 843 3634 quod
855 3559 948 3620 muta
965 3557 1099 3620 ridente
1153 3555 1251 3618 candi
1270 3555 1502 3617 assiduitatem
1518 3554 1692 3628 babuerat,
1714 3557 1826 3632 posuit
1847 3555 1950 3632 peni-

303 3653 515 3716 multitudine
529 3653 723 3730 imprudens
742 3654 938 3717 cecidisset:
957 3655 1013 3716 sed
1034 3654 1098 3717 do·
1153 3656 1217 3715 tas.
1235 3653 1278 3715 Sa
1296 3665 1389 3725 vero,
1408 3653 1445 3714 ut
1458 3651 1596 3713 liberius
1611 3652 1745 3714 interim
1761 3651 1950 3714 scribendis

303 3750 394 3812 lebat
407 3751 525 3828 magis,
542 3750 628 3827 quod
645 3750 733 3812 domi
750 3751 804 3814 vir
817 3750 913 3814 ferox
927 3753 1026 3825 esset,
1042 3736 1099 3830 qui
1154 3748 1370 3814 sermonibus
1379 3751 1509 3826 tempus
1524 3748 1629 3820 daret,
1643 3749 1678 3810 i'n
1693 3747 1809 3811 villam
1823 3749 1948 3812 contu·

303 3863 388 3922 eam,
418 3849 488 3910 tum
517 3847 558 3910 ob
585 3847 778 3924 inquinatas
806 3850 928 3922 restes,
958 3852 1030 3912 tum
1057 3849 1099 3912 ob
1154 3849 1202 3911 lit.
1219 3845 1438 3909 EaPaduano
1451 3846 1485 3906 in
1500 3861 1584 3922 agro
1596 3845 1672 3918 sita,
1685 3847 1828 3923 Campus
1839 3845 1949 3908 sancti

304 3961 402 4007 casus
421 3944 657 4006 verecundiam
681 3945 871 4021 castigaret.
891 3948 1007 4009 Tacita
1028 3947 1100 4009 baec
1154 3945 1244 4008 Petri
1260 3943 1395 4006 nomine
1407 3942 1606 4020 appellatur.
1620 3943 1810 4005 oratorium
1828 3942 1876 4004 ibi
1888 3943 1951 4004 de-

303 4040 414 4101 mente
433 4053 545 4099 secum
567 4039 783 4116 illacrymans
808 4041 914 4102 sancti
934 4041 1100 4102 auxilium
1153 4044 1266 4105 votum
1293 4041 1349 4118 qui
1372 4039 1583 4112 residebant,
1609 4041 1743 4102 Fratres
1768 4039 1947 4101 habebant.

305 4135 506 4212 imploravit.
532 4133 612 4194 lnde
635 4135 746 4196 autem
771 4151 922 4212 surgens,
946 4153 1041 4200 suam
1065 4139 1100 4198 in
1155 4143 1322 4200 Generosa
1349 4152 1521 4216 quoquee
1549 4135 1677 4199 familia
1705 4137 1951 4215 Campisanoti·

304 4232 392 4294 viam
420 4229 595 4290 maculatis
630 4245 793 4308 nusquam
823 4233 972 4295 restibus
1006 4234 1098 4296 abiit.
1155 4236 1239 4314 petri
1265 4236 1340 4297 :sic
1360 4234 1447 4296 enim
1468 4235 1576 4311 ipsam
1600 4234 1773 4295 enomine
1795 4233 1861 4294 loci
1884 4247 1949 4294 vo·

304 4327 546 4390 Praedicantem
561 4328 713 4388 sanctum
731 4328 799 4389 alia
814 4321 901 4392 uxor
917 4331 966 4391 ire
983 4329 1101 4392 audire
1154 4334 1243 4406 cant,
1260 4325 1376 4394 aderat
1389 4331 1442 4392 vir
1457 4329 1590 4401 nobilis,
1605 4344 1646 4392 ac
1658 4329 1797 4392 devotus
1810 4331 1899 4391 Tiso.
1915 4332 1949 4391 is

305 4441 325 4488 a
352 4424 471 4488 marito
499 4421 678 4500 prohibita,
706 4439 780 4486 sese
815 4427 910 4503 quasi
944 4427 1100 4490 auditura
1155 4430 1261 4517 sancti
1285 4429 1358 4491 Viri
1375 4431 1473 4506 jussu
1488 4426 1590 4489 cellas
1609 4428 1678 4489 tres
1700 4427 1820 4489 storeis
1835 4427 1949 4503 septas

305 4521 596 4603 praedicationem:
616 4535 677 4582 neo
691 4521 757 4583 duo
770 4522 811 4584 ad
824 4523 930 4585 millia
943 4539 1100 4602 passuum
1155 4527 1242 4588 inter
1260 4540 1389 4602 magnae
1416 4525 1512 4586 nucis
1543 4525 1694 4600 patentes
1720 4539 1831 4585 ramos
1857 4523 1947 4585 iecit.

305 4621 457 4700 proxima
477 4618 561 4691 erat,
587 4617 742 4680 fenestrae
761 4619 869 4693 haesit,
891 4625 923 4683 et
947 4622 1041 4684 illam
1064 4623 1100 4683 in
1156 4627 1262 4686 Unam
1279 4625 1439 4696 Sanctus3
1462 4621 1556 4692 duas,
1583 4620 1640 4699 qni
1661 4621 1727 4688 dno
1742 4621 1838 4682 erant
1852 4620 1949 4688 socii,

304 4719 488 4795 regionem,
503 4729 569 4793 qua
584 4715 777 4792 praedicatio
792 4715 897 4790 fleret,
913 4733 1033 4795 magna
1048 4720 1102 4782 de·
1155 4723 1274 4792 Lucas,
1288 4719 1496 4794 etRugerius
1511 4717 1710 4780 babuerunt.
1725 4717 1803 4780 liaeo
1828 4717 1949 4780 Sancto

304 4817 439 4878 votione
454 4813 672 4890 prospiciens,
694 4811 784 4874 baud
803 4814 928 4887 minus,
952 4817 1101 4893 quamsi
1156 4818 1243 4879 inter
1262 4817 1420 4878 mortales
1450 4815 1568 4877 domus
1591 4816 1758 4892 postrema
1787 4813 1859 4876 luit.
1884 4813 1948 4874 Hic

304 4926 417 4974 coram
431 4909 574 4982 adesset,
592 4923 665 4986 quae
681 4913 819 4972 sanctus
834 4911 971 4985 diceret,
989 4914 1101 4974 omnia
1155 4915 1245 4975 enim
1270 4915 1330 4974 Vir
1357 4913 1417 4975 Dei
1443 4910 1561 4974 orabat
1586 4933 1594 4972 ε
1620 4911 1675 4974 hio
1700 4910 1943 4984 meditabatur·,

306 5009 340 5071 et
362 5006 500 5078 audivit,
522 5006 555 5068 et
575 5006 743 5069 intellexit
766 5007 870 5069 clare.
894 5010 1101 5085 Interrogata
1155 5009 1393 5072 bicscribebat.
1401 5009 1643 5070 Mensisantem
1652 5007 1734 5069 Maii
1742 5007 1951 5084 tinepropin-

304 5120 385 5168 vero
409 5119 429 5164 a
454 5103 536 5175 viro,
560 5101 719 5180 quidnam
742 5103 869 5166 tamdiu
894 5105 1027 5168 haerens
1052 5107 1102 5168 ie-
1156 5123 1232 5184 quo,
1244 5106 1391 5168 Paduam
1405 5106 1574 5168 ciuitatem
1590 5119 1633 5166 ex
1647 5103 1715 5166 alto
1730 5103 1948 5180 prospiciens,

305 5202 427 5266 nestrae
441 5199 543 5262 tacita
561 5201 774 5276 expectaret?
793 5201 976 5279 respondit,
994 5203 1029 5265 ut
1043 5217 1103 5264 ve-
1156 5206 1254 5282 atque
1275 5203 1310 5264 in
1335 5203 1455 5280 spiritu
1478 5200 1645 5273 exultans,
1673 5199 1834 5273 laudavit,
1859 5200 1952 5263 iutu-

305 5301 389 5362 ritas
414 5297 497 5368 erat,
526 5298 678 5358 sanctum
710 5313 746 5358 se
780 5299 1016 5375 predicantem
1041 5315 1103 5360 au·
1155 5316 1294 5378 rumque
1309 5300 1405 5368 dixit,
1422 5299 1507 5378 quod
1523 5313 1563 5361 ea
1581 5297 1647 5359 cito
1662 5313 1782 5374 magno
1797 5312 1951 5358 exorna-

260 5469 268 5482 *
306 5399 390 5460 dire.
406 5398 488 5456 Tum
503 5392 561 5454 ille
576 5392 730 5455 deridens
745 5394 787 5455 ad
804 5394 984 5458 fenestram
997 5397 1099 5468 venit,
1156 5399 1248 5460 retur
1262 5397 1400 5458 bonore.
1417 5395 1452 5458 ld
1476 5396 1590 5473 postea
1615 5394 1739 5458 dictum
1762 5393 1951 5469 audientes,

306 5499 340 5560 et
358 5491 551 5557 auscultans
574 5492 711 5562 attente,
737 5492 786 5552 uti
809 5491 982 5556 asserebat
1003 5506 1100 5566 uxor,
1156 5496 1203 5556 ita
1218 5497 1295 5556 sunt
1309 5493 1530 5572 interpretati,
1544 5494 1581 5554 ut
1595 5491 1792 5569 praedixisse
1805 5489 1951 5552 moritu-

308 5593 458 5657 sanctum
484 5587 718 5668 praedicantem
748 5588 885 5651 audiuit.
920 5589 967 5652 Ob
1003 5606 1101 5667 quam
1156 5607 1229 5653 rum
1245 5593 1423 5664 secito,ac
1438 5603 1667 5667 corpussnum
1678 5586 1952 5650 Paduaereman·
