4114 6396
113 257 171 318 aar
495 257 603 320 anns
631 259 775 320 1111111.
790 288 831 303 -
849 207 1068 322 nnrosrrro
1094 256 1139 320 nt
1168 261 1370 322 assinos
1406 275 1407 284 ¹
1687 263 1748 326 aaa

107 414 313 491 scissamque
341 414 522 492 perturbat,
545 419 581 478 ut
608 417 804 494 sibimetipsi
830 433 896 478 non
950 417 1190 496 debaptism03
1209 420 1335 481 namin
1356 418 1606 496 baptismolott
1624 419 1747 484 iterum
1850 409 1852 412 ’

107 513 281 586 congruat,
294 527 334 573 ao
348 512 549 575 vimintimae
560 513 788 576 similitudinis
799 515 898 575 amit·
950 530 1011 590 per
1021 516 1247 592 poenitentiam
1259 533 1295 577 se
1305 516 1454 579 abluunt.
1465 520 1588 580 Omnes
1594 523 1747 594 nements

106 608 165 668 tat.
180 609 309 678 Quanta
324 623 403 684 ergo
429 609 473 670 sit
495 609 678 671 iracundiae
700 611 797 687 culpa
811 626 896 686 pen·
949 612 1104 684 soetibus;
1119 613 1245 691 in·quc
1265 613 1418 690 signatur
1440 617 1564 694 major,
1583 617 1617 677 et
1637 616 1746 677 minor

106 719 229 780 semus,
250 720 310 782 per
330 721 428 782 quam
448 706 526 766 dum
540 707 757 769 mansuetudo
772 706 898 768 amitti·
951 708 1154 784 poenitentia,
1172 709 1259 770 unde
1281 711 1435 772 Jeremiae
1452 708 1495 790 (2,
1509 709 1565 790 22)
1581 733 1588 771 :
1605 729 1623 772 11
1639 713 1674 773 Si
1694 713 1748 774 la-

105 802 172 873 tur,
196 817 349 878 supernae
371 802 727 878 imaginis-similitudo
746 805 894 866 vitiatur.
949 805 1195 877 veristenitro‚
1207 807 1241 868 et
1253 807 1526 884 multiplicaveris
1537 808 1598 870 tibi
1609 808 1746 870 herbam

106 901 172 960 Per
186 899 283 974 iram,
296 899 428 976 justitia
454 900 672 977 relinquitur;
695 901 803 976 gratia
819 901 896 961 ritae
949 899 1071 972 borith,
1087 901 1253 964 maculata
1267 918 1303 964 es
1321 905 1356 963 in
1371 904 1547 981 iniquitate
1560 908 1617 966 tua
1634 921 1746 968 coram

105 995 241 1057 socialis
267 996 430 1058 amittitur
444 1017 451 1056 ε
465 997 544 1073 quia
567 997 624 1074 qui
639 976 681 1058 se'
693 1013 736 1058 ex
750 997 896 1066 bumana
950 1013 1002 1058 me
1014 1014 1043 1058 a.
1059 999 1089 1060 N
1093 999 1192 1060 itrum
1208 1001 1354 1075 majores
1370 1001 1518 1062 maculas
1534 999 1582 1081 (2)
1598 1002 1701 1079 pellit,
1714 1006 1749 1066 et

103 1092 235 1152 ratione
253 1107 320 1152 non
344 1094 516 1170 temperat,
538 1108 676 1154 necesse
692 1095 754 1167 est,
770 1092 807 1155 ut
820 1093 897 1154 bes-
951 1095 1055 1170 magis
1070 1094 1177 1157 abluit
1190 1111 1318 1172 pannos
1331 1119 1338 1157 :
1352 1101 1475 1159 Borttlt
1488 1113 1567 1160 vero
1583 1099 1745 1174 minores;

102 1187 230 1250 tialiter
253 1189 344 1250 solus
368 1189 471 1252 vivat.
501 1192 540 1252 Et
570 1191 690 1252 iterum
717 1191 896 1266 Gregorius
950 1192 1038 1253 unde
1052 1195 1171 1269 major,
1186 1196 1220 1255 et
1234 1194 1343 1254 minor
1357 1195 1552 1271 poenitentia
1576 1195 1748 1271 signitica-

105 1284 215 1364 (lbid.‚
232 1303 265 1360 n.
285 1288 324 1348 79
339 1288 372 1350 et
384 1285 439 1366 80)
456 1289 729 1364 :scogitationes
743 1289 895 1348 iracundi
949 1289 1014 1360 tur,
1032 1288 1152 1365 quibus
1167 1289 1287 1352 debent
1300 1305 1336 1350 so
1350 1290 1523 1352 mundare.
1541 1293 1666 1354 Omnes
1678 1309 1743 1370 pe-

101 1385 248 1461 riperaae
271 1385 505 1460 generationes
528 1388 623 1459 sunt,
640 1401 714 1462 quae
740 1387 893 1457 mentem,
948 1387 1212 1460 medtssoettbua,
1229 1386 1358 1448 scilicet
1373 1403 1432 1464 per
1447 1389 1601 1460 activam,
1618 1391 1650 1451 et
1665 1405 1749 1451 oon-

102 1482 243 1542 matrem
270 1497 364 1542 suam
400 1483 566 1544 occidunt.
594 1483 780 1544 Nonnullae
808 1484 895 1544 enim
949 1483 1188 1558 templativam,
1213 1483 1333 1561 quibus
1359 1483 1478 1546 debent
1503 1487 1670 1562 exerceri;
1693 1488 1748 1547 vel

104 1575 156 1636 ira
171 1576 270 1638 citius
283 1577 446 1652 accendit,
461 1576 593 1638 facilius
604 1577 738 1639 deserit.
748 1577 897 1639 Nonnul·
949 1594 1009 1656 per
1022 1581 1188 1654 geminam
1204 1581 1389 1644 caritatem.
1403 1583 1449 1643 at
1462 1583 1593 1644 sterilis
1607 1598 1677 1645 ooo
1692 1585 1745 1646 est

103 1672 155 1733 los
169 1688 249 1734 vero
262 1673 357 1735 tarde
371 1678 568 1748 commoret,
584 1675 640 1736 sed
657 1675 782 1736 diutius
794 1676 894 1736 tenet.
948 1677 1220 1753 intersecante
1236 1677 1323 1739 sicut
1343 1693 1435 1740 mare
1461 1682 1666 1744 mortuorum
1684 1695 1763 1742 ca·-

102 1770 170 1830 Alii
192 1773 335 1847 namque
353 1771 492 1832 calamis
514 1772 652 1843 similes,
680 1773 780 1833 citius
795 1772 895 1832 llam-

102 1882 191 1927 mam
212 1867 350 1942 saciunt,
372 1869 429 1929 sed
451 1868 602 1944 protinus
617 1869 652 1930 in
667 1869 815 1929 favillam
830 1869 896 1928 iri·

102 1967 252 2037 gescunt.
276 1964 343 2026 Alii
363 1965 463 2040 lignis
478 1964 688 2050 gravioribus
702 1981 767 2026 non
783 1966 897 2042 dispa-

102 2075 169 2134 166,
187 2061 419 2123 accensionem
437 2061 532 2123 tarde
553 2061 749 2139 suspiciunt,
766 2061 822 2123 sed
842 2077 896 2123 se-

102 2158 168 2218 mel
195 2157 326 2219 accensi
356 2158 524 2218 difficilius
548 2157 799 2233 extinguuntur.
828 2159 895 2220 Alii

103 2256 137 2314 et
160 2254 259 2316 citius
280 2254 462 2316 iracundiae
485 2255 636 2316 flammas
664 2255 843 2332 accipiunt,
864 2258 896 2319 et

98 2351 228 2412 tardius
246 2352 424 2427 deponunt.
448 2351 610 2414 Nonnulli
638 2366 718 2413 raro
743 2353 778 2414 et
800 2351 895 2414 tarde

100 2447 298 2526 suscipiunt,
325 2453 358 2512 ct
385 2449 482 2510 citius
516 2449 681 2510 amittunt
705 2449 766 2511 Vel
786 2447 893 2528 (ibid,

100 2545 159 2605 lib.
179 2547 250 2618 XV,
273 2561 305 2606 n.
328 2544 381 2624 19)
404 2545 511 2616 :Quia
547 2561 711 2606 venenum
744 2546 894 2622 aspidum

100 2642 241 2716 concite,
267 2643 392 2720 viperae
406 2643 536 2704 tardius
551 2642 689 2716 occidit;
716 2658 775 2719 per
799 2643 893 2720 aspi-

99 2728 174 2800 dem
198 2741 356 2814 violenta,
381 2740 415 2802 et
428 2739 558 2816 subita;
575 2755 635 2816 per
648 2740 798 2817 viperam
820 2740 895 2800 diu-

97 2837 201 2898 turna
221 2837 360 2900 tentatio
377 2837 580 2914 designatur.

346 3114 485 3177 SERMO
507 3112 645 3176 CXLIX.

92 3251 141 3312 Ad
160 3251 320 3326 Religiosos
338 3252 374 3310 de
398 3251 643 3311 tribus-fructibus
661 3260 744 3310 terrm
770 3251 891 3326 promis·

319 3341 425 3412 sionis;
440 3341 477 3398 de
495 3349 596 3399 natura
615 3341 676 3398 11111.

96 3477 143 3537 Et
170 3475 307 3538 obstulit
327 3477 416 3538 sicut
442 3491 522 3538 ovas
537 3481 703 3550 populum
723 3491 836 3547 suum,
859 3477 892 3538 et

134 3569 301 3646 perducuit
328 3588 386 3635 eos
407 3573 572 3645 tauquam
601 3586 744 3648 gregem
770 3575 807 3633 tu
828 3573 891 3634 de-

135 3669 240 3731 serto.
259 3669 362 3750 (Psal.
376 3672 427 3742 77,
444 3667 516 3747 52.)

135 3811 208 3874 Viri
231 3809 383 3887 religiosi
410 3810 466 3872 bic
494 3810 729 3886 comparantur
756 3807 889 3882 ovibus;

95 3907 183 3968 unde
197 3909 233 3969 in
259 3909 405 3970 canticis
420 3905 464 3986 (4,
479 3905 513 3985 2)
531 3925 538 3966 :
554 3923 573 3967 ‹
595 3907 715 3968 Dentes
737 3906 788 3967 tui
803 3905 892 3967 sicut

93 4017 213 4079 greges
226 4005 409 4074 tonsarum,
424 4017 497 4080 quae
512 4001 698 4064 ascendunt
713 3998 760 4079 (1)
775 4001 816 4062 de
834 4000 889 4061 la-

93 4113 206 4172 vacro,
234 4115 349 4162 omnes
371 4099 523 4176 gemellis
548 4097 692 4172 foetibus,
708 4101 742 4161 et
765 4097 889 4160 sterilis

92 4210 160 4257 non
174 4198 225 4260 est
238 4197 327 4260 inter
341 4211 409 4259 eas.
421 4215 440 4258 1
453 4197 525 4260 Viri
537 4195 686 4272 religiosi
699 4211 759 4272 per
771 4197 889 4258 dautes

93 4291 278 4367 signantur,
295 4295 374 4370 quia
388 4295 475 4356 sicut
488 4294 603 4355 dentes
618 4296 696 4354 sunt
715 4293 750 4353 in
774 4307 886 4360 carue,

93 4390 128 4449 et
146 4403 213 4448 non
246 4392 324 4450 sunt
357 4405 446 4463 caro,
463 4392 511 4452 sic
539 4393 606 4468 ipsi
637 4391 820 4452 existentes
853 4390 887 4450 in

93 4498 206 4557 carne,
222 4486 299 4546 suut
318 4484 420 4546 lortcs
446 4485 481 4547 in
501 4487 727 4562 tribulatione,
743 4502 809 4548 non
826 4486 886 4547 vi-

92 4582 208 4642 rentes
236 4580 416 4645 secundum
440 4596 585 4642 carnem.
605 4585 766 4644 Dicuntur
786 4583 886 4645 etiam

90 4693 183 4756 preca
198 4679 389 4749 tonsarum,
406 4677 485 4753 quia
500 4677 586 4738 sicut
600 4693 678 4739 oves
693 4679 762 4740 suis
777 4680 886 4740 exutae

90 4773 284 4848 velleribus
300 4774 385 4836 alios
399 4773 554 4844 vestiunt,
570 4774 618 4835 ita
640 4773 705 4850 ipsi
719 4790 779 4850 per
802 4790 886 4850 ope·

89 4873 238 4934 rationes
258 4871 365 4933 bonas
388 4871 473 4932 alios
487 4870 651 4942 reficiunt,
666 4872 700 4931 et
721 4870 886 4932 orationi-

89 4967 153 5028 bus
167 4969 331 5042 muniunt,
341 4971 376 5031 et
386 4965 493 5044 ulgus
506 4966 680 5029 diabolicae
690 4967 886 5029 tentationis

89 5065 271 5143 expellunt.
289 5069 370 5134 Qum
382 5065 571 5128 asceudant
579 5068 625 5126 ‘de
636 5064 886 5139 mesaraicas

126 5277 168 5348 (1)
184 5275 271 5404 vulfi.
288 5292 294 5333 :
312 5275 512 5334 escenderunt.

127 5347 168 5414 (2)
184 5348 230 5402 lla
261 5390 268 5405 .
285 5347 402 5404 Hieron.
416 5346 464 5404 tit.
480 5346 612 5404 idomas.
630 5347 660 5402 ta
678 5347 737 5403 Jer.

126 5418 168 5558 fg}
182 5416 392 5558 {widescat
406 5487 580 5544 Benedictus.
590 5487 660 5545 Cum
673 5485 747 5559 apud
758 5487 883 5544 llontem

88 5558 279 5616 Pessulenum
295 5557 447 5616 Sermones
465 5557 535 5616 istos
547 5559 668 5617 Sanctus
681 5557 881 5626 conscriberet,

232 5694 346 5738 rinnon.
366 5694 439 5739 mus
459 5683 505 5744 tlt.

949 1772 1073 1834 darera
1095 1773 1210 1845 vomit,
1228 1775 1277 1835 sic
1300 1775 1419 1850 religio
1442 1776 1559 1844 malos,
1585 1779 1617 1838 et
1639 1777 1750 1855 impa-

949 1868 1070 1930 tientes
1085 1871 1218 1932 evomit.

989 1967 1147 2042 Sequitur
1176 1987 1183 2027 1
1214 1967 1260 2028 111
1288 1966 1456 2043 perarma
1487 1981 1545 2032 eos
1580 1969 1747 2046 tunquam

948 2077 1091 2140 grauem
1123 2067 1161 2124 in
1186 2067 1333 2127 deserto.
1360 2067 1450 2127 Bene
1486 2082 1545 2142 per
1577 2067 1745 2129 desertum

948 2157 1069 2234 religio
1105 2159 1278 2235 signatur;
1317 2161 1406 2222 unde
1442 2163 1537 2224 Isaiae
1576 2162 1648 2241 (35,
1685 2163 1744 2243 1):

948 2271 967 2314 11
995 2254 1176 2317 Laetabitur
1201 2257 1344 2329 deserta,
1359 2259 1401 2319 ⁴et
1426 2259 1528 2330 invia,
1556 2264 1589 2321 et
1612 2258 1747 2322 exulta-

947 2350 996 2413 bit
1018 2352 1179 2424 solitudo,
1213 2357 1248 2415 et
1281 2353 1414 2416 florebit
1448 2356 1544 2431 quasi
1576 2357 1684 2418 lilium
1714 2377 1745 2420 u.

947 2451 1095 2511 Deserto
1136 2450 1259 2512 dicitur
1290 2451 1422 2526 religio,
1452 2453 1531 2528 quia
1552 2468 1631 2515 raro
1664 2455 1748 2516 ooli·-

947 2547 1002 2607 tur
1021 2545 1209 2610 habitatore
1225 2568 1234 2607 z
1248 2551 1351 2609 lauta
1375 2548 1508 2620 dicitur,
1538 2549 1617 2626 quia
1640 2556 1745 2624 arcta,

948 2644 981 2705 et
1004 2645 1147 2718 angusta
1172 2644 1228 2704 via
1256 2645 1379 2706 dicitur
1404 2647 1459 2706 via
1480 2661 1555 2722 quae
1584 2647 1674 2710 ducit
1701 2649 1743 2710 ad

947 2739 1051 2802 vitam
1076 2739 1140 2820 (3);
1167 2741 1255 2802 unde
1280 2743 1436 2804 ieremias
1463 2740 1601 2822 (ibren.
1625 2747 1654 2820 1,
1684 2742 1744 2824 4).ss

947 2836 1057 2898 «Viae
1091 2837 1172 2897 Sion
1204 2837 1330 2914 lugent,
1367 2853 1407 2900 eo
1440 2839 1526 2915 quod
1563 2855 1629 2902 non
1664 2843 1743 2914 sint,

948 2933 1005 3009 qui
1019 2933 1158 2995 veniant
1171 2934 1212 2995 ad
1232 2934 1476 2996 solemnitatem
1490 2954 1520 2995 s.
1535 2937 1745 3000 Consuetudo

947 3029 1020 3092 erat
1032 3029 1228 3106 antiquitus,
1244 3030 1329 3106 quod
1345 3030 1433 3092 tubis
1446 3033 1558 3108 populi
1571 3033 1744 3096 uocaban-

946 3128 1001 3189 tur
1017 3126 1059 3188 ad
1087 3127 1182 3198 testa,
1213 3127 1246 3189 et
1270 3130 1367 3188 erant
1397 3128 1483 3190 tubae
1511 3131 1691 3205 argenteae,
1712 3134 1746 3195 et

947 3224 1098 3286 ductiles
1127 3224 1190 3284 Sed
1218 3223 1315 3287 modo
1340 3227 1417 3286 sunt
1447 3224 1520 3287 duae
1542 3225 1646 3300 tubae,
1670 3244 1744 3305 quae

946 3323 1080 3393 sonant,
1112 3307 1242 3382 stillost
1272 3322 1495 3397 Augustinus,
1518 3325 1552 3384 et
1576 3324 1743 3387 Benedic-

945 3419 999 3481 tus
1013 3417 1078 3499 (4);
1094 3419 1262 3495 argenteas
1277 3433 1337 3496 per
1351 3420 1586 3496 eloquentiam,
1602 3421 1743 3484 ductiles

947 3516 1140 3591 pervitam,
1166 3517 1237 3576 sive
1272 3530 1332 3590 per
1358 3516 1588 3592 poenitentlam
1611 3519 1743 3582 malleis

945 3610 1198 3673 tribulationum
1219 3612 1277 3672 :et
1297 3612 1396 3688 pauci
1420 3614 1508 3682 sunt,
1531 3615 1588 3689 qui
1606 3617 1744 3678 veniant

945 3707 986 3769 ad
1010 3706 1184 3782 religionis
1209 3704 1370 3768 solemnia
1395 3707 1594 3770 celebranda
1617 3731 1624 3770 =
1645 3714 1742 3788 paucl

944 3803 1032 3877 sunt,
1048 3803 1105 3881 qui
1120 3802 1287 3879 accipiant
1300 3803 1364 3863 sibi
1379 3819 1505 3880 pennas
1519 3804 1690 3880 columbas,
1707 3812 1743 3871 ut

944 3900 1057 3962 volent
1076 3900 1111 3960 in
1130 3897 1362 3972 solitudinem
1383 3917 1457 3960 cum
1478 3901 1545 3962 sint
1560 3902 1665 3975 multi,
1683 3907 1742 3982 qui

943 3996 1113 4073 accipiunt
1137 4010 1264 4072 pennas
1287 4011 1423 4073 upupae,
1447 3997 1484 4059 ut
1508 3997 1679 4062 nidificent
1705 4003 1741 4064 in

943 4093 1145 4158 stercoribus
1160 4092 1314 4168 luxuriae,
1331 4094 1473 4156 etmulti
1488 4109 1617 4172 pennas
1633 4098 1738 4175 milui,

943 4193 979 4254 ut
997 4192 1112 4255 volent
1136 4190 1178 4252 ad
1199 4189 1363 4252 cadavera
1387 4192 1566 4268 rapienda,
1590 4194 1677 4258 idest
1697 4197 1739 4258 ad

942 4290 1094 4352 carnales
1109 4287 1296 4365 voluptates
1306 4287 1483 4364 superbiae,
1499 4291 1532 4350 et
1546 4291 1708 4356 avaritiae.

980 4386 1116 4449 Etbene
1140 4384 1263 4446 dicitur
1276 4384 1395 4461 religio
1417 4385 1596 4460 desertum,
1612 4391 1667 4450 cui
1688 4393 1739 4455 est

941 4482 1187 4559 comparabilis,
1210 4481 1288 4558 quia
1308 4480 1409 4543 habet
1429 4483 1553 4544 similia
1574 4483 1736 4549 beneficia

940 4580 1019 4651 illis,
1036 4595 1110 4656 quae
1123 4578 1243 4640 collata
1257 4576 1393 4640 luerunt
1410 4578 1489 4640 filiis
1504 4581 1619 4653 Israel,
1634 4584 1667 4643 et
1689 4583 1737 4644 si-

940 4677 1036 4738 miles
1048 4691 1175 4754 poenas,
1194 4675 1247 4736 rel
1263 4673 1449 4736 vindictas:
1466 4676 1545 4752 quia
1562 4677 1648 4740 sicut
1669 4683 1735 4742 illis

939 4787 1070 4835 manau
1078 4773 1166 4846 prou
1183 4774 1270 4834 Deus
1286 4767 1346 4849 (5),
1366 4771 1414 4832 ita
1433 4771 1521 4832 veris
1545 4773 1737 4838 claustrali-

941 4871 1001 4932 bus
1013 4870 1250 4932 abundantiam
1260 4867 1406 4930 inlundit
1419 4870 1549 4945 gratiae.
1564 4870 1612 4931 lbi
1624 4877 1736 4949 gusta·

938 4967 1037 5030 batur
1048 4965 1174 5030 tructus
1189 4965 1431 5043 promissionis,
1445 4966 1574 5029 scilicet
1588 4969 1681 5043 licus,
1701 4975 1735 5036 et

938 5081 1015 5139 uva,
1044 5067 1078 5130 et
1104 5061 1344 5140 malogranata,
1368 5063 1415 5148 ita
1441 5063 1475 5124 et
1497 5063 1562 5126 hic.
1589 5065 1626 5127 ln
1655 5068 1731 5144 dou,

937 5274 1011 5334 Ordo
1024 5275 1051 5334 S.
1069 5272 1164 5333 Basilii
1177 5275 1205 5331 in
1221 5272 1372 5333 Occidente
1389 5273 1533 5333 deiecerat
1546 5290 1552 5331 :
1567 5279 1729 5340 patriarcba

937 5345 1108 5419 seraphicus
1131 5344 1225 5402 adbuc
1244 5347 1332 5402 vitem
1354 5345 1459 5428 agebat
1475 5361 1483 5402 :
1499 5350 1594 5405 soteri
1611 5350 1732 5434 Ordines

936 5416 1237 5630 (1)ξὲιὲῑῶᾟηῖῗὲὣίἓὲ
1241 5415 1456 5541 ιᾗιΑυειιεῑιηι,
1470 5425 1519 5474 aut
1538 5420 1565 5475 S·
1585 5421 1730 5478 Benedicti
1772 5439 1786 5464 ο

985 5557 1014 5630 5)
1029 5559 1101 5614 Psa.
1117 5557 1160 5625 ll,
1172 5555 1216 5614 21.

1519 5681 1551 5736 dl
