4158 6380
99 271 143 331 89
672 260 994 326 PROLEGOMENA.
1017 290 1058 308 ···
1079 261 1187 324 VITA.
1709 267 1750 327 90

99 425 259 494 cialibus,
276 423 354 504 quia
380 424 587 503 corporalem
614 418 828 502 praesentiam
838 438 899 484 ex-

100 524 223 586 hihere
248 539 314 585 non
339 523 479 600 poterat,
507 538 567 599 per
587 523 899 584 sollicitam‘curam

97 621 291 698 regiminis,
308 621 503 682 instantiam
519 620 639 697 precis,
656 622 689 681 et
714 617 899 680 efficaciam

97 719 358 791 benedictionis,
376 719 495 796 spiritu
509 733 657 795 praesens
672 719 762 792 erat3
777 733 899 796 quam-

98 818 152 881 vis
182 815 375 893 aliquando,
405 817 490 877 mira
520 815 580 876 Dei
607 815 749 878 faciente
763 816 897 885 virtute,

98 915 283 1004 visibiliter
306 914 492 991 appareret.
520 915 604 974 Dum
628 913 716 974 enim
745 911 899 989 egregius

99 1011 315 1088 praedicator,
333 1011 389 1088 qui
413 1013 447 1072 et
473 1027 560 1071 nnnc
580 1011 704 1071 Christi
716 1011 899 1088 praeclarus

98 1107 289 1178 confessor,
304 1109 467 1169 Antonius
490 1108 530 1168 de
545 1107 644 1170 titulo
657 1108 784 1178 Crucis,
801 1107 899 1170 lesus

98 1208 300 1268 Nazarenus
329 1209 400 1268 Rex
424 1205 626 1278 Judaecrum,
649 1206 684 1266 in
712 1206 900 1267 Arelatensi

97 1303 251 1379 capitulo
276 1302 434 1365 fratribus
449 1304 657 1380 predicaret,
675 1303 808 1380 quidam
831 1302 900 1364 fra·

97 1403 151 1463 ter
172 1399 322 1477 probatae
340 1401 485 1473 virtutis,
507 1401 681 1462 Monaldus
696 1399 840 1471 nomine,
858 1399 898 1461 ad

41 1489 46 1496 ’
98 1498 228 1560 ostium
243 1497 380 1574 capituli
396 1499 509 1560 divina
529 1499 654 1560 virtute
668 1498 701 1559 et
723 1498 902 1559 commoni·

96 1597 191 1658 tione
205 1595 403 1672 respiciens,
418 1595 502 1658 vidit
514 1595 683 1672 corporeis
698 1594 805 1658 oculis
820 1596 900 1658 bea·

95 1693 526 1755 tumFranciscuminaere
535 1693 742 1754 sublevatum
751 1693 899 1755 extensis

96 1790 191 1853 velut
209 1791 246 1851 in
260 1805 358 1851 cruce
381 1790 544 1862 manibus,
569 1789 818 1851 benedicentem
831 1790 902 1852 fra-

95 1888 176 1948 tres.
192 1869 393 1948 vanta'vero
408 1887 441 1949 ei
455 1887 522 1948 tam
538 1887 674 1949 insolita
691 1887 811 1950 fratres
825 1903 899 1948 om-

97 2000 158 2046 nes
172 1984 407 2046 consolatione
421 1984 557 2062 spiritus
572 1984 718 2063 repletos
744 2001 779 2046 se
795 1983 900 2046 fuisse

96 2083 292 2154 senserunt,
309 2083 345 2143 ut
360 2082 494 2143 devera
510 2083 617 2144 sancti
632 2081 902 2159 patris‘praesen-

96 2181 143 2242 tia
160 2181 292 2240 certum
308 2180 356 2240 eis
368 2180 456 2241 intra
471 2195 508 2240 se
523 2179 660 2256 spiritus
674 2179 901 2242 testimonium

98 2277 293 2356 perhiberet
311 2299 318 2338 ε
333 2277 411 2339 licet
426 2278 634 2355 postmodum
650 2278 683 2338 id
704 2295 771 2339 non
793 2278 900 2339 solum

99 2387 160 2448 per
179 2372 353 2434 evidentia
379 2372 474 2448 signa
489 2388 605 2434 verum
620 2373 720 2433 etiam
735 2388 795 2449 per
807 2376 899 2449 ejus-

100 2469 175 2531 dem
212 2469 322 2532 sancti
348 2469 452 2546 patris
482 2469 584 2531 verba
614 2469 775 2532 exteriori
800 2467 901 2532 suerit

101 2567 320 2628 attestatione
347 2567 562 2643 compertum.
587 2567 794 2628 Credendum
820 2583 900 2628 sane

102 2665 188 2740 quod
205 2663 444 2742 omnipotentis
461 2665 521 2725 Dei
535 2665 652 2736 virtus,
670 2680 744 2741 qnae
760 2662 902 2727 Ambro-

104 2762 192 2822 sium
204 2761 297 2838 pium
306 2762 339 2823 et
349 2777 481 2822 sacrum
490 2762 673 2824 antistitem
686 2762 900 2824 tumulationi

102 2859 242 2934 gloriosi
266 2860 431 2921 concessit
450 2860 614 2921 interesse
634 2859 771 2920 Martini
784 2857 843 2938 (l),
866 2859 902 2921 ut

105 2956 195 3032 pium
222 2955 414 3033 pontificem
446 2956 500 3032 pio
527 2957 745 3018 veneraretur
773 2957 898 3032 officio;

104 3054 205 3115 etiam
221 3070 357 3114 servum
380 3071 476 3115 suum
504 3055 721 3116 Franciscum
738 3055 902 3131 praedica-

104 3151 186 3211 tioni
207 3151 426 3228 praesentavit
439 3151 569 3212 veracis
584 3151 637 3212 sui
652 3152 815 3229 praeconis
827 3153 899 3213 An-

105 3248 198 3320 tonii,
212 3249 251 3310 ut
269 3249 468 3326 approbaret
483 3249 633 3311 veritatis
649 3249 792 3326 eloquia,
809 3263 900 3326 prae-

106 3345 199 3423 cipue
219 3347 333 3408 crucis
350 3346 486 3419 Christi,
503 3349 600 3424 cujus
619 3348 692 3408 erat
712 3345 845 3424 haJ‘ulus
869 3347 902 3408 et

106 3444 269 3506 minister.

144 3543 223 3602 Cum
241 3543 367 3612 autem,
384 3541 522 3604 dilatato
531 3545 602 3620 jam
618 3543 752 3612 Ordine,
766 3543 901 3606 vivendi

107 3636 247 3700 formam
264 3655 323 3716 per
338 3639 507 3700 dominum
529 3642 758 3702 Innocentium
778 3657 901 3718 appro-

107 3734 226 3809 batam,
247 3737 439 3814 disponeret
462 3751 523 3814 per
548 3753 774 3800 successorem
795 3739 899 3816 ipsius

108 3835 291 3895 Honorium
320 3836 355 3896 in
385 3837 579 3911 perpetuum
601 3833 711 3896 facere
735 3835 899 3907 roborari,

110 3929 300 4007 hujusmodi
333 3931 395 3994 fuit
423 3949 442 3994 a
471 3935 538 3994 Deo
567 3933 771 3994 revelatione
807 3949 901 3994 com-

108 4030 262 4091 monitus.
282 4029 465 4093 Videbatur
479 4029 642 4108 siquidem
666 4030 730 4090 sibi
744 4030 785 4091 de
812 4030 903 4091 terra

109 4125 210 4187 micas
225 4143 351 4206 panum
368 4127 602 4190 subtilissimas
618 4127 804 4204 collegisse,
823 4127 904 4188 mul-

109 4219 213 4298 iisque
225 4224 390 4285 famelicis
401 4223 904 4301 fratribusipsumcircumstan·

109 4318 195 4382 tibus
210 4320 332 4384 debere
351 4321 511 4384 tribuere.
536 4323 681 4400 Cumque
707 4322 810 4383 micas
834 4322 903 4386 ta'm

110 4415 223 4480 munes
237 4419 437 4482 distribuere
450 4420 655 4492 formidaret,
669 4436 711 4480 ne
721 4418 805 4482 forte
815 4420 904 4483 inter

111 4528 226 4576 manus
263 4517 472 4589 exciderent,
501 4532 567 4578 vox
595 4517 627 4578 ei
655 4517 798 4594 desuper
826 4517 901 4578 ait:

953 422 1036 484 coelo
1060 423 1230 501 delapsam
1257 422 1384 485 audivit
1403 445 1410 484 ε
1426 423 1625 500 Francisce,
1653 424 1749 488 micae

952 520 1129 597 praeteritae
1162 522 1282 591 noctis,
1311 521 1413 584 verba
1442 522 1635 599 evangelica
1659 525 1748 595 sunt,

953 618 1061 679 hostia
1084 617 1223 694 Regula,
1244 617 1337 696 lepra
1359 619 1664 696 iniquitasvolens
1679 621 1749 696 igi-

951 717 1008 777 tur
1029 715 1288 777 confirmandam
1311 717 1484 793 Regulam,
1507 733 1550 778 ex
1572 718 1750 780 verborum

952 813 1125 889 Evangelii
1140 813 1377 888 aggregatione
1397 815 1564 891 profusius
1579 815 1749 884 traditam,

953 910 994 972 ad
1017 909 1337 987 compendiosiorem
1359 909 1511 979 formam,
1537 914 1635 988 juxta
1661 913 1747 990 quod

953 1007 1099 1069 dictabat
1111 1007 1293 1069 monstrata
1303 1007 1400 1078 visio,
1417 1008 1579 1085 redigere,
1597 1010 1632 1070 in
1646 1026 1746 1071 mon-

952 1109 1018 1167 tem
1034 1105 1208 1182 quemdam
1224 1121 1299 1166 cum
1323 1105 1451 1166 duobus
1478 1107 1591 1178 sociis,
1622 1107 1748 1184 Spiritu

954 1205 1074 1264 Sancto
1084 1203 1233 1274 ducente,
1247 1202 1449 1271 conscendit,
1459 1202 1515 1263 ubi
1526 1219 1611 1279 pane
1621 1206 1749 1265 tantum

954 1300 1127 1361 contentus
1143 1299 1175 1362 et
1189 1315 1288 1376 aqua,
1302 1303 1471 1378 jejunans,
1492 1300 1657 1362 conscribi
1675 1317 1750 1363 eam

952 1396 1041 1468 fecit,
1064 1397 1244 1458 secundum
1275 1397 1360 1475 quod
1387 1397 1496 1460 oranti
1525 1397 1659 1460 divinus
1685 1398 1749 1459 sibi

955 1495 1099 1572 Spiritus
1111 1496 1320 1572 suggerebat.
1338 1498 1453 1568 Quam,
1471 1513 1545 1558 cum
1572 1494 1612 1557 de
1638 1498 1750 1558 monte

954 1592 1168 1665 descendens,
1184 1594 1382 1655 servandam
1398 1610 1458 1655 suo
1473 1594 1600 1656 vicario
1616 1594 1750 1656 commi·

954 1689 1062 1760 sisset,
1077 1691 1110 1750 et
1122 1690 1180 1751 ille
1192 1691 1307 1766 paucis
1321 1691 1443 1768 elapsis
1453 1691 1568 1754 diebus
1580 1693 1750 1754 assereret

954 1802 1013 1863 per
1023 1787 1187 1848 incuriam
1203 1787 1375 1864 perditam,
1394 1788 1513 1850 iterato
1538 1790 1673 1852 sanctus
1696 1790 1750 1851 vir

954 1885 994 1945 ad
1011 1884 1119 1945 locum
1134 1883 1323 1945 solitudinis
1349 1885 1461 1959 rediit,
1483 1901 1622 1964 eamque
1642 1887 1749 1948 instar

954 1983 1086 2059 prioris,
1103 1997 1143 2043 ac
1161 1981 1189 2042 si
1209 1999 1252 2044 ex
1267 1998 1324 2043 ore
1346 1983 1405 2044 Dei
1424 1983 1526 2046 verba
1552 1985 1746 2060 susciperet,

952 2080 1045 2141 illico
1058 2080 1241 2158 reparavit;
1268 2081 1301 2142 et
1316 2097 1375 2157 per
1394 2081 1620 2158 supradictum
1636 2081 1747 2144 domi-

955 2194 1033 2238 num
1050 2194 1170 2255 papam
1192 2177 1389 2251 Honorium,
1404 2181 1520 2242 octavo
1536 2177 1749 2256 pontificatus
1825 2162 1831 2188 ¹

954 2272 1045 2332 illius
1059 2287 1157 2344 anno,
1169 2273 1255 2337 sicut
1267 2275 1449 2350 optaverat,
1462 2274 1606 2336 obtinuit
1620 2274 1747 2335 confir-

954 2369 1050 2429 mari.
1069 2370 1117 2430 Ad
1147 2344 1242 2447 cujt'is
1271 2371 1516 2432 observantiam
1531 2371 1651 2433 fratres
1676 2371 1747 2432 fer-

954 2467 1071 2528 venter
1099 2467 1270 2540 inducens,
1298 2467 1429 2529 dicebat
1455 2485 1491 2529 se
1517 2469 1602 2529 nihil
1623 2468 1670 2529 ibi
1686 2485 1748 2546 pc-

939 2565 1062 2637 ‚suisse
1102 2565 1284 2625 secundum
1322 2565 1520 2627 industriam
1556 2567 1745 2645 propriam,

954 2663 1011 2724 sed
1040 2662 1152 2722 omnia
1179 2661 1227 2723 sic
1255 2661 1357 2722 scribi
1385 2656 1524 2734 fecisse,
1558 2664 1645 2724 sicut
1680 2662 1745 2723 sibi

954 2759 1087 2821 fuerant
1114 2759 1274 2821 divinitus
1308 2760 1466 2821 revelata.
1493 2761 1585 2831 Quod
1614 2761 1650 2822 ut
1676 2776 1746 2822 cer-

953 2857 1021 2918 tius
1048 2858 1215 2919 constaret
1240 2856 1430 2918 testimonio
1459 2858 1529 2929 Dei,
1546 2859 1662 2934 paucis
1684 2859 1749 2918 ad-

954 2955 1086 3016 modum
1102 2954 1242 3016 evolutis
1271 2954 1397 3028 diebus,
1428 2955 1589 3032 impressa
1615 2957 1693 3017 sunt
1717 2957 1749 3017 ei

954 3053 1109 3129 stigmata
1124 3052 1257 3113 Domini
1271 3055 1351 3114 Jesu
1371 3051 1473 3128 digito
1497 3055 1557 3113 Dei
1569 3053 1649 3125 vivi,
1666 3055 1749 3114 tan-

955 3149 1752 3226 quambuilasummiPontificistlbristi,adcon-

954 3247 1175 3309 firmationem
1197 3247 1419 3309 omnimodam
1443 3247 1590 3324 Regulae,
1605 3249 1638 3311 et
1659 3265 1752 3310 com-

954 3345 1198 3406 mendationem
1221 3345 1379 3418 auctoris,
1408 3345 1494 3406 sicut
1520 3347 1593 3422 post
1613 3362 1748 3408 suarum

955 3442 1202 3504 enarrationem
1217 3443 1376 3506 virtutum
1391 3443 1531 3505 inferius
1545 3443 1685 3506 dicetur.

1247 3677 1383 3738 CAPUT
1410 3679 1450 3738 V.

955 3823 1005 3914 lte
1017 3853 1222 3916 austeritate
1235 3853 1326 3925 ottae,
1343 3854 1377 3914 et
1389 3857 1554 3926 qraomodo
1576 3856 1750 3916 creaturae

1131 3949 1328 4024 praesecans
1347 3953 1379 4011 et
1397 3951 1569 4012 solatium.

998 4115 1078 4189 (lum
1093 4127 1195 4204 igitur
1210 4129 1362 4189 cerneret
1380 4127 1432 4188 vir
1456 4128 1516 4188 Dei
1535 4129 1749 4215 Franciscus,

956 4241 1016 4286 suo
1032 4225 1183 4302 exemplo
1197 4223 1238 4285 ad
1252 4241 1383 4286 crucem
1399 4225 1521 4286 Christi
1535 4225 1749 4304 bajulandam

956 4321 1096 4384 ferventi
1112 4321 1232 4399 spiritu
1251 4321 1412 4398 plurimos
1430 4323 1573 4384 animari
1591 4346 1598 4383 ε
1615 4324 1749 4386 anima-

956 4421 1054 4481 batur
1068 4423 1100 4481 et
1113 4419 1195 4496 ipse,
1206 4421 1365 4497 tanquam
1381 4419 1486 4481 bonus
1499 4419 1568 4481 dux
1584 4423 1751 4482 exercitus

957 4517 1090 4588 Christi,
1107 4517 1147 4577 ad
1162 4518 1305 4593 palmam
1318 4517 1466 4578 victoriae
1482 4534 1543 4593 per
1555 4519 1685 4578 culmen
1698 4518 1752 4577 in-

112 4612 298 4687 l'rancisce,
315 4629 416 4675 unam
426 4614 466 4676 de
482 4614 576 4676 micis
592 4613 744 4676 omnibus
759 4613 902 4675 hostiam
956 4615 1053 4676 victae
1069 4613 1245 4691 pervenire
1273 4615 1417 4676 virtutis.
1448 4615 1629 4676 attendens
1662 4614 1751 4676 enim

112 4706 220 4784 facite,
251 4713 284 4774 et
313 4710 514 4773 manducare
552 4708 742 4773 volentibus
780 4710 902 4774 tribue.

957 4711 1038 4773 illud
1063 4711 1211 4788 Apostoli
1239 4711 1388 4783 verbum,
1416 4715 1479 4777 oea·
1502 4711 1584 4772 sacrat
1610 4713 1749 4784 Christi,

114 4805 180 4875 Quo
193 4808 225 4869 id
242 4811 372 4885 agente,
389 4807 589 4886 quicumque
603 4807 685 4869 illud
707 4825 774 4870 non
787 4809 905 4869 devote
956 4823 1100 4871 caricem
1114 4823 1216 4870 suam
1230 4810 1482 4881 crucilimeruat
1496 4824 1574 4869 cam
1594 4811 1700 4882 uitits,
1718 4809 1754 4872 ct

113 4903 325 4982 recipiebant,
361 4909 419 4968 aut
456 4908 625 4983 receptum
650 4905 905 4967 contemnebant

115 4998 244 5075 donum,
261 5019 339 5066 mox
365 5005 458 5080 lepra
473 5002 599 5076 infecti,
616 5002 780 5064 notabiles
796 5019 903 5080 appa-

115 5096 238 5163 rebant.
256 5103 386 5164 Recitat
399 5115 497 5162 mane
516 5102 588 5162 haec
610 5101 721 5162 omnia
737 5101 789 5162 vir
803 5116 905 5162 sanc-

116 5193 166 5253 tus
181 5199 292 5271 sociis,
320 5198 435 5260 dolens
451 5214 487 5259 se
509 5214 575 5260 non
595 5198 766 5276 percipere
781 5200 906 5275 myste-

117 5288 199 5354 rtum
212 5295 362 5358 visionis.
380 5295 536 5372 Sequenti
551 5310 631 5357 vero
656 5295 709 5356 die
733 5311 808 5357 cum
823 5293 905 5371 vigil

118 5383 149 5445 in
164 5393 312 5455 oratione
322 5394 526 5470 persisteret,
539 5379 727 5468 hujusmodi
736 5408 851 5454 vocem
866 5391 905 5452 de

957 4903 1385 4984 concupiscentitsffialat„
1401 4919 1434 4976 v,
1446 4904 1516 4984 24):
1534 4907 1752 4967 utcrucisar-

958 5007 1123 5065 maturam
1142 5019 1203 5063 sno
1212 5001 1314 5063 ferret
1328 5003 1521 5079 incorpore,
1535 5004 1628 5064 tanta
1644 5004 1750 5065 disci-

958 5099 1057 5179 plinae
1071 5100 1239 5176 rigiditate
1248 5099 1420 5161 sensuales
1431 5101 1595 5176 appetitus
1605 5101 1750 5173 arcebat,

959 5201 995 5260 ut
1007 5199 1066 5260 vix
1076 5197 1267 5259 necessaria
1282 5197 1428 5258 sumeret
1440 5197 1675 5259 sustentationi
1691 5213 1754 5258 na-

961 5297 1053 5357 turae.
1074 5293 1218 5358 Difficile
1236 5310 1378 5373 namque
1397 5295 1468 5356 fore
1484 5295 1614 5356 dicebat
1629 5309 1751 5356 neces-

959 5392 1049 5454 sitati
1064 5392 1213 5468 corporis
1229 5391 1434 5466 satisfacere,
1452 5395 1485 5454 et
1499 5391 1658 5468 pronitati
1675 5406 1754 5450 sen-

152 5591 190 5659 til
209 5594 325 5669 Gregor.
343 5597 459 5666 Turum,
474 5596 522 5654 lib.
540 5599 562 5666 l,
577 5597 617 5652 De
631 5597 730 5654 mirac.
746 5595 774 5654 S.
791 5593 963 5663 ilaritate.
981 5597 1007 5651 5.
