<?xml version="1.0" encoding="UTF-8"?>
<!DOCTYPE html PUBLIC "-//W3C//DTD XHTML 1.0 Transitional//EN"
    "http://www.w3.org/TR/xhtml1/DTD/xhtml1-transitional.dtd">
<html xmlns="http://www.w3.org/1999/xhtml" xml:lang="en" lang="en">
 <head>
  <title>
</title>
<meta http-equiv="Content-Type" content="text/html;charset=utf-8" />
  <meta name='ocr-system' content='tesseract 3.04.00' />
  <meta name='ocr-capabilities' content='ocr_page ocr_carea ocr_par ocr_line ocrx_word'/>
</head>
<body>
  <div class='ocr_page' id='page_1' title='image "./mediiaevibiblio02bottgoog_0073.png"; bbox 0 0 4158 6380; ppageno 0'>
   <div class='ocr_carea' id='block_1_1' title="bbox 752 287 1963 350">
    <p class='ocr_par' dir='ltr' id='par_1_1' title="bbox 752 287 1963 350">
     <span class='ocr_line' id='line_1_1' title="bbox 752 287 1963 350; baseline -0.002 0"><span class='ocrx_word' id='word_1_1' title='bbox 752 289 967 350; x_wconf 75' lang='grc'><strong>11011111</strong></span> <span class='ocrx_word' id='word_1_2' title='bbox 990 289 1022 350; x_wconf 90' lang='lat' dir='ltr'><strong>S.</strong></span> <span class='ocrx_word' id='word_1_3' title='bbox 1046 287 1267 350; x_wconf 84' lang='lat' dir='ltr'><strong>FRANCISCI</strong></span> <span class='ocrx_word' id='word_1_4' title='bbox 1288 287 1515 350; x_wconf 81' lang='lat' dir='ltr'>ASSISIATIS</span> <span class='ocrx_word' id='word_1_5' title='bbox 1899 287 1963 348; x_wconf 80' lang='lat'><strong>120</strong></span> 
     </span>
    </p>
   </div>
   <div class='ocr_carea' id='block_1_2' title="bbox 315 293 374 354">
    <p class='ocr_par' dir='ltr' id='par_1_2' title="bbox 315 293 374 354">
     <span class='ocr_line' id='line_1_2' title="bbox 315 293 374 354; baseline -0.034 0"><span class='ocrx_word' id='word_1_6' title='bbox 315 293 374 354; x_wconf 79' lang='lat'><strong>119</strong></span> 
     </span>
    </p>
   </div>
   <div class='ocr_carea' id='block_1_3' title="bbox 312 445 1963 724">
    <p class='ocr_par' dir='ltr' id='par_1_3' title="bbox 312 445 1963 724">
     <span class='ocr_line' id='line_1_3' title="bbox 312 445 1963 528; baseline -0.004 -14"><span class='ocrx_word' id='word_1_7' title='bbox 312 453 500 528; x_wconf 88' lang='lat' dir='ltr'><strong>adipsum,</strong></span> <span class='ocrx_word' id='word_1_8' title='bbox 531 450 573 512; x_wconf 92' lang='lat' dir='ltr'><strong>ab</strong></span> <span class='ocrx_word' id='word_1_9' title='bbox 599 448 793 525; x_wconf 81' lang='lat' dir='ltr'><strong>Epiphaniae</strong></span> <span class='ocrx_word' id='word_1_10' title='bbox 827 447 910 510; x_wconf 75' lang='lat' dir='ltr'><strong>festo</strong></span> <span class='ocrx_word' id='word_1_11' title='bbox 940 447 1110 524; x_wconf 85' lang='lat' dir='ltr'><strong>usquead</strong></span> <span class='ocrx_word' id='word_1_12' title='bbox 1161 449 1283 526; x_wconf 90' lang='lat' dir='ltr'><strong>jejunii</strong></span> <span class='ocrx_word' id='word_1_13' title='bbox 1293 465 1424 526; x_wconf 89' lang='lat' dir='ltr'><strong>corpus,</strong></span> <span class='ocrx_word' id='word_1_14' title='bbox 1434 449 1468 510; x_wconf 88' lang='lat' dir='ltr'><strong>et</strong></span> <span class='ocrx_word' id='word_1_15' title='bbox 1481 463 1541 526; x_wconf 90' lang='lat' dir='ltr'><strong>per</strong></span> <span class='ocrx_word' id='word_1_16' title='bbox 1555 446 1708 508; x_wconf 85' lang='lat' dir='ltr'><strong>ardorem</strong></span> <span class='ocrx_word' id='word_1_17' title='bbox 1719 445 1878 508; x_wconf 85' lang='lat' dir='ltr'><strong>desiderii</strong></span> <span class='ocrx_word' id='word_1_18' title='bbox 1888 445 1963 524; x_wconf 87' lang='lat' dir='ltr'><strong>spi-</strong></span> 
     </span>
     <span class='ocr_line' id='line_1_4' title="bbox 314 543 1963 623; baseline -0.005 -11"><span class='ocrx_word' id='word_1_19' title='bbox 314 549 491 612; x_wconf 88' lang='lat' dir='ltr'><strong>continuos</strong></span> <span class='ocrx_word' id='word_1_20' title='bbox 502 546 721 623; x_wconf 84' lang='lat' dir='ltr'><strong>quadraginta</strong></span> <span class='ocrx_word' id='word_1_21' title='bbox 737 545 819 616; x_wconf 87' lang='lat' dir='ltr'><strong>dios,</strong></span> <span class='ocrx_word' id='word_1_22' title='bbox 834 560 874 606; x_wconf 93' lang='lat' dir='ltr'><strong>eo</strong></span> <span class='ocrx_word' id='word_1_23' title='bbox 888 545 1018 606; x_wconf 89' lang='lat' dir='ltr'><strong>scilicet</strong></span> <span class='ocrx_word' id='word_1_24' title='bbox 1031 547 1110 606; x_wconf 91' lang='lat' dir='ltr'><strong>tem·</strong></span> <span class='ocrx_word' id='word_1_25' title='bbox 1165 546 1263 606; x_wconf 88' lang='lat' dir='ltr'><strong>ritum</strong></span> <span class='ocrx_word' id='word_1_26' title='bbox 1289 545 1488 614; x_wconf 88' lang='lat' dir='ltr'><strong>immolaret,</strong></span> <span class='ocrx_word' id='word_1_27' title='bbox 1504 543 1654 607; x_wconf 81' lang='lat' dir='ltr'><strong>exterius</strong></span> <span class='ocrx_word' id='word_1_28' title='bbox 1669 543 1704 604; x_wconf 91' lang='lat' dir='ltr'><strong>in</strong></span> <span class='ocrx_word' id='word_1_29' title='bbox 1720 544 1805 611; x_wconf 82' lang='lat' dir='ltr'><strong>atrio</strong></span> <span class='ocrx_word' id='word_1_30' title='bbox 1826 544 1963 604; x_wconf 87' lang='lat' dir='ltr'><strong>sacrifi·-</strong></span> 
     </span>
     <span class='ocr_line' id='line_1_5' title="bbox 314 640 1963 724; baseline -0.004 -17"><span class='ocrx_word' id='word_1_31' title='bbox 314 661 406 724; x_wconf 89' lang='grc'><strong>1010,</strong></span> <span class='ocrx_word' id='word_1_32' title='bbox 422 661 486 722; x_wconf 88' lang='lat' dir='ltr'><strong>quo</strong></span> <span class='ocrx_word' id='word_1_33' title='bbox 501 644 652 704; x_wconf 89' lang='lat' dir='ltr'><strong>Christus</strong></span> <span class='ocrx_word' id='word_1_34' title='bbox 667 643 766 703; x_wconf 88' lang='lat' dir='ltr'><strong>latuit</strong></span> <span class='ocrx_word' id='word_1_35' title='bbox 782 643 817 702; x_wconf 92' lang='lat' dir='ltr'><strong>in</strong></span> <span class='ocrx_word' id='word_1_36' title='bbox 831 642 972 714; x_wconf 86' lang='lat' dir='ltr'><strong>deserto,</strong></span> <span class='ocrx_word' id='word_1_37' title='bbox 990 643 1032 703; x_wconf 92' lang='lat' dir='ltr'><strong>ad</strong></span> <span class='ocrx_word' id='word_1_38' title='bbox 1050 659 1108 703; x_wconf 90' lang='lat' dir='ltr'><strong>so·</strong></span> <span class='ocrx_word' id='word_1_39' title='bbox 1162 657 1244 702; x_wconf 85' lang='lat' dir='ltr'><strong>cans</strong></span> <span class='ocrx_word' id='word_1_40' title='bbox 1255 642 1497 712; x_wconf 91' lang='lat' dir='ltr'><strong>holocaustum,</strong></span> <span class='ocrx_word' id='word_1_41' title='bbox 1505 643 1538 702; x_wconf 91' lang='lat' dir='ltr'><strong>et</strong></span> <span class='ocrx_word' id='word_1_42' title='bbox 1552 642 1586 702; x_wconf 93' lang='lat' dir='ltr'><strong>in</strong></span> <span class='ocrx_word' id='word_1_43' title='bbox 1596 640 1719 716; x_wconf 86' lang='lat' dir='ltr'><strong>templo</strong></span> <span class='ocrx_word' id='word_1_44' title='bbox 1730 641 1872 702; x_wconf 86' lang='lat' dir='ltr'><strong>interius</strong></span> <span class='ocrx_word' id='word_1_45' title='bbox 1883 657 1963 701; x_wconf 92' lang='lat' dir='ltr'><strong>con-</strong></span> 
     </span>
    </p>
   </div>
   <div class='ocr_carea' id='block_1_4' title="bbox 310 731 1134 1892">
    <p class='ocr_par' dir='ltr' id='par_1_4' title="bbox 310 731 1134 1892">
     <span class='ocr_line' id='line_1_6' title="bbox 315 731 1108 816; baseline -0.001 -14"><span class='ocrx_word' id='word_1_46' title='bbox 315 731 466 804; x_wconf 82' lang='lat' dir='ltr'><strong>litudin&#39;is</strong></span> <span class='ocrx_word' id='word_1_47' title='bbox 482 741 555 802; x_wconf 88' lang='lat' dir='ltr'><strong>loca</strong></span> <span class='ocrx_word' id='word_1_48' title='bbox 572 740 756 812; x_wconf 91' lang='lat' dir='ltr'><strong>declinans,</strong></span> <span class='ocrx_word' id='word_1_49' title='bbox 774 740 924 816; x_wconf 85' lang='lat' dir='ltr'><strong>cellaque</strong></span> <span class='ocrx_word' id='word_1_50' title='bbox 944 740 1108 812; x_wconf 87' lang='grc'><strong>10011111,</strong></span> 
     </span>
     <span class='ocr_line' id='line_1_7' title="bbox 313 837 1108 916; baseline -0.005 -16"><span class='ocrx_word' id='word_1_51' title='bbox 313 840 437 916; x_wconf 87' lang='lat' dir='ltr'><strong>quanta</strong></span> <span class='ocrx_word' id='word_1_52' title='bbox 462 841 592 914; x_wconf 90' lang='lat' dir='ltr'><strong>poterat</strong></span> <span class='ocrx_word' id='word_1_53' title='bbox 621 837 821 898; x_wconf 79' lang='lat' dir='ltr'><strong>arctitudine</strong></span> <span class='ocrx_word' id='word_1_54' title='bbox 849 837 914 898; x_wconf 94' lang='lat' dir='ltr'><strong>cibi</strong></span> <span class='ocrx_word' id='word_1_55' title='bbox 943 839 976 899; x_wconf 88' lang='lat' dir='ltr'><strong>et</strong></span> <span class='ocrx_word' id='word_1_56' title='bbox 1001 839 1108 913; x_wconf 91' lang='lat' dir='ltr'><strong>potus,</strong></span> 
     </span>
     <span class='ocr_line' id='line_1_8' title="bbox 310 933 1111 1014; baseline -0.004 -16"><span class='ocrx_word' id='word_1_57' title='bbox 310 935 460 1014; x_wconf 74' lang='lat' dir='ltr'><strong>jeiuniis,</strong></span> <span class='ocrx_word' id='word_1_58' title='bbox 478 937 511 996; x_wconf 91' lang='lat' dir='ltr'><strong>et</strong></span> <span class='ocrx_word' id='word_1_59' title='bbox 523 934 742 1002; x_wconf 87' lang='lat' dir='ltr'><strong>orationibus,</strong></span> <span class='ocrx_word' id='word_1_60' title='bbox 758 936 791 995; x_wconf 92' lang='lat' dir='ltr'><strong>et</strong></span> <span class='ocrx_word' id='word_1_61' title='bbox 805 933 958 995; x_wconf 86' lang='lat' dir='ltr'><strong>laudibus</strong></span> <span class='ocrx_word' id='word_1_62' title='bbox 970 935 1030 994; x_wconf 90' lang='lat' dir='ltr'><strong>Dei</strong></span> <span class='ocrx_word' id='word_1_63' title='bbox 1039 935 1111 995; x_wconf 89' lang='lat' dir='ltr'><strong>sine</strong></span> 
     </span>
     <span class='ocr_line' id='line_1_9' title="bbox 313 1031 1111 1110; baseline -0.005 -16"><span class='ocrx_word' id='word_1_64' title='bbox 313 1033 564 1110; x_wconf 75' lang='lat' dir='ltr'><strong>intermissione</strong></span> <span class='ocrx_word' id='word_1_65' title='bbox 578 1032 729 1093; x_wconf 89' lang='lat' dir='ltr'><strong>vacabat.</strong></span> <span class='ocrx_word' id='word_1_66' title='bbox 746 1035 826 1092; x_wconf 78' lang='lat' dir='ltr'><strong>&#39;farn</strong></span> <span class='ocrx_word' id='word_1_67' title='bbox 840 1031 967 1092; x_wconf 87' lang='lat' dir='ltr'><strong>fervido</strong></span> <span class='ocrx_word' id='word_1_68' title='bbox 980 1031 1111 1107; x_wconf 84' lang='lat' dir='ltr'><strong>quidem</strong></span> 
     </span>
     <span class='ocr_line' id='line_1_10' title="bbox 312 1113 1113 1203; baseline -0.004 -12"><span class='ocrx_word' id='word_1_69' title='bbox 312 1132 349 1191; x_wconf 89' lang='lat' dir='ltr'><strong>in</strong></span> <span class='ocrx_word' id='word_1_70' title='bbox 365 1113 532 1192; x_wconf 72' lang='lat' dir='ltr'><strong>Christum</strong></span> <span class='ocrx_word' id='word_1_71' title='bbox 547 1129 716 1192; x_wconf 88' lang='lat' dir='ltr'><strong>ferebatur</strong></span> <span class='ocrx_word' id='word_1_72' title='bbox 729 1129 866 1203; x_wconf 82' lang='lat' dir='ltr'><strong>affectu;</strong></span> <span class='ocrx_word' id='word_1_73' title='bbox 884 1129 941 1190; x_wconf 90' lang='lat' dir='ltr'><strong>sed</strong></span> <span class='ocrx_word' id='word_1_74' title='bbox 960 1131 994 1189; x_wconf 89' lang='lat' dir='ltr'><strong>et</strong></span> <span class='ocrx_word' id='word_1_75' title='bbox 1008 1129 1113 1190; x_wconf 89' lang='lat' dir='ltr'><strong>dilec-</strong></span> 
     </span>
     <span class='ocr_line' id='line_1_11' title="bbox 313 1226 1109 1320; baseline -0.005 -30"><span class='ocrx_word' id='word_1_76' title='bbox 313 1231 368 1320; x_wconf 69' lang='lat' dir='ltr'><strong>tus</strong></span> <span class='ocrx_word' id='word_1_77' title='bbox 380 1227 431 1286; x_wconf 94' lang='lat' dir='ltr'><strong>illi</strong></span> <span class='ocrx_word' id='word_1_78' title='bbox 445 1228 513 1288; x_wconf 90' lang='lat' dir='ltr'><strong>tam</strong></span> <span class='ocrx_word' id='word_1_79' title='bbox 523 1227 720 1288; x_wconf 80' lang='lat' dir='ltr'><strong>familiarem</strong></span> <span class='ocrx_word' id='word_1_80' title='bbox 736 1226 939 1303; x_wconf 81' lang='lat' dir='ltr'><strong>rependebat</strong></span> <span class='ocrx_word' id='word_1_81' title='bbox 951 1241 1109 1297; x_wconf 87' lang='lat' dir='ltr'><strong>amorem,</strong></span> 
     </span>
     <span class='ocr_line' id='line_1_12' title="bbox 315 1323 1134 1400; baseline -0.002 -15"><span class='ocrx_word' id='word_1_82' title='bbox 315 1327 352 1388; x_wconf 91' lang='lat' dir='ltr'><strong>ut</strong></span> <span class='ocrx_word' id='word_1_83' title='bbox 375 1324 544 1386; x_wconf 89' lang='lat' dir='ltr'><strong>videretur</strong></span> <span class='ocrx_word' id='word_1_84' title='bbox 566 1325 631 1400; x_wconf 93' lang='lat' dir='ltr'><strong>ipsi</strong></span> <span class='ocrx_word' id='word_1_85' title='bbox 652 1324 774 1384; x_wconf 87' lang='lat' dir='ltr'><strong>famulo</strong></span> <span class='ocrx_word' id='word_1_86' title='bbox 795 1323 865 1396; x_wconf 89' lang='lat' dir='ltr'><strong>Dei,</strong></span> <span class='ocrx_word' id='word_1_87' title='bbox 889 1324 986 1400; x_wconf 89' lang='lat' dir='ltr'><strong>quasi</strong></span> <span class='ocrx_word' id='word_1_88' title='bbox 996 1326 1134 1400; x_wconf 83' lang='lat' dir='ltr'><strong>jugem·</strong></span> 
     </span>
     <span class='ocr_line' id='line_1_13' title="bbox 315 1421 1114 1500; baseline -0.003 -18"><span class='ocrx_word' id='word_1_89' title='bbox 315 1437 384 1500; x_wconf 88' lang='lat' dir='ltr'><strong>prae</strong></span> <span class='ocrx_word' id='word_1_90' title='bbox 408 1421 513 1482; x_wconf 90' lang='lat' dir='ltr'><strong>oculis</strong></span> <span class='ocrx_word' id='word_1_91' title='bbox 538 1422 642 1497; x_wconf 88' lang='lat' dir='ltr'><strong>ipsius</strong></span> <span class='ocrx_word' id='word_1_92' title='bbox 669 1421 851 1482; x_wconf 76' lang='lat' dir='ltr'><strong>salvatoris</strong></span> <span class='ocrx_word' id='word_1_93' title='bbox 874 1422 999 1482; x_wconf 88' lang='lat' dir='ltr'><strong>sentire</strong></span> <span class='ocrx_word' id='word_1_94' title='bbox 1025 1435 1114 1497; x_wconf 76' lang='grc'><strong>110-</strong></span> 
     </span>
     <span class='ocr_line' id='line_1_14' title="bbox 316 1517 1112 1594; baseline -0.004 -15"><span class='ocrx_word' id='word_1_95' title='bbox 316 1520 468 1590; x_wconf 86' lang='grc'><strong>1011101,</strong></span> <span class='ocrx_word' id='word_1_96' title='bbox 492 1519 577 1580; x_wconf 85' lang='grc'><strong>11011</strong></span> <span class='ocrx_word' id='word_1_97' title='bbox 591 1517 770 1594; x_wconf 86' lang='lat' dir='ltr'><strong>aliquando</strong></span> <span class='ocrx_word' id='word_1_98' title='bbox 786 1519 886 1580; x_wconf 90' lang='lat' dir='ltr'><strong>sociis</strong></span> <span class='ocrx_word' id='word_1_99' title='bbox 900 1517 1112 1578; x_wconf 85' lang='lat' dir='ltr'><strong>familiariter</strong></span> 
     </span>
     <span class='ocr_line' id='line_1_15' title="bbox 316 1616 1086 1698; baseline -0.009 -20"><span class='ocrx_word' id='word_1_100' title='bbox 316 1616 488 1679; x_wconf 85' lang='lat' dir='ltr'><strong>revelavit.</strong></span> <span class='ocrx_word' id='word_1_101' title='bbox 1062 1659 1086 1698; x_wconf 65' lang='grc'>,</span> 
     </span>
     <span class='ocr_line' id='line_1_16' title="bbox 355 1709 1112 1789; baseline -0.004 -15"><span class='ocrx_word' id='word_1_102' title='bbox 355 1709 533 1789; x_wconf 84' lang='lat' dir='ltr'><strong>Flagrabat</strong></span> <span class='ocrx_word' id='word_1_103' title='bbox 569 1728 648 1788; x_wconf 90' lang='lat' dir='ltr'><strong>erga</strong></span> <span class='ocrx_word' id='word_1_104' title='bbox 675 1713 919 1773; x_wconf 80' lang='lat' dir='ltr'><strong>sacramentum</strong></span> <span class='ocrx_word' id='word_1_105' title='bbox 947 1712 1112 1774; x_wconf 91' lang='lat' dir='ltr'><strong>Dominici</strong></span> 
     </span>
     <span class='ocr_line' id='line_1_17' title="bbox 314 1809 1112 1892; baseline -0.006 -19"><span class='ocrx_word' id='word_1_106' title='bbox 314 1812 465 1888; x_wconf 89' lang='lat' dir='ltr'><strong>corporis</strong></span> <span class='ocrx_word' id='word_1_107' title='bbox 479 1811 609 1871; x_wconf 89' lang='lat' dir='ltr'><strong>fervore</strong></span> <span class='ocrx_word' id='word_1_108' title='bbox 624 1811 771 1892; x_wconf 73' lang='lat' dir='ltr'><strong>omnium</strong></span> <span class='ocrx_word' id='word_1_109' title='bbox 787 1809 1019 1881; x_wconf 91' lang='lat' dir='ltr'><strong>medullarum,</strong></span> <span class='ocrx_word' id='word_1_110' title='bbox 1037 1811 1112 1870; x_wconf 89' lang='lat' dir='ltr'><strong>stu·</strong></span> 
     </span>
    </p>
   </div>
   <div class='ocr_carea' id='block_1_5' title="bbox 194 1903 1112 1982">
    <p class='ocr_par' dir='ltr' id='par_1_5' title="bbox 194 1903 1112 1982">
     <span class='ocr_line' id='line_1_18' title="bbox 194 1903 1112 1982; baseline -0.004 -16"><span class='ocrx_word' id='word_1_111' title='bbox 194 1941 204 1958; x_wconf 89' lang='lat'><strong>·</strong></span> <span class='ocrx_word' id='word_1_112' title='bbox 315 1920 395 1982; x_wconf 89' lang='lat' dir='ltr'><strong>pore</strong></span> <span class='ocrx_word' id='word_1_113' title='bbox 427 1903 597 1964; x_wconf 92' lang='lat' dir='ltr'><strong>admirans</strong></span> <span class='ocrx_word' id='word_1_114' title='bbox 623 1904 827 1980; x_wconf 81' lang='lat' dir='ltr'><strong>permaximo</strong></span> <span class='ocrx_word' id='word_1_115' title='bbox 853 1903 945 1964; x_wconf 90' lang='lat' dir='ltr'><strong>illam</strong></span> <span class='ocrx_word' id='word_1_116' title='bbox 970 1903 1112 1964; x_wconf 91' lang='lat' dir='ltr'><strong>carissi-</strong></span> 
     </span>
    </p>
   </div>
   <div class='ocr_carea' id='block_1_6' title="bbox 279 2000 1115 3828">
    <p class='ocr_par' dir='ltr' id='par_1_6' title="bbox 279 2000 1115 3828">
     <span class='ocr_line' id='line_1_19' title="bbox 315 2000 1114 2076; baseline -0.004 -13"><span class='ocrx_word' id='word_1_117' title='bbox 315 2019 404 2063; x_wconf 90' lang='lat' dir='ltr'><strong>mam</strong></span> <span class='ocrx_word' id='word_1_118' title='bbox 431 2001 667 2076; x_wconf 83' lang='lat' dir='ltr'><strong>dignationem,</strong></span> <span class='ocrx_word' id='word_1_119' title='bbox 700 2003 733 2062; x_wconf 90' lang='lat' dir='ltr'><strong>et</strong></span> <span class='ocrx_word' id='word_1_120' title='bbox 759 2001 989 2076; x_wconf 84' lang='lat' dir='ltr'><strong>dignissimam</strong></span> <span class='ocrx_word' id='word_1_121' title='bbox 1025 2000 1114 2060; x_wconf 89' lang='lat' dir='ltr'><strong>cari-</strong></span> 
     </span>
     <span class='ocr_line' id='line_1_20' title="bbox 279 2087 1111 2175; baseline -0.005 -13"><span class='ocrx_word' id='word_1_122' title='bbox 279 2087 287 2099; x_wconf 81' lang='grc'><strong>’</strong></span> <span class='ocrx_word' id='word_1_123' title='bbox 313 2099 426 2162; x_wconf 83' lang='grc'><strong>11101.</strong></span> <span class='ocrx_word' id='word_1_124' title='bbox 445 2102 539 2175; x_wconf 85' lang='lat' dir='ltr'><strong>Saepe</strong></span> <span class='ocrx_word' id='word_1_125' title='bbox 553 2097 827 2170; x_wconf 82' lang='lat' dir='ltr'><strong>communicabat,</strong></span> <span class='ocrx_word' id='word_1_126' title='bbox 845 2101 879 2160; x_wconf 90' lang='lat' dir='ltr'><strong>et</strong></span> <span class='ocrx_word' id='word_1_127' title='bbox 892 2101 960 2159; x_wconf 87' lang='lat' dir='ltr'><strong>tarn</strong></span> <span class='ocrx_word' id='word_1_128' title='bbox 981 2098 1111 2168; x_wconf 89' lang='lat' dir='ltr'><strong>devote,</strong></span> 
     </span>
     <span class='ocr_line' id='line_1_21' title="bbox 316 2195 1114 2264; baseline -0.005 -6"><span class='ocrx_word' id='word_1_129' title='bbox 316 2198 353 2258; x_wconf 91' lang='lat' dir='ltr'><strong>ut</strong></span> <span class='ocrx_word' id='word_1_130' title='bbox 367 2196 451 2258; x_wconf 90' lang='lat' dir='ltr'><strong>alios</strong></span> <span class='ocrx_word' id='word_1_131' title='bbox 465 2197 600 2258; x_wconf 89' lang='lat' dir='ltr'><strong>devotos</strong></span> <span class='ocrx_word' id='word_1_132' title='bbox 615 2195 772 2264; x_wconf 85' lang='lat' dir='ltr'><strong>efficeret,</strong></span> <span class='ocrx_word' id='word_1_133' title='bbox 791 2196 868 2256; x_wconf 90' lang='lat' dir='ltr'><strong>dum</strong></span> <span class='ocrx_word' id='word_1_134' title='bbox 893 2196 934 2257; x_wconf 90' lang='lat' dir='ltr'><strong>ad</strong></span> <span class='ocrx_word' id='word_1_135' title='bbox 950 2196 1114 2256; x_wconf 90' lang='lat' dir='ltr'><strong>immacu-</strong></span> 
     </span>
     <span class='ocr_line' id='line_1_22' title="bbox 317 2293 1113 2370; baseline -0.003 -16"><span class='ocrx_word' id='word_1_136' title='bbox 317 2294 377 2356; x_wconf 91' lang='lat' dir='ltr'><strong>lati</strong></span> <span class='ocrx_word' id='word_1_137' title='bbox 390 2295 476 2370; x_wconf 86' lang='lat' dir='ltr'><strong>Agni</strong></span> <span class='ocrx_word' id='word_1_138' title='bbox 489 2293 753 2370; x_wconf 85' lang='lat' dir='ltr'><strong>degustationem</strong></span> <span class='ocrx_word' id='word_1_139' title='bbox 768 2309 916 2364; x_wconf 83' lang='lat' dir='ltr'><strong>suavem,</strong></span> <span class='ocrx_word' id='word_1_140' title='bbox 933 2294 1028 2370; x_wconf 87' lang='lat' dir='ltr'><strong>quasi</strong></span> <span class='ocrx_word' id='word_1_141' title='bbox 1039 2293 1113 2370; x_wconf 87' lang='lat' dir='ltr'><strong>spi-</strong></span> 
     </span>
     <span class='ocr_line' id='line_1_23' title="bbox 315 2390 1113 2468; baseline -0.004 -15"><span class='ocrx_word' id='word_1_142' title='bbox 315 2391 383 2453; x_wconf 90' lang='lat' dir='ltr'><strong>ritu</strong></span> <span class='ocrx_word' id='word_1_143' title='bbox 397 2390 521 2462; x_wconf 91' lang='lat' dir='ltr'><strong>ebrius,</strong></span> <span class='ocrx_word' id='word_1_144' title='bbox 536 2391 571 2451; x_wconf 94' lang='lat' dir='ltr'><strong>iu</strong></span> <span class='ocrx_word' id='word_1_145' title='bbox 585 2391 705 2452; x_wconf 87' lang='lat' dir='ltr'><strong>mentis</strong></span> <span class='ocrx_word' id='word_1_146' title='bbox 717 2394 753 2453; x_wconf 90' lang='lat' dir='ltr'><strong>ut</strong></span> <span class='ocrx_word' id='word_1_147' title='bbox 765 2390 943 2468; x_wconf 91' lang='lat' dir='ltr'><strong>plurimum</strong></span> <span class='ocrx_word' id='word_1_148' title='bbox 954 2390 1113 2466; x_wconf 88' lang='lat' dir='ltr'><strong>rapieba-</strong></span> 
     </span>
     <span class='ocr_line' id='line_1_24' title="bbox 314 2488 1113 2552; baseline -0.006 -1"><span class='ocrx_word' id='word_1_149' title='bbox 314 2491 371 2552; x_wconf 91' lang='lat' dir='ltr'><strong>tur</strong></span> <span class='ocrx_word' id='word_1_150' title='bbox 391 2504 575 2550; x_wconf 80' lang='lat' dir='ltr'><strong>excessum.</strong></span> <span class='ocrx_word' id='word_1_151' title='bbox 591 2489 731 2550; x_wconf 90' lang='lat' dir='ltr'><strong>Matrem</strong></span> <span class='ocrx_word' id='word_1_152' title='bbox 751 2488 883 2550; x_wconf 89' lang='lat' dir='ltr'><strong>Domini</strong></span> <span class='ocrx_word' id='word_1_153' title='bbox 908 2488 1014 2550; x_wconf 87' lang='lat' dir='ltr'><strong>nostri</strong></span> <span class='ocrx_word' id='word_1_154' title='bbox 1034 2490 1113 2550; x_wconf 83' lang='lat' dir='ltr'><strong>Jesu</strong></span> 
     </span>
     <span class='ocr_line' id='line_1_25' title="bbox 317 2576 1112 2662; baseline -0.004 -14"><span class='ocrx_word' id='word_1_155' title='bbox 317 2576 440 2648; x_wconf 83' lang='lat' dir='ltr'><strong>Christi</strong></span> <span class='ocrx_word' id='word_1_156' title='bbox 462 2585 627 2646; x_wconf 90' lang='lat' dir='ltr'><strong>indicibili</strong></span> <span class='ocrx_word' id='word_1_157' title='bbox 642 2585 922 2662; x_wconf 91' lang='lat' dir='ltr'><strong>complectebatur</strong></span> <span class='ocrx_word' id='word_1_158' title='bbox 934 2600 1058 2657; x_wconf 90' lang='lat' dir='ltr'><strong>amore,</strong></span> <span class='ocrx_word' id='word_1_159' title='bbox 1073 2599 1112 2645; x_wconf 92' lang='lat' dir='ltr'><strong>eo</strong></span> 
     </span>
     <span class='ocr_line' id='line_1_26' title="bbox 318 2680 1113 2760; baseline -0.003 -16"><span class='ocrx_word' id='word_1_160' title='bbox 318 2683 405 2760; x_wconf 85' lang='lat' dir='ltr'><strong>quod</strong></span> <span class='ocrx_word' id='word_1_161' title='bbox 432 2683 607 2744; x_wconf 90' lang='lat' dir='ltr'><strong>Dominum</strong></span> <span class='ocrx_word' id='word_1_162' title='bbox 634 2682 817 2760; x_wconf 90' lang='lat' dir='ltr'><strong>majestatis</strong></span> <span class='ocrx_word' id='word_1_163' title='bbox 849 2682 986 2743; x_wconf 89' lang='lat' dir='ltr'><strong>fratrem</strong></span> <span class='ocrx_word' id='word_1_164' title='bbox 1018 2680 1113 2743; x_wconf 91' lang='lat' dir='ltr'><strong>nobis</strong></span> 
     </span>
     <span class='ocr_line' id='line_1_27' title="bbox 315 2779 1113 2856; baseline -0.006 -14"><span class='ocrx_word' id='word_1_165' title='bbox 315 2780 475 2852; x_wconf 84' lang='lat' dir='ltr'><strong>effecerit,</strong></span> <span class='ocrx_word' id='word_1_166' title='bbox 493 2781 526 2840; x_wconf 89' lang='lat' dir='ltr'><strong>et</strong></span> <span class='ocrx_word' id='word_1_167' title='bbox 546 2795 605 2856; x_wconf 93' lang='lat' dir='ltr'><strong>per</strong></span> <span class='ocrx_word' id='word_1_168' title='bbox 628 2795 701 2840; x_wconf 91' lang='lat' dir='ltr'><strong>eam</strong></span> <span class='ocrx_word' id='word_1_169' title='bbox 724 2779 827 2840; x_wconf 91' lang='lat' dir='ltr'><strong>simus</strong></span> <span class='ocrx_word' id='word_1_170' title='bbox 850 2779 1113 2840; x_wconf 90' lang='lat' dir='ltr'><strong>misericordiam</strong></span> 
     </span>
     <span class='ocr_line' id='line_1_28' title="bbox 317 2862 1114 2958; baseline -0.001 -20"><span class='ocrx_word' id='word_1_171' title='bbox 317 2878 498 2940; x_wconf 84' lang='lat' dir='ltr'><strong>consecuti.</strong></span> <span class='ocrx_word' id='word_1_172' title='bbox 516 2879 554 2938; x_wconf 92' lang='lat' dir='ltr'><strong>In</strong></span> <span class='ocrx_word' id='word_1_173' title='bbox 569 2876 641 2952; x_wconf 93' lang='lat' dir='ltr'><strong>ipsa</strong></span> <span class='ocrx_word' id='word_1_174' title='bbox 658 2877 732 2952; x_wconf 91' lang='lat' dir='ltr'><strong>post</strong></span> <span class='ocrx_word' id='word_1_175' title='bbox 753 2876 919 2938; x_wconf 91' lang='lat' dir='ltr'><strong>Christum</strong></span> <span class='ocrx_word' id='word_1_176' title='bbox 945 2862 1114 2958; x_wconf 72' lang='lat' dir='ltr'><strong>praecipue¹</strong></span> 
     </span>
     <span class='ocr_line' id='line_1_29' title="bbox 318 2974 1112 3047; baseline -0.005 -11"><span class='ocrx_word' id='word_1_177' title='bbox 318 2974 436 3047; x_wconf 87' lang='lat' dir='ltr'><strong>fidens,</strong></span> <span class='ocrx_word' id='word_1_178' title='bbox 453 2989 526 3036; x_wconf 88' lang='lat' dir='ltr'><strong>eam</strong></span> <span class='ocrx_word' id='word_1_179' title='bbox 541 2975 594 3034; x_wconf 90' lang='lat' dir='ltr'><strong>sui</strong></span> <span class='ocrx_word' id='word_1_180' title='bbox 608 2989 647 3034; x_wconf 89' lang='lat' dir='ltr'><strong>ac</strong></span> <span class='ocrx_word' id='word_1_181' title='bbox 667 2989 803 3034; x_wconf 90' lang='lat' dir='ltr'><strong>suorum</strong></span> <span class='ocrx_word' id='word_1_182' title='bbox 819 2974 1012 3035; x_wconf 85' lang='lat' dir='ltr'><strong>advocatam</strong></span> <span class='ocrx_word' id='word_1_183' title='bbox 1028 2989 1112 3034; x_wconf 90' lang='lat' dir='ltr'><strong>con-</strong></span> 
     </span>
     <span class='ocr_line' id='line_1_30' title="bbox 317 3070 1115 3148; baseline -0.004 -13"><span class='ocrx_word' id='word_1_184' title='bbox 317 3072 435 3142; x_wconf 89' lang='lat' dir='ltr'><strong>stituit,</strong></span> <span class='ocrx_word' id='word_1_185' title='bbox 451 3073 485 3134; x_wconf 88' lang='lat' dir='ltr'><strong>et</strong></span> <span class='ocrx_word' id='word_1_186' title='bbox 496 3071 536 3132; x_wconf 89' lang='lat' dir='ltr'><strong>ad</strong></span> <span class='ocrx_word' id='word_1_187' title='bbox 552 3071 711 3132; x_wconf 90' lang='lat' dir='ltr'><strong>honorem</strong></span> <span class='ocrx_word' id='word_1_188' title='bbox 726 3071 828 3148; x_wconf 89' lang='lat' dir='ltr'><strong>ipsius</strong></span> <span class='ocrx_word' id='word_1_189' title='bbox 842 3087 861 3132; x_wconf 88' lang='lat' dir='ltr'><strong>a</strong></span> <span class='ocrx_word' id='word_1_190' title='bbox 875 3070 958 3132; x_wconf 89' lang='lat' dir='ltr'><strong>festo</strong></span> <span class='ocrx_word' id='word_1_191' title='bbox 973 3071 1115 3146; x_wconf 87' lang='lat' dir='ltr'><strong>Aposto-</strong></span> 
     </span>
     <span class='ocr_line' id='line_1_31' title="bbox 317 3167 1112 3246; baseline -0.003 -16"><span class='ocrx_word' id='word_1_192' title='bbox 317 3169 426 3232; x_wconf 89' lang='lat' dir='ltr'><strong>lorum</strong></span> <span class='ocrx_word' id='word_1_193' title='bbox 451 3169 542 3230; x_wconf 90' lang='lat' dir='ltr'><strong>Peiri</strong></span> <span class='ocrx_word' id='word_1_194' title='bbox 567 3171 600 3230; x_wconf 89' lang='lat' dir='ltr'><strong>et</strong></span> <span class='ocrx_word' id='word_1_195' title='bbox 620 3167 716 3230; x_wconf 87' lang='lat' dir='ltr'><strong>Pauli</strong></span> <span class='ocrx_word' id='word_1_196' title='bbox 732 3185 835 3246; x_wconf 85' lang='lat' dir='ltr'><strong>usque</strong></span> <span class='ocrx_word' id='word_1_197' title='bbox 856 3167 1112 3230; x_wconf 80' lang='grc'><strong>0110111111-</strong></span> 
     </span>
     <span class='ocr_line' id='line_1_32' title="bbox 317 3265 1114 3344; baseline -0.004 -17"><span class='ocrx_word' id='word_1_198' title='bbox 317 3265 737 3343; x_wconf 82' lang='lat' dir='ltr'><strong>sumptionisderotissime</strong></span> <span class='ocrx_word' id='word_1_199' title='bbox 747 3265 932 3344; x_wconf 89' lang='lat' dir='ltr'><strong>jejunabat.</strong></span> <span class='ocrx_word' id='word_1_200' title='bbox 943 3265 1114 3340; x_wconf 81' lang='lat' dir='ltr'><strong>Argolicis</strong></span> 
     </span>
     <span class='ocr_line' id='line_1_33' title="bbox 314 3362 1114 3440; baseline -0.004 -16"><span class='ocrx_word' id='word_1_201' title='bbox 314 3363 498 3440; x_wconf 89' lang='lat' dir='ltr'><strong>spiritibus,</strong></span> <span class='ocrx_word' id='word_1_202' title='bbox 514 3362 709 3424; x_wconf 86' lang='lat' dir='ltr'><strong>ardentibus</strong></span> <span class='ocrx_word' id='word_1_203' title='bbox 724 3363 801 3438; x_wconf 85' lang='lat' dir='ltr'><strong>igne</strong></span> <span class='ocrx_word' id='word_1_204' title='bbox 825 3363 979 3434; x_wconf 86' lang='lat' dir='ltr'><strong>mirifico,</strong></span> <span class='ocrx_word' id='word_1_205' title='bbox 995 3363 1036 3426; x_wconf 88' lang='lat' dir='ltr'><strong>ad</strong></span> <span class='ocrx_word' id='word_1_206' title='bbox 1049 3377 1114 3422; x_wconf 81' lang='lat' dir='ltr'><strong>ex-</strong></span> 
     </span>
     <span class='ocr_line' id='line_1_34' title="bbox 316 3459 1114 3533; baseline -0.005 -11"><span class='ocrx_word' id='word_1_207' title='bbox 316 3459 500 3522; x_wconf 88' lang='lat' dir='ltr'><strong>cedendum</strong></span> <span class='ocrx_word' id='word_1_208' title='bbox 521 3461 557 3519; x_wconf 94' lang='lat' dir='ltr'><strong>in</strong></span> <span class='ocrx_word' id='word_1_209' title='bbox 582 3463 695 3533; x_wconf 91' lang='lat' dir='ltr'><strong>Deum,</strong></span> <span class='ocrx_word' id='word_1_210' title='bbox 724 3461 756 3522; x_wconf 89' lang='lat' dir='ltr'><strong>et</strong></span> <span class='ocrx_word' id='word_1_211' title='bbox 778 3460 958 3522; x_wconf 88' lang='lat' dir='ltr'><strong>electorum</strong></span> <span class='ocrx_word' id='word_1_212' title='bbox 984 3459 1114 3520; x_wconf 90' lang='lat' dir='ltr'><strong>animas</strong></span> 
     </span>
     <span class='ocr_line' id='line_1_35' title="bbox 315 3556 1115 3634; baseline -0.005 -15"><span class='ocrx_word' id='word_1_213' title='bbox 315 3557 584 3630; x_wconf 88' lang='lat' dir='ltr'><strong>inflammandas,</strong></span> <span class='ocrx_word' id='word_1_214' title='bbox 621 3557 856 3634; x_wconf 86' lang='lat' dir='ltr'><strong>inseparabilis</strong></span> <span class='ocrx_word' id='word_1_215' title='bbox 884 3559 957 3620; x_wconf 89' lang='lat' dir='ltr'><strong>erat</strong></span> <span class='ocrx_word' id='word_1_216' title='bbox 991 3556 1115 3618; x_wconf 89' lang='lat' dir='ltr'><strong>amoris</strong></span> 
     </span>
     <span class='ocr_line' id='line_1_36' title="bbox 316 3654 1115 3732; baseline -0.005 -14"><span class='ocrx_word' id='word_1_217' title='bbox 316 3655 452 3718; x_wconf 82' lang='lat' dir='ltr'><strong>vinculo</strong></span> <span class='ocrx_word' id='word_1_218' title='bbox 465 3655 651 3732; x_wconf 90' lang='lat' dir='ltr'><strong>copulatus,</strong></span> <span class='ocrx_word' id='word_1_219' title='bbox 675 3654 767 3716; x_wconf 80' lang='grc'><strong>01011</strong></span> <span class='ocrx_word' id='word_1_220' title='bbox 787 3655 997 3716; x_wconf 87' lang='lat' dir='ltr'><strong>devotionem</strong></span> <span class='ocrx_word' id='word_1_221' title='bbox 1018 3655 1115 3730; x_wconf 89' lang='lat' dir='ltr'><strong>ipso-</strong></span> 
     </span>
     <span class='ocr_line' id='line_1_37' title="bbox 316 3751 1115 3828; baseline -0.003 -16"><span class='ocrx_word' id='word_1_222' title='bbox 316 3767 391 3812; x_wconf 91' lang='lat' dir='ltr'><strong>rum</strong></span> <span class='ocrx_word' id='word_1_223' title='bbox 418 3752 460 3814; x_wconf 89' lang='lat' dir='ltr'><strong>ab</strong></span> <span class='ocrx_word' id='word_1_224' title='bbox 493 3752 727 3828; x_wconf 87' lang='lat' dir='ltr'><strong>Assumptione</strong></span> <span class='ocrx_word' id='word_1_225' title='bbox 769 3752 918 3828; x_wconf 85' lang='lat' dir='ltr'><strong>Virginis</strong></span> <span class='ocrx_word' id='word_1_226' title='bbox 959 3751 1115 3828; x_wconf 81' lang='lat' dir='ltr'><strong>gloriosae</strong></span> 
     </span>
    </p>
   </div>
   <div class='ocr_carea' id='block_1_7' title="bbox 188 3846 1117 3926">
    <p class='ocr_par' dir='ltr' id='par_1_7' title="bbox 188 3846 1117 3926">
     <span class='ocr_line' id='line_1_38' title="bbox 188 3846 1117 3926; baseline -0.004 -16"><span class='ocrx_word' id='word_1_227' title='bbox 188 3846 194 3854; x_wconf 88' lang='lat'>&#39;</span> <span class='ocrx_word' id='word_1_228' title='bbox 316 3849 537 3926; x_wconf 86' lang='lat' dir='ltr'><strong>quadraginta</strong></span> <span class='ocrx_word' id='word_1_229' title='bbox 561 3848 677 3910; x_wconf 91' lang='lat' dir='ltr'><strong>diebus</strong></span> <span class='ocrx_word' id='word_1_230' title='bbox 699 3851 869 3926; x_wconf 88' lang='lat' dir='ltr'><strong>jejunans,</strong></span> <span class='ocrx_word' id='word_1_231' title='bbox 896 3848 1039 3910; x_wconf 88' lang='lat' dir='ltr'><strong>orationi</strong></span> <span class='ocrx_word' id='word_1_232' title='bbox 1059 3850 1117 3926; x_wconf 87' lang='lat' dir='ltr'><strong>ju-</strong></span> 
     </span>
    </p>
   </div>
   <div class='ocr_carea' id='block_1_8' title="bbox 314 3945 1117 4703">
    <p class='ocr_par' dir='ltr' id='par_1_8' title="bbox 314 3945 1117 4703">
     <span class='ocr_line' id='line_1_39' title="bbox 314 3945 1115 4022; baseline 0.001 -18"><span class='ocrx_word' id='word_1_233' title='bbox 314 3947 401 4022; x_wconf 87' lang='lat' dir='ltr'><strong>giter</strong></span> <span class='ocrx_word' id='word_1_234' title='bbox 416 3945 602 4009; x_wconf 88' lang='lat' dir='ltr'><strong>insistebat.</strong></span> <span class='ocrx_word' id='word_1_235' title='bbox 627 3948 727 4008; x_wconf 88' lang='lat' dir='ltr'><strong>Beato</strong></span> <span class='ocrx_word' id='word_1_236' title='bbox 754 3948 866 4009; x_wconf 91' lang='lat' dir='ltr'><strong>autem</strong></span> <span class='ocrx_word' id='word_1_237' title='bbox 880 3945 1038 4007; x_wconf 89' lang='lat' dir='ltr'><strong>Michaeli</strong></span> <span class='ocrx_word' id='word_1_238' title='bbox 1055 3961 1115 4006; x_wconf 87' lang='lat' dir='ltr'><strong>ar-</strong></span> 
     </span>
     <span class='ocr_line' id='line_1_40' title="bbox 317 4042 1116 4121; baseline -0.005 -15"><span class='ocrx_word' id='word_1_239' title='bbox 317 4044 492 4120; x_wconf 84' lang='lat' dir='ltr'><strong>changelo,</strong></span> <span class='ocrx_word' id='word_1_240' title='bbox 507 4061 545 4106; x_wconf 93' lang='lat' dir='ltr'><strong>eo</strong></span> <span class='ocrx_word' id='word_1_241' title='bbox 562 4045 647 4121; x_wconf 90' lang='lat' dir='ltr'><strong>quod</strong></span> <span class='ocrx_word' id='word_1_242' title='bbox 661 4045 849 4104; x_wconf 90' lang='lat' dir='ltr'><strong>animarum</strong></span> <span class='ocrx_word' id='word_1_243' title='bbox 870 4042 1116 4119; x_wconf 79' lang='lat' dir='ltr'><strong>repraesentan-</strong></span> 
     </span>
     <span class='ocr_line' id='line_1_41' title="bbox 316 4141 1116 4218; baseline -0.003 -16"><span class='ocrx_word' id='word_1_244' title='bbox 316 4141 434 4202; x_wconf 91' lang='lat' dir='ltr'><strong>darum</strong></span> <span class='ocrx_word' id='word_1_245' title='bbox 450 4141 587 4204; x_wconf 90' lang='lat' dir='ltr'><strong>haberet</strong></span> <span class='ocrx_word' id='word_1_246' title='bbox 602 4141 759 4212; x_wconf 83' lang='lat' dir='ltr'><strong>officium,</strong></span> <span class='ocrx_word' id='word_1_247' title='bbox 773 4141 911 4218; x_wconf 87' lang='lat' dir='ltr'><strong>speciali</strong></span> <span class='ocrx_word' id='word_1_248' title='bbox 923 4143 1116 4202; x_wconf 87' lang='lat' dir='ltr'><strong>eratamore</strong></span> 
     </span>
     <span class='ocr_line' id='line_1_42' title="bbox 317 4235 1117 4314; baseline -0.003 -16"><span class='ocrx_word' id='word_1_249' title='bbox 317 4238 480 4310; x_wconf 86' lang='lat' dir='ltr'><strong>devotior,</strong></span> <span class='ocrx_word' id='word_1_250' title='bbox 497 4238 632 4314; x_wconf 91' lang='lat' dir='ltr'><strong>propter</strong></span> <span class='ocrx_word' id='word_1_251' title='bbox 657 4237 821 4298; x_wconf 88' lang='lat' dir='ltr'><strong>fervidum</strong></span> <span class='ocrx_word' id='word_1_252' title='bbox 850 4253 947 4314; x_wconf 90' lang='lat' dir='ltr'><strong>quem</strong></span> <span class='ocrx_word' id='word_1_253' title='bbox 974 4235 1117 4298; x_wconf 89' lang='lat' dir='ltr'><strong>habebat</strong></span> 
     </span>
     <span class='ocr_line' id='line_1_43' title="bbox 316 4334 1114 4396; baseline -0.003 -1"><span class='ocrx_word' id='word_1_254' title='bbox 316 4335 424 4396; x_wconf 89' lang='lat' dir='ltr'><strong>zelum</strong></span> <span class='ocrx_word' id='word_1_255' title='bbox 450 4335 491 4395; x_wconf 90' lang='lat' dir='ltr'><strong>ad</strong></span> <span class='ocrx_word' id='word_1_256' title='bbox 518 4334 660 4396; x_wconf 91' lang='lat' dir='ltr'><strong>salutem</strong></span> <span class='ocrx_word' id='word_1_257' title='bbox 689 4335 837 4396; x_wconf 91' lang='lat' dir='ltr'><strong>omnium</strong></span> <span class='ocrx_word' id='word_1_258' title='bbox 866 4335 1114 4394; x_wconf 88' lang='lat' dir='ltr'><strong>salvandorum.</strong></span> 
     </span>
     <span class='ocr_line' id='line_1_44' title="bbox 317 4431 1116 4502; baseline -0.003 -9"><span class='ocrx_word' id='word_1_259' title='bbox 317 4435 368 4494; x_wconf 81' lang='lat' dir='ltr'><strong>En</strong></span> <span class='ocrx_word' id='word_1_260' title='bbox 392 4431 624 4493; x_wconf 87' lang='lat' dir='ltr'><strong>recordatione</strong></span> <span class='ocrx_word' id='word_1_261' title='bbox 647 4433 836 4492; x_wconf 90' lang='lat' dir='ltr'><strong>sanctorum</strong></span> <span class='ocrx_word' id='word_1_262' title='bbox 854 4431 1013 4502; x_wconf 88' lang='lat' dir='ltr'><strong>omnium,</strong></span> <span class='ocrx_word' id='word_1_263' title='bbox 1036 4432 1116 4493; x_wconf 89' lang='lat' dir='ltr'><strong>tau-</strong></span> 
     </span>
     <span class='ocr_line' id='line_1_45' title="bbox 317 4528 1117 4608; baseline 0 -18"><span class='ocrx_word' id='word_1_264' title='bbox 317 4545 417 4608; x_wconf 85' lang='lat' dir='ltr'><strong>quam</strong></span> <span class='ocrx_word' id='word_1_265' title='bbox 432 4529 579 4606; x_wconf 90' lang='lat' dir='ltr'><strong>lapidum</strong></span> <span class='ocrx_word' id='word_1_266' title='bbox 595 4528 787 4606; x_wconf 89' lang='lat' dir='ltr'><strong>ignitorum,</strong></span> <span class='ocrx_word' id='word_1_267' title='bbox 804 4529 838 4588; x_wconf 96' lang='lat' dir='ltr'><strong>in</strong></span> <span class='ocrx_word' id='word_1_268' title='bbox 854 4529 1007 4590; x_wconf 90' lang='lat' dir='ltr'><strong>deificum</strong></span> <span class='ocrx_word' id='word_1_269' title='bbox 1026 4544 1117 4590; x_wconf 89' lang='lat' dir='ltr'><strong>reca-</strong></span> 
     </span>
     <span class='ocr_line' id='line_1_46' title="bbox 317 4626 1117 4703; baseline -0.003 -15"><span class='ocrx_word' id='word_1_270' title='bbox 317 4627 465 4689; x_wconf 89' lang='lat' dir='ltr'><strong>lescebat</strong></span> <span class='ocrx_word' id='word_1_271' title='bbox 486 4626 692 4698; x_wconf 89' lang='lat' dir='ltr'><strong>incendium,</strong></span> <span class='ocrx_word' id='word_1_272' title='bbox 718 4626 893 4703; x_wconf 76' lang='lat' dir='ltr'><strong>Apostolos</strong></span> <span class='ocrx_word' id='word_1_273' title='bbox 923 4641 1057 4698; x_wconf 92' lang='lat' dir='ltr'><strong>omnes,</strong></span> <span class='ocrx_word' id='word_1_274' title='bbox 1084 4627 1117 4687; x_wconf 88' lang='lat' dir='ltr'><strong>et</strong></span> 
     </span>
    </p>
   </div>
   <div class='ocr_carea' id='block_1_9' title="bbox 1165 739 1973 4706">
    <p class='ocr_par' dir='ltr' id='par_1_9' title="bbox 1165 739 1966 2258">
     <span class='ocr_line' id='line_1_47' title="bbox 1165 739 1962 816; baseline -0.001 -17"><span class='ocrx_word' id='word_1_275' title='bbox 1165 754 1317 800; x_wconf 89' lang='lat' dir='ltr'><strong>cremans</strong></span> <span class='ocrx_word' id='word_1_276' title='bbox 1329 739 1587 816; x_wconf 49' lang='lat' dir='ltr'><strong>thymiamatum</strong></span> <span class='ocrx_word' id='word_1_277' title='bbox 1597 741 1707 799; x_wconf 91' lang='lat' dir='ltr'><strong>autem</strong></span> <span class='ocrx_word' id='word_1_278' title='bbox 1719 754 1796 799; x_wconf 92' lang='lat' dir='ltr'><strong>eum</strong></span> <span class='ocrx_word' id='word_1_279' title='bbox 1808 739 1962 800; x_wconf 89' lang='lat' dir='ltr'><strong>caritatis</strong></span> 
     </span>
     <span class='ocr_line' id='line_1_48' title="bbox 1165 835 1960 907; baseline -0.001 -10"><span class='ocrx_word' id='word_1_280' title='bbox 1165 837 1339 898; x_wconf 81' lang='lat' dir='ltr'><strong>excessiva</strong></span> <span class='ocrx_word' id='word_1_281' title='bbox 1356 837 1487 897; x_wconf 86' lang='lat' dir='ltr'><strong>devotio</strong></span> <span class='ocrx_word' id='word_1_282' title='bbox 1499 851 1629 896; x_wconf 92' lang='lat' dir='ltr'><strong>sursum</strong></span> <span class='ocrx_word' id='word_1_283' title='bbox 1643 836 1678 895; x_wconf 93' lang='lat' dir='ltr'><strong>in</strong></span> <span class='ocrx_word' id='word_1_284' title='bbox 1691 835 1805 896; x_wconf 87' lang='lat' dir='ltr'><strong>divina</strong></span> <span class='ocrx_word' id='word_1_285' title='bbox 1817 835 1960 907; x_wconf 87' lang='lat' dir='ltr'><strong>ferebat,</strong></span> 
     </span>
     <span class='ocr_line' id='line_1_49' title="bbox 1166 933 1962 1011; baseline 0 -17"><span class='ocrx_word' id='word_1_286' title='bbox 1166 935 1201 995; x_wconf 90' lang='lat' dir='ltr'><strong>ut</strong></span> <span class='ocrx_word' id='word_1_287' title='bbox 1213 935 1361 1011; x_wconf 87' lang='lat' dir='ltr'><strong>ejusdem</strong></span> <span class='ocrx_word' id='word_1_288' title='bbox 1377 934 1559 995; x_wconf 83' lang='lat' dir='ltr'><strong>affectuosa</strong></span> <span class='ocrx_word' id='word_1_289' title='bbox 1571 933 1760 1008; x_wconf 87' lang='lat' dir='ltr'><strong>benignitas</strong></span> <span class='ocrx_word' id='word_1_290' title='bbox 1773 933 1814 993; x_wconf 91' lang='lat' dir='ltr'><strong>ad</strong></span> <span class='ocrx_word' id='word_1_291' title='bbox 1830 935 1962 994; x_wconf 87' lang='lat' dir='ltr'><strong>naturae</strong></span> 
     </span>
     <span class='ocr_line' id='line_1_50' title="bbox 1166 1029 1964 1106; baseline -0.003 -14"><span class='ocrx_word' id='word_1_292' title='bbox 1166 1033 1335 1092; x_wconf 88' lang='lat' dir='ltr'><strong>consortes</strong></span> <span class='ocrx_word' id='word_1_293' title='bbox 1355 1031 1388 1092; x_wconf 91' lang='lat' dir='ltr'><strong>et</strong></span> <span class='ocrx_word' id='word_1_294' title='bbox 1412 1030 1529 1106; x_wconf 88' lang='lat' dir='ltr'><strong>gratiae</strong></span> <span class='ocrx_word' id='word_1_295' title='bbox 1550 1029 1718 1091; x_wconf 87' lang='lat' dir='ltr'><strong>dilataret.</strong></span> <span class='ocrx_word' id='word_1_296' title='bbox 1738 1031 1841 1100; x_wconf 89' lang='lat' dir='ltr'><strong>Quem</strong></span> <span class='ocrx_word' id='word_1_297' title='bbox 1867 1031 1964 1091; x_wconf 91' lang='lat' dir='ltr'><strong>enim</strong></span> 
     </span>
     <span class='ocr_line' id='line_1_51' title="bbox 1166 1127 1963 1214; baseline -0.003 -26"><span class='ocrx_word' id='word_1_298' title='bbox 1166 1129 1329 1189; x_wconf 91' lang='lat' dir='ltr'><strong>creaturis</strong></span> <span class='ocrx_word' id='word_1_299' title='bbox 1353 1127 1484 1188; x_wconf 82' lang='lat' dir='ltr'><strong>cmteris</strong></span> <span class='ocrx_word' id='word_1_300' title='bbox 1507 1142 1703 1214; x_wconf 84' lang='lat' dir='ltr'><strong>germanum</strong></span> <span class='ocrx_word' id='word_1_301' title='bbox 1726 1127 1833 1202; x_wconf 89' lang='lat' dir='ltr'><strong>pietas</strong></span> <span class='ocrx_word' id='word_1_302' title='bbox 1848 1127 1963 1188; x_wconf 89' lang='lat' dir='ltr'><strong>cordis</strong></span> 
     </span>
     <span class='ocr_line' id='line_1_52' title="bbox 1167 1223 1962 1296; baseline -0.001 -11"><span class='ocrx_word' id='word_1_303' title='bbox 1167 1224 1333 1295; x_wconf 82' lang='lat' dir='ltr'><strong>effecerat,</strong></span> <span class='ocrx_word' id='word_1_304' title='bbox 1348 1224 1469 1286; x_wconf 91' lang='lat' dir='ltr'><strong>mirum</strong></span> <span class='ocrx_word' id='word_1_305' title='bbox 1484 1226 1625 1296; x_wconf 87' lang='lat' dir='ltr'><strong>nonest,</strong></span> <span class='ocrx_word' id='word_1_306' title='bbox 1642 1224 1671 1284; x_wconf 91' lang='lat' dir='ltr'><strong>si</strong></span> <span class='ocrx_word' id='word_1_307' title='bbox 1687 1223 1855 1286; x_wconf 80' lang='lat' dir='ltr'><strong>creatoris</strong></span> <span class='ocrx_word' id='word_1_308' title='bbox 1870 1224 1962 1284; x_wconf 90' lang='lat' dir='ltr'><strong>insi-</strong></span> 
     </span>
     <span class='ocr_line' id='line_1_53' title="bbox 1166 1320 1966 1398; baseline 0 -17"><span class='ocrx_word' id='word_1_309' title='bbox 1166 1321 1267 1397; x_wconf 87' lang='lat' dir='ltr'><strong>gnitis</strong></span> <span class='ocrx_word' id='word_1_310' title='bbox 1283 1321 1440 1397; x_wconf 86' lang='lat' dir='ltr'><strong>imagine,</strong></span> <span class='ocrx_word' id='word_1_311' title='bbox 1457 1326 1490 1382; x_wconf 92' lang='lat' dir='ltr'><strong>et</strong></span> <span class='ocrx_word' id='word_1_312' title='bbox 1505 1321 1667 1396; x_wconf 87' lang='lat' dir='ltr'><strong>sanguine</strong></span> <span class='ocrx_word' id='word_1_313' title='bbox 1682 1320 1865 1398; x_wconf 89' lang='lat' dir='ltr'><strong>redemptis</strong></span> <span class='ocrx_word' id='word_1_314' title='bbox 1880 1336 1966 1382; x_wconf 87' lang='lat' dir='ltr'><strong>auc-</strong></span> 
     </span>
     <span class='ocr_line' id='line_1_54' title="bbox 1167 1417 1963 1494; baseline 0 -16"><span class='ocrx_word' id='word_1_315' title='bbox 1167 1419 1260 1490; x_wconf 90' lang='lat' dir='ltr'><strong>toris,</strong></span> <span class='ocrx_word' id='word_1_316' title='bbox 1273 1419 1517 1494; x_wconf 87' lang='lat' dir='ltr'><strong>germaniorem</strong></span> <span class='ocrx_word' id='word_1_317' title='bbox 1531 1418 1654 1480; x_wconf 85' lang='lat' dir='ltr'><strong>Christi</strong></span> <span class='ocrx_word' id='word_1_318' title='bbox 1666 1418 1790 1480; x_wconf 90' lang='lat' dir='ltr'><strong>caritas</strong></span> <span class='ocrx_word' id='word_1_319' title='bbox 1806 1417 1963 1479; x_wconf 83' lang='lat' dir='ltr'><strong>faciebat.</strong></span> 
     </span>
     <span class='ocr_line' id='line_1_55' title="bbox 1167 1514 1965 1592; baseline -0.003 -16"><span class='ocrx_word' id='word_1_320' title='bbox 1167 1517 1241 1576; x_wconf 94' lang='lat' dir='ltr'><strong>Non</strong></span> <span class='ocrx_word' id='word_1_321' title='bbox 1254 1531 1290 1576; x_wconf 91' lang='lat' dir='ltr'><strong>se</strong></span> <span class='ocrx_word' id='word_1_322' title='bbox 1302 1516 1425 1576; x_wconf 89' lang='lat' dir='ltr'><strong>Christi</strong></span> <span class='ocrx_word' id='word_1_323' title='bbox 1441 1515 1615 1592; x_wconf 87' lang='lat' dir='ltr'><strong>reputabat</strong></span> <span class='ocrx_word' id='word_1_324' title='bbox 1627 1515 1782 1587; x_wconf 91' lang='lat' dir='ltr'><strong>amicum,</strong></span> <span class='ocrx_word' id='word_1_325' title='bbox 1800 1514 1866 1576; x_wconf 91' lang='lat' dir='ltr'><strong>nisi</strong></span> <span class='ocrx_word' id='word_1_326' title='bbox 1881 1515 1965 1575; x_wconf 89' lang='lat' dir='ltr'><strong>ani·</strong></span> 
     </span>
     <span class='ocr_line' id='line_1_56' title="bbox 1167 1612 1965 1689; baseline -0.001 -17"><span class='ocrx_word' id='word_1_327' title='bbox 1167 1612 1390 1684; x_wconf 86' lang='grc'><strong>1011010101,</strong></span> <span class='ocrx_word' id='word_1_328' title='bbox 1407 1628 1489 1689; x_wconf 89' lang='lat' dir='ltr'><strong>quas</strong></span> <span class='ocrx_word' id='word_1_329' title='bbox 1508 1612 1565 1672; x_wconf 94' lang='lat' dir='ltr'><strong>ille</strong></span> <span class='ocrx_word' id='word_1_330' title='bbox 1587 1612 1737 1674; x_wconf 88' lang='lat' dir='ltr'><strong>redemit.</strong></span> <span class='ocrx_word' id='word_1_331' title='bbox 1754 1612 1861 1674; x_wconf 88' lang='lat' dir='ltr'><strong>Saluti</strong></span> <span class='ocrx_word' id='word_1_332' title='bbox 1880 1612 1965 1672; x_wconf 89' lang='lat' dir='ltr'><strong>ani-</strong></span> 
     </span>
     <span class='ocr_line' id='line_1_57' title="bbox 1167 1709 1966 1787; baseline 0 -17"><span class='ocrx_word' id='word_1_333' title='bbox 1167 1726 1295 1771; x_wconf 91' lang='lat' dir='ltr'><strong>marum</strong></span> <span class='ocrx_word' id='word_1_334' title='bbox 1311 1711 1396 1772; x_wconf 93' lang='lat' dir='ltr'><strong>nihil</strong></span> <span class='ocrx_word' id='word_1_335' title='bbox 1412 1710 1656 1787; x_wconf 68' lang='lat' dir='ltr'><strong>praeferendum</strong></span> <span class='ocrx_word' id='word_1_336' title='bbox 1674 1725 1748 1770; x_wconf 88' lang='lat' dir='ltr'><strong>esse</strong></span> <span class='ocrx_word' id='word_1_337' title='bbox 1764 1709 1906 1782; x_wconf 91' lang='lat' dir='ltr'><strong>dicebat,</strong></span> <span class='ocrx_word' id='word_1_338' title='bbox 1922 1725 1966 1772; x_wconf 91' lang='lat' dir='ltr'><strong>eo</strong></span> 
     </span>
     <span class='ocr_line' id='line_1_58' title="bbox 1168 1806 1966 1884; baseline 0 -16"><span class='ocrx_word' id='word_1_339' title='bbox 1168 1808 1312 1872; x_wconf 85' lang='lat' dir='ltr'><strong>maxime</strong></span> <span class='ocrx_word' id='word_1_340' title='bbox 1334 1806 1490 1884; x_wconf 87' lang='lat' dir='ltr'><strong>probans,</strong></span> <span class='ocrx_word' id='word_1_341' title='bbox 1508 1807 1593 1884; x_wconf 87' lang='lat' dir='ltr'><strong>quod</strong></span> <span class='ocrx_word' id='word_1_342' title='bbox 1608 1806 1804 1882; x_wconf 89' lang='lat' dir='ltr'><strong>Unigenitus</strong></span> <span class='ocrx_word' id='word_1_343' title='bbox 1827 1807 1885 1868; x_wconf 91' lang='lat' dir='ltr'><strong>Dei</strong></span> <span class='ocrx_word' id='word_1_344' title='bbox 1902 1823 1966 1884; x_wconf 88' lang='lat' dir='ltr'><strong>pro</strong></span> 
     </span>
     <span class='ocr_line' id='line_1_59' title="bbox 1169 1905 1962 1981; baseline -0.003 -15"><span class='ocrx_word' id='word_1_345' title='bbox 1169 1905 1346 1966; x_wconf 71' lang='lat' dir='ltr'><strong>animabus</strong></span> <span class='ocrx_word' id='word_1_346' title='bbox 1358 1905 1512 1980; x_wconf 88' lang='lat' dir='ltr'><strong>dignatus</strong></span> <span class='ocrx_word' id='word_1_347' title='bbox 1526 1905 1671 1965; x_wconf 90' lang='lat' dir='ltr'><strong>fueritin</strong></span> <span class='ocrx_word' id='word_1_348' title='bbox 1686 1919 1785 1966; x_wconf 91' lang='lat' dir='ltr'><strong>cruce</strong></span> <span class='ocrx_word' id='word_1_349' title='bbox 1801 1905 1962 1981; x_wconf 90' lang='lat' dir='ltr'><strong>pendere.</strong></span> 
     </span>
     <span class='ocr_line' id='line_1_60' title="bbox 1169 2001 1963 2078; baseline -0.001 -15"><span class='ocrx_word' id='word_1_350' title='bbox 1169 2003 1254 2063; x_wconf 90' lang='lat' dir='ltr'><strong>Hinc</strong></span> <span class='ocrx_word' id='word_1_351' title='bbox 1270 2001 1332 2062; x_wconf 92' lang='lat' dir='ltr'><strong>sibi</strong></span> <span class='ocrx_word' id='word_1_352' title='bbox 1349 2002 1383 2062; x_wconf 92' lang='lat' dir='ltr'><strong>in</strong></span> <span class='ocrx_word' id='word_1_353' title='bbox 1404 2003 1555 2064; x_wconf 90' lang='lat' dir='ltr'><strong>oratione</strong></span> <span class='ocrx_word' id='word_1_354' title='bbox 1579 2001 1757 2074; x_wconf 85' lang='lat' dir='ltr'><strong>luctamen,</strong></span> <span class='ocrx_word' id='word_1_355' title='bbox 1781 2001 1816 2062; x_wconf 92' lang='lat' dir='ltr'><strong>in</strong></span> <span class='ocrx_word' id='word_1_356' title='bbox 1832 2002 1963 2078; x_wconf 69' lang='grc'><strong>110111-</strong></span> 
     </span>
     <span class='ocr_line' id='line_1_61' title="bbox 1169 2098 1966 2176; baseline 0 -16"><span class='ocrx_word' id='word_1_357' title='bbox 1169 2100 1300 2160; x_wconf 91' lang='lat' dir='ltr'><strong>catione</strong></span> <span class='ocrx_word' id='word_1_358' title='bbox 1327 2099 1510 2168; x_wconf 86' lang='lat' dir='ltr'><strong>discursus,</strong></span> <span class='ocrx_word' id='word_1_359' title='bbox 1537 2100 1569 2162; x_wconf 91' lang='lat' dir='ltr'><strong>et</strong></span> <span class='ocrx_word' id='word_1_360' title='bbox 1598 2100 1634 2158; x_wconf 91' lang='lat' dir='ltr'><strong>in</strong></span> <span class='ocrx_word' id='word_1_361' title='bbox 1655 2098 1818 2176; x_wconf 84' lang='lat' dir='ltr'><strong>exemplis</strong></span> <span class='ocrx_word' id='word_1_362' title='bbox 1839 2098 1966 2160; x_wconf 87' lang='lat' dir='ltr'><strong>dandis</strong></span> 
     </span>
     <span class='ocr_line' id='line_1_62' title="bbox 1168 2213 1338 2258; baseline 0 0"><span class='ocrx_word' id='word_1_363' title='bbox 1168 2213 1338 2258; x_wconf 74' lang='lat' dir='ltr'><strong>excessua.</strong></span> 
     </span>
    </p>

    <p class='ocr_par' dir='ltr' id='par_1_10' title="bbox 1167 2293 1969 3440">
     <span class='ocr_line' id='line_1_63' title="bbox 1209 2293 1966 2371; baseline -0.003 -15"><span class='ocrx_word' id='word_1_364' title='bbox 1209 2295 1302 2356; x_wconf 89' lang='lat' dir='ltr'><strong>Unde</strong></span> <span class='ocrx_word' id='word_1_365' title='bbox 1317 2293 1470 2371; x_wconf 89' lang='lat' dir='ltr'><strong>quotiens</strong></span> <span class='ocrx_word' id='word_1_366' title='bbox 1481 2294 1659 2357; x_wconf 89' lang='lat' dir='ltr'><strong>austeritas</strong></span> <span class='ocrx_word' id='word_1_367' title='bbox 1671 2293 1774 2355; x_wconf 91' lang='lat' dir='ltr'><strong>nimia</strong></span> <span class='ocrx_word' id='word_1_368' title='bbox 1783 2293 1966 2370; x_wconf 88' lang='lat' dir='ltr'><strong>reprehen-</strong></span> 
     </span>
     <span class='ocr_line' id='line_1_64' title="bbox 1168 2390 1967 2468; baseline -0.003 -16"><span class='ocrx_word' id='word_1_369' title='bbox 1168 2391 1303 2452; x_wconf 89' lang='lat' dir='ltr'><strong>deretur</strong></span> <span class='ocrx_word' id='word_1_370' title='bbox 1314 2392 1350 2452; x_wconf 91' lang='lat' dir='ltr'><strong>in</strong></span> <span class='ocrx_word' id='word_1_371' title='bbox 1363 2392 1447 2468; x_wconf 91' lang='lat' dir='ltr'><strong>ipso,</strong></span> <span class='ocrx_word' id='word_1_372' title='bbox 1464 2391 1686 2467; x_wconf 90' lang='lat' dir='ltr'><strong>respondebat</strong></span> <span class='ocrx_word' id='word_1_373' title='bbox 1708 2407 1743 2451; x_wconf 91' lang='lat' dir='ltr'><strong>se</strong></span> <span class='ocrx_word' id='word_1_374' title='bbox 1761 2390 1873 2452; x_wconf 87' lang='lat' dir='ltr'><strong>datum</strong></span> <span class='ocrx_word' id='word_1_375' title='bbox 1886 2390 1967 2452; x_wconf 90' lang='lat' dir='ltr'><strong>aliis</strong></span> 
     </span>
     <span class='ocr_line' id='line_1_65' title="bbox 1167 2488 1967 2565; baseline -0.001 -15"><span class='ocrx_word' id='word_1_376' title='bbox 1167 2489 1203 2550; x_wconf 94' lang='lat' dir='ltr'><strong>in</strong></span> <span class='ocrx_word' id='word_1_377' title='bbox 1219 2489 1417 2565; x_wconf 83' lang='lat' dir='ltr'><strong>exemplum.</strong></span> <span class='ocrx_word' id='word_1_378' title='bbox 1429 2489 1522 2550; x_wconf 87' lang='lat' dir='ltr'><strong>Licet</strong></span> <span class='ocrx_word' id='word_1_379' title='bbox 1533 2489 1622 2550; x_wconf 90' lang='lat' dir='ltr'><strong>enim</strong></span> <span class='ocrx_word' id='word_1_380' title='bbox 1633 2488 1793 2549; x_wconf 90' lang='lat' dir='ltr'><strong>innocens</strong></span> <span class='ocrx_word' id='word_1_381' title='bbox 1801 2490 1874 2564; x_wconf 85' lang='lat' dir='ltr'><strong>ejus</strong></span> <span class='ocrx_word' id='word_1_382' title='bbox 1884 2503 1967 2550; x_wconf 90' lang='lat' dir='ltr'><strong>caro</strong></span> 
     </span>
     <span class='ocr_line' id='line_1_66' title="bbox 1168 2583 1967 2662; baseline 0.003 -18"><span class='ocrx_word' id='word_1_383' title='bbox 1168 2589 1323 2662; x_wconf 88' lang='lat' dir='ltr'><strong>quaejam</strong></span> <span class='ocrx_word' id='word_1_384' title='bbox 1343 2601 1378 2645; x_wconf 91' lang='lat' dir='ltr'><strong>se</strong></span> <span class='ocrx_word' id='word_1_385' title='bbox 1392 2589 1508 2662; x_wconf 88' lang='lat' dir='ltr'><strong>sponte</strong></span> <span class='ocrx_word' id='word_1_386' title='bbox 1532 2584 1692 2646; x_wconf 90' lang='lat' dir='ltr'><strong>subdebat</strong></span> <span class='ocrx_word' id='word_1_387' title='bbox 1706 2584 1850 2660; x_wconf 91' lang='lat' dir='ltr'><strong>spiritui,</strong></span> <span class='ocrx_word' id='word_1_388' title='bbox 1872 2583 1967 2646; x_wconf 91' lang='lat' dir='ltr'><strong>nullo</strong></span> 
     </span>
     <span class='ocr_line' id='line_1_67' title="bbox 1168 2681 1967 2760; baseline -0.003 -16"><span class='ocrx_word' id='word_1_389' title='bbox 1168 2685 1280 2758; x_wconf 88' lang='lat' dir='ltr'><strong>egeret</strong></span> <span class='ocrx_word' id='word_1_390' title='bbox 1315 2683 1447 2758; x_wconf 89' lang='lat' dir='ltr'><strong>fiagello</strong></span> <span class='ocrx_word' id='word_1_391' title='bbox 1485 2685 1619 2760; x_wconf 92' lang='lat' dir='ltr'><strong>propter</strong></span> <span class='ocrx_word' id='word_1_392' title='bbox 1654 2681 1811 2753; x_wconf 83' lang='lat' dir='ltr'><strong>offensas,</strong></span> <span class='ocrx_word' id='word_1_393' title='bbox 1851 2683 1967 2743; x_wconf 88' lang='lat' dir='ltr'><strong>tamen</strong></span> 
     </span>
     <span class='ocr_line' id='line_1_68' title="bbox 1169 2779 1968 2856; baseline -0.001 -15"><span class='ocrx_word' id='word_1_394' title='bbox 1169 2781 1312 2856; x_wconf 79' lang='lat' dir='ltr'><strong>exempli</strong></span> <span class='ocrx_word' id='word_1_395' title='bbox 1349 2795 1452 2841; x_wconf 89' lang='lat' dir='ltr'><strong>causa</strong></span> <span class='ocrx_word' id='word_1_396' title='bbox 1491 2779 1673 2840; x_wconf 87' lang='lat' dir='ltr'><strong>renovabat</strong></span> <span class='ocrx_word' id='word_1_397' title='bbox 1701 2779 1752 2840; x_wconf 96' lang='lat' dir='ltr'><strong>illi</strong></span> <span class='ocrx_word' id='word_1_398' title='bbox 1792 2794 1906 2856; x_wconf 81' lang='lat' dir='ltr'><strong>poenas</strong></span> <span class='ocrx_word' id='word_1_399' title='bbox 1932 2779 1968 2840; x_wconf 93' lang='lat' dir='ltr'><strong>et</strong></span> 
     </span>
     <span class='ocr_line' id='line_1_69' title="bbox 1169 2875 1966 2954; baseline -0.005 -16"><span class='ocrx_word' id='word_1_400' title='bbox 1169 2891 1282 2948; x_wconf 90' lang='lat' dir='ltr'><strong>onera,</strong></span> <span class='ocrx_word' id='word_1_401' title='bbox 1297 2876 1487 2938; x_wconf 91' lang='lat' dir='ltr'><strong>custodiens</strong></span> <span class='ocrx_word' id='word_1_402' title='bbox 1507 2878 1641 2954; x_wconf 88' lang='lat' dir='ltr'><strong>propter</strong></span> <span class='ocrx_word' id='word_1_403' title='bbox 1658 2875 1743 2936; x_wconf 87' lang='lat' dir='ltr'><strong>alios</strong></span> <span class='ocrx_word' id='word_1_404' title='bbox 1760 2876 1833 2936; x_wconf 88' lang='lat' dir='ltr'><strong>vias</strong></span> <span class='ocrx_word' id='word_1_405' title='bbox 1848 2876 1966 2936; x_wconf 87' lang='lat' dir='ltr'><strong>duras.</strong></span> 
     </span>
     <span class='ocr_line' id='line_1_70' title="bbox 1169 2973 1967 3049; baseline -0.003 -15"><span class='ocrx_word' id='word_1_406' title='bbox 1169 2973 1311 3036; x_wconf 86' lang='lat' dir='ltr'><strong>Dicebat</strong></span> <span class='ocrx_word' id='word_1_407' title='bbox 1329 2973 1418 3034; x_wconf 91' lang='lat' dir='ltr'><strong>enim</strong></span> <span class='ocrx_word' id='word_1_408' title='bbox 1434 2977 1488 3036; x_wconf 83' lang='lat' dir='ltr'><strong>:St</strong></span> <span class='ocrx_word' id='word_1_409' title='bbox 1501 2977 1628 3049; x_wconf 77' lang='lat' dir='ltr'><strong>tinguis</strong></span> <span class='ocrx_word' id='word_1_410' title='bbox 1640 2976 1818 3035; x_wconf 81' lang='lat' dir='ltr'><strong>bominum</strong></span> <span class='ocrx_word' id='word_1_411' title='bbox 1831 2977 1967 3048; x_wconf 79' lang='lat' dir='ltr'><strong>loquar,</strong></span> 
     </span>
     <span class='ocr_line' id='line_1_71' title="bbox 1169 3069 1968 3147; baseline -0.001 -13"><span class='ocrx_word' id='word_1_412' title='bbox 1169 3073 1203 3134; x_wconf 83' lang='lat' dir='ltr'><strong>ct</strong></span> <span class='ocrx_word' id='word_1_413' title='bbox 1219 3077 1422 3147; x_wconf 79' lang='lat' dir='ltr'><strong>urtpctorum</strong></span> <span class='ocrx_word' id='word_1_414' title='bbox 1435 3072 1620 3132; x_wconf 83' lang='lat' dir='ltr'><strong>caritatem</strong></span> <span class='ocrx_word' id='word_1_415' title='bbox 1637 3071 1754 3132; x_wconf 85' lang='lat' dir='ltr'><strong>autem</strong></span> <span class='ocrx_word' id='word_1_416' title='bbox 1769 3071 1804 3131; x_wconf 91' lang='lat' dir='ltr'><strong>in</strong></span> <span class='ocrx_word' id='word_1_417' title='bbox 1820 3086 1872 3131; x_wconf 91' lang='lat' dir='ltr'><strong>me</strong></span> <span class='ocrx_word' id='word_1_418' title='bbox 1890 3069 1968 3146; x_wconf 89' lang='lat' dir='ltr'><strong>ipso</strong></span> 
     </span>
     <span class='ocr_line' id='line_1_72' title="bbox 1169 3166 1969 3248; baseline -0.003 -18"><span class='ocrx_word' id='word_1_419' title='bbox 1169 3185 1238 3230; x_wconf 84' lang='lat' dir='ltr'><strong>uon</strong></span> <span class='ocrx_word' id='word_1_420' title='bbox 1264 3173 1409 3230; x_wconf 81' lang='lat' dir='ltr'><strong>habeam</strong></span> <span class='ocrx_word' id='word_1_421' title='bbox 1436 3166 1465 3248; x_wconf 90' lang='grc' dir='ltr'><strong>(Ι</strong></span> <span class='ocrx_word' id='word_1_422' title='bbox 1488 3169 1574 3241; x_wconf 74' lang='grc'><strong>(101,</strong></span> <span class='ocrx_word' id='word_1_423' title='bbox 1601 3183 1674 3239; x_wconf 84' lang='grc'><strong>1111,</strong></span> <span class='ocrx_word' id='word_1_424' title='bbox 1692 3167 1736 3246; x_wconf 93' lang='grc'><strong>1),</strong></span> <span class='ocrx_word' id='word_1_425' title='bbox 1754 3169 1787 3230; x_wconf 91' lang='grc'><strong>01</strong></span> <span class='ocrx_word' id='word_1_426' title='bbox 1804 3169 1969 3244; x_wconf 83' lang='lat' dir='ltr'><strong>proximis</strong></span> 
     </span>
     <span class='ocr_line' id='line_1_73' title="bbox 1169 3265 1968 3342; baseline -0.001 -15"><span class='ocrx_word' id='word_1_427' title='bbox 1169 3267 1328 3329; x_wconf 83' lang='lat' dir='ltr'><strong>virtutum</strong></span> <span class='ocrx_word' id='word_1_428' title='bbox 1350 3265 1521 3342; x_wconf 86' lang='lat' dir='ltr'><strong>exemplar</strong></span> <span class='ocrx_word' id='word_1_429' title='bbox 1540 3280 1606 3327; x_wconf 90' lang='lat' dir='ltr'><strong>non</strong></span> <span class='ocrx_word' id='word_1_430' title='bbox 1629 3267 1821 3338; x_wconf 87' lang='lat' dir='ltr'><strong>monstrem,</strong></span> <span class='ocrx_word' id='word_1_431' title='bbox 1845 3281 1968 3342; x_wconf 86' lang='lat' dir='ltr'><strong>parurn</strong></span> 
     </span>
     <span class='ocr_line' id='line_1_74' title="bbox 1170 3362 1643 3440; baseline -0.004 -16"><span class='ocrx_word' id='word_1_432' title='bbox 1170 3379 1323 3440; x_wconf 87' lang='lat' dir='ltr'><strong>prorsum</strong></span> <span class='ocrx_word' id='word_1_433' title='bbox 1337 3363 1424 3434; x_wconf 89' lang='lat' dir='ltr'><strong>aliis,</strong></span> <span class='ocrx_word' id='word_1_434' title='bbox 1442 3362 1523 3422; x_wconf 91' lang='lat' dir='ltr'><strong>mihi</strong></span> <span class='ocrx_word' id='word_1_435' title='bbox 1547 3362 1643 3424; x_wconf 92' lang='lat' dir='ltr'><strong>nihil.</strong></span> 
     </span>
    </p>

    <p class='ocr_par' dir='ltr' id='par_1_11' title="bbox 1170 3458 1973 4706">
     <span class='ocr_line' id='line_1_75' title="bbox 1209 3458 1968 3537; baseline -0.001 -16"><span class='ocrx_word' id='word_1_436' title='bbox 1209 3461 1365 3522; x_wconf 84' lang='lat' dir='ltr'><strong>Ferventi</strong></span> <span class='ocrx_word' id='word_1_437' title='bbox 1390 3476 1519 3537; x_wconf 82' lang='lat' dir='ltr'><strong>quoque</strong></span> <span class='ocrx_word' id='word_1_438' title='bbox 1539 3459 1690 3523; x_wconf 88' lang='lat' dir='ltr'><strong>caritatis</strong></span> <span class='ocrx_word' id='word_1_439' title='bbox 1711 3459 1867 3521; x_wconf 90' lang='lat' dir='ltr'><strong>incendio</strong></span> <span class='ocrx_word' id='word_1_440' title='bbox 1886 3458 1968 3534; x_wconf 87' lang='lat' dir='ltr'><strong>glo-</strong></span> 
     </span>
     <span class='ocr_line' id='line_1_76' title="bbox 1170 3555 1970 3634; baseline -0.003 -16"><span class='ocrx_word' id='word_1_441' title='bbox 1170 3558 1296 3618; x_wconf 91' lang='lat' dir='ltr'><strong>riosum</strong></span> <span class='ocrx_word' id='word_1_442' title='bbox 1320 3559 1510 3618; x_wconf 90' lang='lat' dir='ltr'><strong>sauctorum</strong></span> <span class='ocrx_word' id='word_1_443' title='bbox 1538 3559 1721 3634; x_wconf 83' lang='lat' dir='ltr'><strong>martyrum</strong></span> <span class='ocrx_word' id='word_1_444' title='bbox 1747 3555 1970 3618; x_wconf 72' lang='lat' dir='ltr'><strong>emulabatur</strong></span> 
     </span>
     <span class='ocr_line' id='line_1_77' title="bbox 1170 3655 1968 3732; baseline -0.001 -16"><span class='ocrx_word' id='word_1_445' title='bbox 1170 3655 1386 3731; x_wconf 91' lang='lat' dir='ltr'><strong>triumphum,</strong></span> <span class='ocrx_word' id='word_1_446' title='bbox 1413 3655 1583 3732; x_wconf 85' lang='lat' dir='ltr'><strong>inquibus</strong></span> <span class='ocrx_word' id='word_1_447' title='bbox 1610 3671 1671 3716; x_wconf 92' lang='lat' dir='ltr'><strong>nec</strong></span> <span class='ocrx_word' id='word_1_448' title='bbox 1687 3656 1811 3717; x_wconf 90' lang='lat' dir='ltr'><strong>amoris</strong></span> <span class='ocrx_word' id='word_1_449' title='bbox 1833 3655 1968 3716; x_wconf 87' lang='lat' dir='ltr'><strong>damma</strong></span> 
     </span>
     <span class='ocr_line' id='line_1_78' title="bbox 1171 3751 1963 3829; baseline -0.001 -16"><span class='ocrx_word' id='word_1_450' title='bbox 1171 3752 1335 3828; x_wconf 82' lang='lat' dir='ltr'><strong>extingui,</strong></span> <span class='ocrx_word' id='word_1_451' title='bbox 1368 3767 1430 3814; x_wconf 88' lang='lat' dir='ltr'><strong>nec</strong></span> <span class='ocrx_word' id='word_1_452' title='bbox 1460 3751 1618 3814; x_wconf 90' lang='lat' dir='ltr'><strong>fortitudo</strong></span> <span class='ocrx_word' id='word_1_453' title='bbox 1644 3753 1752 3829; x_wconf 84' lang='lat' dir='ltr'><strong>potuit</strong></span> <span class='ocrx_word' id='word_1_454' title='bbox 1785 3751 1963 3814; x_wconf 85' lang='lat' dir='ltr'><strong>infirmari.</strong></span> 
     </span>
     <span class='ocr_line' id='line_1_79' title="bbox 1171 3848 1969 3926; baseline 0.004 -17"><span class='ocrx_word' id='word_1_455' title='bbox 1171 3848 1388 3911; x_wconf 88' lang='lat' dir='ltr'><strong>Desiderabat</strong></span> <span class='ocrx_word' id='word_1_456' title='bbox 1398 3851 1588 3926; x_wconf 89' lang='lat' dir='ltr'><strong>propterea,</strong></span> <span class='ocrx_word' id='word_1_457' title='bbox 1612 3851 1644 3910; x_wconf 91' lang='grc'><strong>01</strong></span> <span class='ocrx_word' id='word_1_458' title='bbox 1658 3849 1732 3926; x_wconf 86' lang='grc'><strong>1110</strong></span> <span class='ocrx_word' id='word_1_459' title='bbox 1746 3849 1805 3910; x_wconf 91' lang='lat' dir='ltr'><strong>illa</strong></span> <span class='ocrx_word' id='word_1_460' title='bbox 1818 3848 1969 3926; x_wconf 86' lang='lat' dir='ltr'><strong>perfecta</strong></span> 
     </span>
     <span class='ocr_line' id='line_1_80' title="bbox 1170 3945 1970 4022; baseline 0 -14"><span class='ocrx_word' id='word_1_461' title='bbox 1170 3947 1309 4008; x_wconf 90' lang='lat' dir='ltr'><strong>caritate</strong></span> <span class='ocrx_word' id='word_1_462' title='bbox 1331 3961 1523 4018; x_wconf 89' lang='lat' dir='ltr'><strong>succensus,</strong></span> <span class='ocrx_word' id='word_1_463' title='bbox 1538 3962 1612 4022; x_wconf 86' lang='lat' dir='ltr'><strong>quae</strong></span> <span class='ocrx_word' id='word_1_464' title='bbox 1632 3945 1723 4008; x_wconf 88' lang='lat' dir='ltr'><strong>foras</strong></span> <span class='ocrx_word' id='word_1_465' title='bbox 1745 3946 1847 4009; x_wconf 91' lang='lat' dir='ltr'><strong>mittit</strong></span> <span class='ocrx_word' id='word_1_466' title='bbox 1866 3947 1970 4008; x_wconf 89' lang='lat' dir='ltr'><strong>timo·</strong></span> 
     </span>
     <span class='ocr_line' id='line_1_81' title="bbox 1170 4042 1966 4120; baseline 0 -16"><span class='ocrx_word' id='word_1_467' title='bbox 1170 4042 1966 4120; x_wconf 73' lang='grc' dir='ltr'><strong>1011111111ἰί10111110111011101110</strong></span> 
     </span>
     <span class='ocr_line' id='line_1_82' title="bbox 1171 4141 1965 4218; baseline -0.003 -16"><span class='ocrx_word' id='word_1_468' title='bbox 1171 4158 1208 4202; x_wconf 86' lang='lat' dir='ltr'><strong>se</strong></span> <span class='ocrx_word' id='word_1_469' title='bbox 1224 4141 1345 4202; x_wconf 83' lang='lat' dir='ltr'><strong>offerre</strong></span> <span class='ocrx_word' id='word_1_470' title='bbox 1360 4141 1631 4211; x_wconf 71' lang='grc'><strong>1101011101</strong></span> <span class='ocrx_word' id='word_1_471' title='bbox 1646 4141 1753 4203; x_wconf 87' lang='grc'><strong>11001</strong></span> <span class='ocrx_word' id='word_1_472' title='bbox 1762 4141 1893 4202; x_wconf 89' lang='lat' dir='ltr'><strong>Christo</strong></span> <span class='ocrx_word' id='word_1_473' title='bbox 1902 4155 1965 4218; x_wconf 96' lang='lat' dir='ltr'><strong>pro</strong></span> 
     </span>
     <span class='ocr_line' id='line_1_83' title="bbox 1171 4237 1969 4315; baseline 0 -17"><span class='ocrx_word' id='word_1_474' title='bbox 1171 4239 1266 4299; x_wconf 91' lang='lat' dir='ltr'><strong>nobis</strong></span> <span class='ocrx_word' id='word_1_475' title='bbox 1291 4237 1446 4300; x_wconf 88' lang='lat' dir='ltr'><strong>morienti</strong></span> <span class='ocrx_word' id='word_1_476' title='bbox 1471 4240 1679 4315; x_wconf 90' lang='lat' dir='ltr'><strong>rependeret,</strong></span> <span class='ocrx_word' id='word_1_477' title='bbox 1697 4242 1731 4301; x_wconf 90' lang='grc'><strong>01</strong></span> <span class='ocrx_word' id='word_1_478' title='bbox 1754 4239 1796 4300; x_wconf 90' lang='lat' dir='ltr'><strong>ad</strong></span> <span class='ocrx_word' id='word_1_479' title='bbox 1816 4239 1969 4300; x_wconf 85' lang='lat' dir='ltr'><strong>divinum</strong></span> 
     </span>
     <span class='ocr_line' id='line_1_84' title="bbox 1172 4337 1970 4414; baseline 0 -18"><span class='ocrx_word' id='word_1_480' title='bbox 1172 4350 1319 4396; x_wconf 88' lang='lat' dir='ltr'><strong>amorem</strong></span> <span class='ocrx_word' id='word_1_481' title='bbox 1334 4337 1473 4397; x_wconf 89' lang='lat' dir='ltr'><strong>caeteros</strong></span> <span class='ocrx_word' id='word_1_482' title='bbox 1488 4338 1695 4414; x_wconf 90' lang='lat' dir='ltr'><strong>provocaret.</strong></span> <span class='ocrx_word' id='word_1_483' title='bbox 1707 4337 1808 4398; x_wconf 85' lang='lat' dir='ltr'><strong>Sexto</strong></span> <span class='ocrx_word' id='word_1_484' title='bbox 1823 4351 1970 4412; x_wconf 87' lang='lat' dir='ltr'><strong>namque</strong></span> 
     </span>
     <span class='ocr_line' id='line_1_85' title="bbox 1172 4432 1971 4510; baseline -0.003 -16"><span class='ocrx_word' id='word_1_485' title='bbox 1172 4433 1400 4496; x_wconf 83' lang='lat' dir='ltr'><strong>conversionis</strong></span> <span class='ocrx_word' id='word_1_486' title='bbox 1421 4449 1490 4494; x_wconf 87' lang='lat' dir='ltr'><strong>suae</strong></span> <span class='ocrx_word' id='word_1_487' title='bbox 1512 4447 1612 4507; x_wconf 91' lang='lat' dir='ltr'><strong>anno,</strong></span> <span class='ocrx_word' id='word_1_488' title='bbox 1627 4434 1793 4495; x_wconf 91' lang='lat' dir='ltr'><strong>desiderio</strong></span> <span class='ocrx_word' id='word_1_489' title='bbox 1814 4432 1971 4510; x_wconf 71' lang='lat' dir='ltr'><strong>martyrii</strong></span> 
     </span>
     <span class='ocr_line' id='line_1_86' title="bbox 1172 4531 1969 4608; baseline 0.001 -17"><span class='ocrx_word' id='word_1_490' title='bbox 1172 4531 1332 4608; x_wconf 88' lang='lat' dir='ltr'><strong>flagrans,</strong></span> <span class='ocrx_word' id='word_1_491' title='bbox 1346 4531 1386 4592; x_wconf 94' lang='lat' dir='ltr'><strong>ad</strong></span> <span class='ocrx_word' id='word_1_492' title='bbox 1404 4531 1650 4608; x_wconf 86' lang='lat' dir='ltr'><strong>praedicandam</strong></span> <span class='ocrx_word' id='word_1_493' title='bbox 1677 4531 1775 4594; x_wconf 85' lang='lat' dir='ltr'><strong>fldem</strong></span> <span class='ocrx_word' id='word_1_494' title='bbox 1798 4531 1969 4592; x_wconf 90' lang='lat' dir='ltr'><strong>Christia-</strong></span> 
     </span>
     <span class='ocr_line' id='line_1_87' title="bbox 1172 4627 1973 4706; baseline -0.001 -17"><span class='ocrx_word' id='word_1_495' title='bbox 1172 4644 1248 4690; x_wconf 89' lang='lat' dir='ltr'><strong>nam</strong></span> <span class='ocrx_word' id='word_1_496' title='bbox 1264 4632 1297 4690; x_wconf 89' lang='lat' dir='ltr'><strong>et</strong></span> <span class='ocrx_word' id='word_1_497' title='bbox 1312 4630 1539 4706; x_wconf 86' lang='lat' dir='ltr'><strong>poenitentiam</strong></span> <span class='ocrx_word' id='word_1_498' title='bbox 1554 4630 1749 4692; x_wconf 83' lang='lat' dir='ltr'><strong>sarracenis</strong></span> <span class='ocrx_word' id='word_1_499' title='bbox 1766 4630 1798 4690; x_wconf 91' lang='lat' dir='ltr'><strong>et</strong></span> <span class='ocrx_word' id='word_1_500' title='bbox 1813 4627 1973 4690; x_wconf 84' lang='grc'><strong>011111111-</strong></span> 
     </span>
    </p>
   </div>
   <div class='ocr_carea' id='block_1_10' title="bbox 316 4723 1974 5686">
    <p class='ocr_par' dir='ltr' id='par_1_12' title="bbox 316 4723 1974 5194">
     <span class='ocr_line' id='line_1_88' title="bbox 317 4723 1972 4806; baseline 0 -20"><span class='ocrx_word' id='word_1_501' title='bbox 317 4727 485 4802; x_wconf 79' lang='lat' dir='ltr'><strong>praecipue</strong></span> <span class='ocrx_word' id='word_1_502' title='bbox 498 4725 633 4786; x_wconf 90' lang='lat' dir='ltr'><strong>Petrum</strong></span> <span class='ocrx_word' id='word_1_503' title='bbox 651 4727 684 4786; x_wconf 88' lang='lat' dir='ltr'><strong>et</strong></span> <span class='ocrx_word' id='word_1_504' title='bbox 698 4723 848 4794; x_wconf 90' lang='lat' dir='ltr'><strong>Paulum,</strong></span> <span class='ocrx_word' id='word_1_505' title='bbox 867 4727 1002 4800; x_wconf 89' lang='lat' dir='ltr'><strong>propter</strong></span> <span class='ocrx_word' id='word_1_506' title='bbox 1018 4724 1117 4785; x_wconf 89' lang='lat' dir='ltr'><strong>fervi·</strong></span> <span class='ocrx_word' id='word_1_507' title='bbox 1172 4726 1313 4799; x_wconf 86' lang='lat' dir='ltr'><strong>delibus,</strong></span> <span class='ocrx_word' id='word_1_508' title='bbox 1333 4727 1373 4787; x_wconf 90' lang='lat' dir='ltr'><strong>ad</strong></span> <span class='ocrx_word' id='word_1_509' title='bbox 1390 4729 1501 4804; x_wconf 92' lang='lat' dir='ltr'><strong>partes</strong></span> <span class='ocrx_word' id='word_1_510' title='bbox 1525 4728 1631 4806; x_wconf 74' lang='lat' dir='ltr'><strong>Syriae</strong></span> <span class='ocrx_word' id='word_1_511' title='bbox 1655 4726 1873 4788; x_wconf 86' lang='lat' dir='ltr'><strong>transfretare</strong></span> <span class='ocrx_word' id='word_1_512' title='bbox 1897 4726 1972 4786; x_wconf 91' lang='lat' dir='ltr'><strong>dis-</strong></span> 
     </span>
     <span class='ocr_line' id='line_1_89' title="bbox 319 4821 1972 4904; baseline -0.001 -20"><span class='ocrx_word' id='word_1_513' title='bbox 319 4822 396 4884; x_wconf 91' lang='lat' dir='ltr'><strong>dam</strong></span> <span class='ocrx_word' id='word_1_514' title='bbox 414 4823 599 4894; x_wconf 89' lang='lat' dir='ltr'><strong>caritatem,</strong></span> <span class='ocrx_word' id='word_1_515' title='bbox 615 4837 714 4898; x_wconf 88' lang='lat' dir='ltr'><strong>quarn</strong></span> <span class='ocrx_word' id='word_1_516' title='bbox 736 4821 924 4883; x_wconf 89' lang='lat' dir='ltr'><strong>habuerunt</strong></span> <span class='ocrx_word' id='word_1_517' title='bbox 944 4822 985 4882; x_wconf 91' lang='lat' dir='ltr'><strong>ad</strong></span> <span class='ocrx_word' id='word_1_518' title='bbox 1001 4822 1117 4882; x_wconf 88' lang='lat' dir='ltr'><strong>Chris·</strong></span> <span class='ocrx_word' id='word_1_519' title='bbox 1172 4824 1292 4903; x_wconf 91' lang='lat' dir='ltr'><strong>posuit.</strong></span> <span class='ocrx_word' id='word_1_520' title='bbox 1312 4825 1458 4901; x_wconf 89' lang='lat' dir='ltr'><strong>Cumque</strong></span> <span class='ocrx_word' id='word_1_521' title='bbox 1478 4839 1597 4886; x_wconf 87' lang='lat' dir='ltr'><strong>navem</strong></span> <span class='ocrx_word' id='word_1_522' title='bbox 1618 4824 1805 4904; x_wconf 87' lang='lat' dir='ltr'><strong>quamdam,</strong></span> <span class='ocrx_word' id='word_1_523' title='bbox 1828 4825 1866 4884; x_wconf 91' lang='lat' dir='ltr'><strong>ut</strong></span> <span class='ocrx_word' id='word_1_524' title='bbox 1887 4823 1972 4883; x_wconf 92' lang='lat' dir='ltr'><strong>illuc</strong></span> 
     </span>
     <span class='ocr_line' id='line_1_90' title="bbox 317 4919 1971 4997; baseline 0.001 -18"><span class='ocrx_word' id='word_1_525' title='bbox 317 4921 398 4991; x_wconf 89' lang='lat' dir='ltr'><strong>tum,</strong></span> <span class='ocrx_word' id='word_1_526' title='bbox 438 4935 567 4979; x_wconf 90' lang='lat' dir='ltr'><strong>summa</strong></span> <span class='ocrx_word' id='word_1_527' title='bbox 594 4919 770 4980; x_wconf 88' lang='lat' dir='ltr'><strong>devotione</strong></span> <span class='ocrx_word' id='word_1_528' title='bbox 804 4920 1030 4996; x_wconf 83' lang='lat' dir='ltr'><strong>complexans.</strong></span> <span class='ocrx_word' id='word_1_529' title='bbox 1068 4919 1116 4980; x_wconf 89' lang='lat' dir='ltr'><strong>Ob</strong></span> <span class='ocrx_word' id='word_1_530' title='bbox 1171 4921 1332 4992; x_wconf 87' lang='lat' dir='ltr'><strong>tenderet,</strong></span> <span class='ocrx_word' id='word_1_531' title='bbox 1367 4921 1631 4997; x_wconf 89' lang='lat' dir='ltr'><strong>conscendisset,</strong></span> <span class='ocrx_word' id='word_1_532' title='bbox 1660 4921 1768 4984; x_wconf 83' lang='lat' dir='ltr'><strong>ventis</strong></span> <span class='ocrx_word' id='word_1_533' title='bbox 1790 4920 1971 4983; x_wconf 91' lang='lat' dir='ltr'><strong>contrariis</strong></span> 
     </span>
     <span class='ocr_line' id='line_1_91' title="bbox 319 5016 1974 5095; baseline 0.002 -19"><span class='ocrx_word' id='word_1_534' title='bbox 319 5031 460 5094; x_wconf 88' lang='lat' dir='ltr'><strong>quorum</strong></span> <span class='ocrx_word' id='word_1_535' title='bbox 474 5016 696 5077; x_wconf 87' lang='lat' dir='ltr'><strong>reverentiam</strong></span> <span class='ocrx_word' id='word_1_536' title='bbox 713 5017 746 5078; x_wconf 91' lang='lat' dir='ltr'><strong>et</strong></span> <span class='ocrx_word' id='word_1_537' title='bbox 761 5032 907 5078; x_wconf 91' lang='lat' dir='ltr'><strong>amorem</strong></span> <span class='ocrx_word' id='word_1_538' title='bbox 924 5017 1117 5094; x_wconf 86' lang='lat' dir='ltr'><strong>Quadrage-</strong></span> <span class='ocrx_word' id='word_1_539' title='bbox 1172 5017 1341 5091; x_wconf 87' lang='lat' dir='ltr'><strong>flantibus,</strong></span> <span class='ocrx_word' id='word_1_540' title='bbox 1358 5018 1548 5094; x_wconf 91' lang='lat' dir='ltr'><strong>compulsus</strong></span> <span class='ocrx_word' id='word_1_541' title='bbox 1563 5019 1657 5080; x_wconf 89' lang='lat' dir='ltr'><strong>estin</strong></span> <span class='ocrx_word' id='word_1_542' title='bbox 1670 5018 1855 5080; x_wconf 82' lang='lat' dir='ltr'><strong>sclavoniae</strong></span> <span class='ocrx_word' id='word_1_543' title='bbox 1869 5019 1974 5095; x_wconf 89' lang='lat' dir='ltr'><strong>parti-</strong></span> 
     </span>
     <span class='ocr_line' id='line_1_92' title="bbox 316 5113 1973 5194; baseline 0.001 -20"><span class='ocrx_word' id='word_1_544' title='bbox 316 5115 412 5174; x_wconf 83' lang='grc'><strong>11110</strong></span> <span class='ocrx_word' id='word_1_545' title='bbox 428 5113 584 5190; x_wconf 87' lang='lat' dir='ltr'><strong>specialis</strong></span> <span class='ocrx_word' id='word_1_546' title='bbox 593 5114 761 5190; x_wconf 89' lang='lat' dir='ltr'><strong>jejunium</strong></span> <span class='ocrx_word' id='word_1_547' title='bbox 777 5115 917 5175; x_wconf 89' lang='lat' dir='ltr'><strong>Domino</strong></span> <span class='ocrx_word' id='word_1_548' title='bbox 928 5114 1114 5176; x_wconf 89' lang='lat' dir='ltr'><strong>dedicabat.</strong></span> <span class='ocrx_word' id='word_1_549' title='bbox 1172 5116 1232 5177; x_wconf 90' lang='lat' dir='ltr'><strong>bus</strong></span> <span class='ocrx_word' id='word_1_550' title='bbox 1247 5116 1426 5192; x_wconf 89' lang='lat' dir='ltr'><strong>applicare.</strong></span> <span class='ocrx_word' id='word_1_551' title='bbox 1443 5118 1523 5176; x_wconf 88' lang='lat' dir='ltr'><strong>Cum</strong></span> <span class='ocrx_word' id='word_1_552' title='bbox 1543 5115 1646 5192; x_wconf 91' lang='lat' dir='ltr'><strong>igitur</strong></span> <span class='ocrx_word' id='word_1_553' title='bbox 1656 5132 1782 5176; x_wconf 90' lang='lat' dir='ltr'><strong>moram</strong></span> <span class='ocrx_word' id='word_1_554' title='bbox 1800 5115 1973 5194; x_wconf 84' lang='lat' dir='ltr'><strong>aliquam-</strong></span> 
     </span>
    </p>

    <p class='ocr_par' dir='ltr' id='par_1_13' title="bbox 319 5209 1971 5686">
     <span class='ocr_line' id='line_1_93' title="bbox 356 5209 1970 5290; baseline 0.001 -18"><span class='ocrx_word' id='word_1_555' title='bbox 356 5212 432 5272; x_wconf 92' lang='lat' dir='ltr'><strong>Non</strong></span> <span class='ocrx_word' id='word_1_556' title='bbox 461 5209 603 5271; x_wconf 91' lang='lat' dir='ltr'><strong>habebat</strong></span> <span class='ocrx_word' id='word_1_557' title='bbox 627 5209 720 5273; x_wconf 90' lang='lat' dir='ltr'><strong>aliud</strong></span> <span class='ocrx_word' id='word_1_558' title='bbox 745 5211 870 5274; x_wconf 88' lang='lat' dir='ltr'><strong>Christi</strong></span> <span class='ocrx_word' id='word_1_559' title='bbox 888 5229 1024 5290; x_wconf 91' lang='lat' dir='ltr'><strong>pauper,</strong></span> <span class='ocrx_word' id='word_1_560' title='bbox 1047 5212 1116 5273; x_wconf 91' lang='lat' dir='ltr'><strong>nisi</strong></span> <span class='ocrx_word' id='word_1_561' title='bbox 1172 5213 1229 5274; x_wconf 93' lang='lat' dir='ltr'><strong>diu</strong></span> <span class='ocrx_word' id='word_1_562' title='bbox 1241 5213 1676 5284; x_wconf 87' lang='lat' dir='ltr'><strong>contraxissetibidem,nec</strong></span> <span class='ocrx_word' id='word_1_563' title='bbox 1688 5214 1840 5275; x_wconf 84' lang='lat' dir='ltr'><strong>invenire</strong></span> <span class='ocrx_word' id='word_1_564' title='bbox 1854 5215 1970 5290; x_wconf 87' lang='lat' dir='ltr'><strong>posset</strong></span> 
     </span>
     <span class='ocr_line' id='line_1_94' title="bbox 320 5307 1969 5386; baseline 0.002 -18"><span class='ocrx_word' id='word_1_565' title='bbox 320 5307 385 5368; x_wconf 92' lang='lat' dir='ltr'><strong>duo</strong></span> <span class='ocrx_word' id='word_1_566' title='bbox 415 5307 553 5378; x_wconf 90' lang='lat' dir='ltr'><strong>minuta,</strong></span> <span class='ocrx_word' id='word_1_567' title='bbox 582 5321 705 5382; x_wconf 89' lang='lat' dir='ltr'><strong>corpus</strong></span> <span class='ocrx_word' id='word_1_568' title='bbox 733 5309 861 5370; x_wconf 86' lang='lat' dir='ltr'><strong>scilicet</strong></span> <span class='ocrx_word' id='word_1_569' title='bbox 890 5311 923 5370; x_wconf 91' lang='lat' dir='ltr'><strong>et</strong></span> <span class='ocrx_word' id='word_1_570' title='bbox 955 5310 1114 5382; x_wconf 89' lang='lat' dir='ltr'><strong>animam,</strong></span> <span class='ocrx_word' id='word_1_571' title='bbox 1172 5325 1291 5371; x_wconf 88' lang='lat' dir='ltr'><strong>navem</strong></span> <span class='ocrx_word' id='word_1_572' title='bbox 1307 5312 1385 5372; x_wconf 93' lang='lat' dir='ltr'><strong>tunc</strong></span> <span class='ocrx_word' id='word_1_573' title='bbox 1400 5311 1561 5386; x_wconf 87' lang='lat' dir='ltr'><strong>temporis</strong></span> <span class='ocrx_word' id='word_1_574' title='bbox 1576 5310 1860 5383; x_wconf 88' lang='lat' dir='ltr'><strong>transfretantem,</strong></span> <span class='ocrx_word' id='word_1_575' title='bbox 1877 5310 1969 5372; x_wconf 87' lang='lat' dir='ltr'><strong>frau-</strong></span> 
     </span>
     <span class='ocr_line' id='line_1_95' title="bbox 319 5403 1971 5484; baseline 0.002 -18"><span class='ocrx_word' id='word_1_576' title='bbox 319 5403 406 5484; x_wconf 86' lang='lat' dir='ltr'><strong>quod</strong></span> <span class='ocrx_word' id='word_1_577' title='bbox 431 5405 544 5481; x_wconf 89' lang='lat' dir='ltr'><strong>posset</strong></span> <span class='ocrx_word' id='word_1_578' title='bbox 569 5404 701 5466; x_wconf 89' lang='lat' dir='ltr'><strong>liberali</strong></span> <span class='ocrx_word' id='word_1_579' title='bbox 729 5405 868 5468; x_wconf 91' lang='lat' dir='ltr'><strong>caritate</strong></span> <span class='ocrx_word' id='word_1_580' title='bbox 895 5407 1024 5483; x_wconf 87' lang='lat' dir='ltr'><strong>largiri.</strong></span> <span class='ocrx_word' id='word_1_581' title='bbox 1052 5407 1114 5468; x_wconf 86' lang='lat' dir='ltr'><strong>Sed</strong></span> <span class='ocrx_word' id='word_1_582' title='bbox 1172 5408 1320 5469; x_wconf 89' lang='lat' dir='ltr'><strong>datuma</strong></span> <span class='ocrx_word' id='word_1_583' title='bbox 1345 5423 1405 5469; x_wconf 88' lang='grc'><strong>110</strong></span> <span class='ocrx_word' id='word_1_584' title='bbox 1419 5407 1586 5470; x_wconf 91' lang='lat' dir='ltr'><strong>desiderio</strong></span> <span class='ocrx_word' id='word_1_585' title='bbox 1610 5425 1645 5470; x_wconf 89' lang='lat' dir='ltr'><strong>se</strong></span> <span class='ocrx_word' id='word_1_586' title='bbox 1665 5409 1823 5480; x_wconf 89' lang='lat' dir='ltr'><strong>sentiens,</strong></span> <span class='ocrx_word' id='word_1_587' title='bbox 1846 5410 1971 5470; x_wconf 90' lang='lat' dir='ltr'><strong>nautas</strong></span> 
     </span>
     <span class='ocr_line' id='line_1_96' title="bbox 319 5502 1971 5582; baseline 0.004 -20"><span class='ocrx_word' id='word_1_588' title='bbox 319 5502 392 5564; x_wconf 87' lang='lat' dir='ltr'><strong>haec</strong></span> <span class='ocrx_word' id='word_1_589' title='bbox 408 5518 467 5579; x_wconf 89' lang='lat' dir='ltr'><strong>per</strong></span> <span class='ocrx_word' id='word_1_590' title='bbox 476 5518 623 5563; x_wconf 89' lang='lat' dir='ltr'><strong>amorem</strong></span> <span class='ocrx_word' id='word_1_591' title='bbox 639 5503 762 5566; x_wconf 88' lang='lat' dir='ltr'><strong>Christi</strong></span> <span class='ocrx_word' id='word_1_592' title='bbox 781 5505 830 5564; x_wconf 91' lang='lat' dir='ltr'><strong>sic</strong></span> <span class='ocrx_word' id='word_1_593' title='bbox 854 5504 1016 5566; x_wconf 86' lang='lat' dir='ltr'><strong>offerebat</strong></span> <span class='ocrx_word' id='word_1_594' title='bbox 1035 5520 1117 5565; x_wconf 87' lang='lat' dir='ltr'><strong>con·</strong></span> <span class='ocrx_word' id='word_1_595' title='bbox 1171 5505 1331 5582; x_wconf 87' lang='lat' dir='ltr'><strong>quosdam</strong></span> <span class='ocrx_word' id='word_1_596' title='bbox 1346 5509 1516 5568; x_wconf 78' lang='lat' dir='ltr'><strong>Anconam</strong></span> <span class='ocrx_word' id='word_1_597' title='bbox 1528 5507 1713 5579; x_wconf 89' lang='lat' dir='ltr'><strong>tendentes,</strong></span> <span class='ocrx_word' id='word_1_598' title='bbox 1729 5509 1765 5568; x_wconf 90' lang='lat' dir='ltr'><strong>ut</strong></span> <span class='ocrx_word' id='word_1_599' title='bbox 1778 5521 1894 5568; x_wconf 86' lang='lat' dir='ltr'><strong>amore</strong></span> <span class='ocrx_word' id='word_1_600' title='bbox 1907 5508 1971 5568; x_wconf 87' lang='lat' dir='ltr'><strong>Dei</strong></span> 
     </span>
     <span class='ocr_line' id='line_1_97' title="bbox 319 5599 1753 5686; baseline 0.001 -24"><span class='ocrx_word' id='word_1_601' title='bbox 319 5600 424 5672; x_wconf 88' lang='lat' dir='ltr'><strong>tinne,</strong></span> <span class='ocrx_word' id='word_1_602' title='bbox 447 5599 482 5662; x_wconf 87' lang='lat' dir='ltr'><strong>ut</strong></span> <span class='ocrx_word' id='word_1_603' title='bbox 507 5601 601 5676; x_wconf 88' lang='lat' dir='ltr'><strong>quasi</strong></span> <span class='ocrx_word' id='word_1_604' title='bbox 613 5601 708 5686; x_wconf 77' lang='lat' dir='ltr'><strong>¹omni</strong></span> <span class='ocrx_word' id='word_1_605' title='bbox 724 5602 871 5678; x_wconf 89' lang='lat' dir='ltr'><strong>tempore</strong></span> <span class='ocrx_word' id='word_1_606' title='bbox 898 5603 1116 5678; x_wconf 82' lang='lat' dir='ltr'><strong>porrigerem</strong></span> <span class='ocrx_word' id='word_1_607' title='bbox 1172 5619 1246 5665; x_wconf 87' lang='lat' dir='ltr'><strong>eum</strong></span> <span class='ocrx_word' id='word_1_608' title='bbox 1264 5617 1374 5668; x_wconf 87' lang='lat' dir='ltr'><strong>secum</strong></span> <span class='ocrx_word' id='word_1_609' title='bbox 1397 5603 1567 5676; x_wconf 89' lang='lat' dir='ltr'><strong>ducerent,</strong></span> <span class='ocrx_word' id='word_1_610' title='bbox 1590 5605 1753 5666; x_wconf 83' lang='lat' dir='ltr'><strong>exoravit.</strong></span> 
     </span>
    </p>
   </div>
   <div class='ocr_carea' id='block_1_11' title="bbox 0 0 2096 6372">
    <p class='ocr_par' dir='ltr' id='par_1_14' title="bbox 0 0 2096 6372">
     <span class='ocr_line' id='line_1_98' title="bbox 0 0 2096 6372; baseline 0 0"><span class='ocrx_word' id='word_1_611' title='bbox 0 0 2096 6372; x_wconf 95' lang='lat' dir='ltr'><strong> </strong></span> 
     </span>
    </p>
   </div>
  </div>
 </body>
</html>
