4158 6380
64 303 130 364 131
223 382 227 390 ¹

60 461 118 524 tos
142 459 214 524 dies
238 459 338 522 verba
365 459 554 538 hujusmodi
578 459 763 522 ruminaret
785 475 860 520 cum

62 556 239 629 iratribus,
261 557 537 628 certitudinaliter
564 555 722 634 nequibat
747 555 859 632 perci-

62 669 156 731 pere,
175 654 252 731 quid
267 655 385 715 borum
401 653 464 714 sibi
479 653 574 725 foret,
588 655 623 714 ut
637 653 767 714 Christo
782 667 860 714 vere

63 751 250 828 acceptius,
274 751 488 827 eligendum.

107 850 189 908 Cum
214 847 303 908 enim
323 847 475 908 miranda
496 847 608 908 nosset
627 861 686 922 per
708 845 860 924 spiritum

64 944 262 1024 prophetiae,
284 943 370 1004 hanc
390 959 449 1020 per
474 944 620 1019 seipsum
645 942 860 1018 quaestionem

63 1041 250 1103 dissolvere
262 1055 328 1101 non
338 1039 471 1101 valebat
481 1040 522 1100 ad
533 1038 707 1115 liquidum,
718 1041 784 1098 Deo
795 1054 861 1099 me·

64 1138 135 1198 lius
157 1136 361 1214 providente,
388 1136 424 1197 ut
443 1135 689 1212 praedicationis
707 1135 860 1195 meritum

65 1251 128 1311 per
142 1249 322 1310 supernum
337 1232 607 1294 manifestaretur
630 1231 813 1296 oraculum,
829 1233 862 1294 et

64 1331 158 1392 servi
166 1331 289 1392 Christi
302 1329 472 1392 humilitas
488 1329 689 1390 servaretur.
704 1329 778 1390 Non
789 1343 863 1390 eru·

63 1426 225 1490 bescebat
238 1443 258 1488 a
273 1425 458 1488 minoribus
474 1441 575 1501 parve
590 1441 740 1502 00131313
763 1440 861 1486 verns

64 1524 190 1596 Minor,
206 1525 262 1600 qni
278 1539 398 1598 magna
411 1522 608 1584 didiceraia
626 1521 788 1597 Magistro
802 1537 862 1580 su-

64 1637 195 1698 premo.
226 1620 342 1683 Studio
366 1635 509 1696 namque
537 1619 705 1697 praecipuo
745 1618 862 1680 solitus

65 1720 144 1781 erat
167 1718 363 1794 exquirere,
383 1718 474 1794 quali
501 1716 558 1778 via
581 1716 738 1793 qualique
765 1715 861 1776 modo

66 1815 184 1892 posset
197 1813 379 1876 secundum
399 1814 508 1890 ipsius
530 1812 774 1888 beneplacitum
787 1827 863 1891 per-

66 1913 191 1974 1301103
204 1911 385 1974 deservire.
401 1913 480 1972 11330
496 1925 624 1970 summa
639 1911 711 1986 ejus
720 1909 864 1985 pbiloso-

65 2009 162 2086 phin,
177 2009 240 2070 boc
255 2024 420 2070 summum
435 2011 508 2084 ejus
521 2005 723 2067 desiderium
738 2006 860 2076 extitit,

65 2106 178 2184 quoad
200 2106 297 2178 vixit,
315 2105 350 2167 ut
370 2105 534 2182 quaereret
557 2120 577 2165 a
601 2103 806 2180 sapientibus
830 2105 863 2164 et

66 2201 288 2280 simplicibus,
306 2201 459 2278 031133113
472 2203 505 2262 31
516 2200 728 2278 imperfectis,
746 2216 863 2277 parvu-

65 2301 112 2360 lis
137 2300 170 2361 et
189 2298 387 2376 grandaevis,
412 2297 555 2375 qualiter
579 2299 620 2359 ad
650 2297 862 2374 031130110013

65 2397 201 2458 culmen
216 2395 397 2458 virtuosius
410 2395 584 2472 pervenire
596 2394 733 2456 valeret.
758 2397 863 2456 Assu-

65 2509 166 2556 mens
189 2492 300 2568 itaque
324 2492 408 2553 duos
430 2507 473 2553 ex
496 2491 671 2562 iratribus,
701 2490 793 2551 misit
821 2491 861 2551 ad

66 2589 207 2652 fratrem
233 2590 440 2658 silvestrum,
464 2589 521 2666 qui
540 2603 672 2649 erucem
688 2587 862 2670 egredien-

66 2685 523 2762 temvideratdeoreipsius,
540 2686 573 2747 et
585 2685 708 2746 tuncin
720 2685 861 2746 montem

68 2799 172 2860 supra
187 2783 349 2844 assisium
358 2783 485 2860 jugiter
499 2781 644 2844 orationi
657 2781 806 2853 vacabat,
827 2783 862 2842 ut

67 2879 221 2942 divinum
236 2894 336 2956 super
356 2879 561 2940 dubitatione
576 2878 767 2954 hujusmodi
790 2894 863 2940 res-

66 2991 213 3054 ponsum
224 2976 440 3052 perquireret,
455 2975 540 3053 quod
555 2975 619 3038 sibi
631 2989 674 3036 ex
687 2976 780 3052 perte
795 2977 863 3036 Do-

66 3073 153 3134 mini
181 3073 405 3134 demandaret.
427 3074 496 3134 Hoc
520 3074 628 3149 ipsum
651 3072 862 3134 demandavit

67 3186 175 3232 sacrae
190 3171 312 3246 virgini
326 3170 442 3242 Clarae,
460 3169 496 3230 ut
511 3185 569 3245 per
588 3169 733 3246 aliquam
747 3170 863 3246 purio-

65 3283 141 3329 rem
153 3269 186 3329 et
200 3266 436 3343 simpliciorem
459 3266 498 3327 de
514 3266 709 3341 virginibus,
731 3266 791 3327 sub
810 3267 863 3342 ip·

67 3365 140 3426 sius
156 3365 331 3440 disciplina
355 3362 561 3439 degentibus,
582 3365 615 3424 et
632 3364 704 3439 ipsa
717 3379 791 3426 cum
807 3379 863 3424 so-

66 3461 203 3524 roribus
228 3461 440 3532 altisonans,
464 3476 564 3536 super
585 3460 648 3523 boc
671 3461 862 3536 exquireret

66 3558 432 3622 Dominivoluntatem..
441 3557 733 3620 concordaverunt
751 3560 861 3620 autem

65 3655 269 3718 mirabiliter
289 3655 324 3716 in
345 3655 500 3731 idipsum,
524 3669 669 3730 superno
695 3655 744 3715 eis
765 3669 863 3716 reve-

65 3753 159 3814 lante
171 3752 306 3828 Spiritu,
319 3751 522 3812 venerabilis
535 3751 703 3823 33031103,
719 3753 752 3812 31
766 3750 861 3825 virgo

64 3853 138 3910 Deo
165 3849 290 3920 dicata,
317 3848 517 3924 beneplaciti
546 3847 674 3908 scilicet
703 3862 776 3908 esse
807 3847 861 3908 di-

65 3945 152 4016 vini,
169 3945 255 4022 quod
278 3945 399 4006 Christi
423 3959 533 4022 praeco
553 3943 594 4005 ad
608 3944 861 4021 praedicandum

65 4044 188 4104 exiret.
748 4081 750 4086 ,

106 4139 870 4217 Revelantibusitaqueiratribusetlleijnxta.

64 4237 155 4313 quod
169 4238 376 4312 acceperant,
402 4230 859 4309 indicantibusvoluntatem,

63 4349 235 4409 exurgens
261 4335 419 4396 continuo
440 4334 604 4399 succinxit
627 4349 674 4406 se,
711 4335 744 4396 31
770 4335 860 4398 nulla

63 4444 206 4508 prorsus
219 4431 388 4491 contracta
407 4446 511 4502 mora,
528 4431 592 4492 iter
607 4446 784 4506 aggressus
799 4433 859 4493 est.

62 4527 145 4588 Ibat
161 4529 362 4588 autemeam
376 4529 468 4592 tanto
489 4527 631 4600 fervore,
656 4530 691 4588 ut
711 4528 860 4590 divinum

62 4625 288 4699 exequeretur
312 4625 506 4701 imperium,
536 4626 669 4701 tamque
708 4624 861 4688 celeriter

62 4719 292 4797 percurrebat,
310 4735 349 4782 ac
372 4721 412 4792 si,
436 4720 523 4782 iacta
547 4737 647 4781 manu
676 4721 736 4782 Dei
762 4738 862 4800 super

61 4832 153 4888 eum,
166 4833 285 4880 novam
296 4817 488 4879 induissete
501 4818 584 4879 coelo
600 4819 766 4880 virtutem.

106 4916 187 4974 (111111
199 4914 302 4990 igitur
312 4914 595 4992 appropinquaret
607 4915 801 4987 Bovarium,
818 4914 859 4976 ad

62 5010 240 5089 quemdam
268 5011 377 5072 locum
403 5013 551 5084 devenit,
581 5011 614 5072 in
643 5028 708 5089 quo
736 5013 860 5074 diversi

60 5108 199 5185 generis
223 5108 334 5169 avium
367 5108 512 5170 maxima
539 5109 714 5170 multitudo
738 5125 862 5171 conve-

61 5206 174 5269 nerat.
191 5207 280 5277 Quas
295 5221 371 5266 cum
391 5208 525 5268 sanctus
540 5205 601 5266 Ι)31
617 5205 766 5278 vidisset,
783 5207 859 5267 ala-

62 5303 169 5364 criter
183 5303 331 5364 cucurrit
351 5303 393 5364 ad
412 5303 533 5375 locum,
554 5305 587 5364 et
602 5317 671 5372 eas,
691 5304 783 5366 velut
799 5319 859 5364 13-

60 5400 167 5462 tionis
193 5400 384 5476 participes,
407 5400 574 5462 salutavit.
601 5399 759 5462 Omnibus
781 5417 860 5462 1310

62 5495 332 5573 expectantibus,
350 5497 384 5560 et
395 5497 662 5559 convertentibus
673 5513 709 5558 33
719 5498 759 5558 ad
771 5513 859 5571 eum,

63 5594 111 5655 ita
128 5595 164 5654 ut
181 5607 255 5670 quae
274 5593 310 5656 in
325 5593 471 5655 arbustis
491 5595 597 5666 erant,
615 5592 782 5656 inclinatis
798 5611 859 5656 ca-

637 245 958 364 ruoeueonlarlh.
981 329 1021 344 --
1042 299 1149 360 vlrh.

1653 297 1711 358 138

916 456 1048 536 pitibus,
1066 471 1141 520 cum
1163 453 1446 534 appropinquaret
1468 451 1509 515 ad
1533 467 1602 528 eas,
1618 451 1713 534 lnsq:

917 555 974 616 lito
993 553 1090 614 modo
1112 553 1147 613 in
1169 553 1278 629 ipsum
1300 550 1521 622 intenderent,
1545 549 1709 627 usquead

916 637 973 710 e'as
993 649 1145 720 accessit,
1164 651 1196 710 et
1213 665 1339 721 omnes,
1357 649 1394 710 ut
1415 647 1553 709 verbnm
1579 647 1711 708 Domini

916 746 1080 818 audirent,
1106 745 1248 806 sollicite
1271 745 1444 806 admonuit
1465 744 1602 806 dicens:
1623 746 1710 804 Fra-

916 844 983 904 tres
1004 843 1067 904 mei
1088 842 1252 913 volucres,
1274 842 1413 902 multum
1429 840 1556 902 debetis
1572 841 1712 901 laudare

916 940 1106 1002 Creatorem
1125 940 1284 1005 vestrum,
1302 937 1358 1016 001
1378 937 1499 1014 plumis
1516 953 1576 1000 vos
1590 937 1708 1008 induit,

916 1040 949 1099 et
972 1053 1097 1114 03111133
1118 1035 1235 1098 tribuit
1254 1035 1295 1096 ad
1318 1035 1507 1110 volandum,
1534 1034 1710 1110 puritatem

916 1135 1083 1195 concessit
1097 1134 1197 1205 aeris,
1218 1134 1251 1195 et
1270 1133 1343 1193 sine
1357 1135 1468 1192 vestra
1484 1131 1711 1193 sollicitudine

916 1247 975 1292 vos
990 1231 1163 1306 gubernat.
1188 1232 1267 1290 Cum
1293 1229 1403 1290 autem
1425 1229 1474 1289 eis
1495 1229 1578 1299 haec,
1602 1229 1635 1288 31
1658 1228 1716 1288 his

917 1327 1040 1388 similia
1058 1327 1260 1404 loqueretur,
1283 1326 1423 1388 aviculae
1445 1325 1542 1387 modo
1565 1323 1711 1385 mirabili
1808 1334 1811 1346 ·

917 1425 1107 1502 gestientes,
1133 1424 1304 1502 caeperunt
1323 1424 1503 1486 extendere
1519 1422 1616 1494 00113,
1633 1437 1713 1499 pro-

916 1521 1053 1584 tendere
1067 1522 1150 1594 alas,
1167 1522 1298 1598 aperire
1313 1522 1433 1592 103113,
1450 1522 1483 1582 31
1497 1523 1533 1581 111
1547 1521 1642 1580 illum
1655 1520 1711 1580 at-

917 1620 1006 1680 tente
1021 1621 1200 1696 respicere.
1218 1622 1291 1696 lpse
1306 1634 1385 1681 vero
1399 1634 1473 1679 cum
1489 1618 1626 1694 spiritus
1639 1613 1711 1677 131-

917 1731 997 1778 1013
1018 1716 1170 1777 mirando
1195 1731 1255 1793 per
1278 1714 1422 1776 medium
1446 1715 1595 1792 ipsarum
1618 1716 1714 1786 tran·

918 1813 1018 1884 siens,
1053 1814 1167 1874 tunica
1210 1813 1423 1889 contingebat
1465 1811 1611 1882 easdem,
1649 1826 1712 1871 nec

917 1913 1029 1970 tamen
1044 1910 1084 1971 de
1100 1911 1173 1971 loco
1188 1909 1300 1987 aliqua
1314 1911 1403 1972 mota
1418 1911 1479 1979 331,
1496 1909 1601 1969 donec
1614 1908 1711 1984 signo

917 2007 1027 2068 crucis
1049 2007 1147 2079 lacto,
1165 2009 1197 2068 et
1211 2007 1347 2068 licentia
1362 2006 1439 2068 data
1456 2022 1532 2067 cum
1551 2005 1712 2066 benedic-

916 2103 1007 2165 tione
1036 2105 1101 2165 vlri
1128 2105 1199 2174 Dei,
1224 2119 1338 2165 omnes
1374 2103 1473 2164 simul
1501 2103 1711 2164 advolarunt.

917 2203 996 2262 Haec
1011 2202 1123 2262 omnia
1138 2201 1380 2263 contuebantur
1390 2200 1484 2274 30011,
1497 2200 1712 2278 expectantes

917 2299 1034 2360 invia.
1186 2379 1188 2384 λ
1722 2317 1723 2322 ’

956 2394 1004 2455 nd
1025 2411 1107 2472 quos
1128 2410 1285 2456 reversus
1306 2395 1360 2456 vir
1379 2396 1521 2472 simplex
1541 2395 1573 2456 31
1595 2409 1709 2470 purus,
1792 2385 1793 2396 ’

917 2507 977 2568 010
992 2507 1031 2554 30
1047 2493 1132 2570 qnod
1152 2509 1218 2554 non
1238 2493 1399 2554 hactenus
1415 2492 1533 2554 avibus
1549 2491 1712 2568 preadica-

917 2591 1021 2661 verat,
1045 2590 1146 2668 coepit
1170 2605 1207 2651 se
1233 2589 1274 2651 de
1297 2590 1500 2666 negligentia
1525 2588 1710 2664 inculpare.

918 2688 1044 2749 lixinde
1059 2687 1271 2764 praedicando
1291 2703 1351 2763 per
1365 2687 1438 2748 1003
1460 2686 1572 2748 vicina
1592 2701 1711 2762 proce-

917 2786 1011 2857 13113,
1036 2785 1127 2847 venit
1148 2784 1189 2844 ad
1215 2785 1359 2845 castrum
1387 2783 1550 2861 quoddam
1576 2784 1711 2844 nomine

915 2882 1104 2954 Alvianum,
1131 2881 1188 2942 ubi
1212 2883 1412 2956 congregato
1439 2879 1571 2958 populo,
1599 2882 1632 2940 et
1657 2881 1711 2940 in-

917 2979 1004 3041 dicto
1029 2979 1174 3049 31131110,
1204 2979 1339 3055 0100131
1372 2978 1570 3039 hirundines
1598 2977 1712 3038 11111111-

917 3077 1030 3138 cantes
1045 3076 1080 3136 in
1096 3076 1212 3137 eodem
1227 3076 1299 3136 loco
1315 3075 1510 3152 magnisque
1527 3074 1708 3150 garritibus

917 3175 1172 3250 perstrepentes
1187 3173 1297 3234 audiri
1316 3173 1374 3234 vix
1393 3173 1531 3248 poterat.
1556 3175 1643 3244 Quas
1658 3171 1711 3232 vir

916 3271 995 3343 Dei,
1016 3269 1167 3331 omnibus
1194 3268 1415 3341 audientibus,
1450 3269 1614 3332 allocutus
1647 3269 1708 3340 est,

917 3368 1030 3429 dicens
1045 3390 1052 3428 :
1070 3369 1208 3428 Sorores
1224 3383 1305 3428 meae
1320 3366 1529 3438 hirundines,
1540 3367 1712 3442 jamiam:-

916 3480 977 3541 pus
995 3465 1045 3526 est
1066 3465 1102 3527 ut
1125 3465 1243 3541 loquar
1265 3465 1297 3526 31
1319 3479 1393 3540 ege,
1420 3465 1497 3541 quia
1524 3477 1710 3540 rususque

916 3562 1013 3623 modo
1025 3563 1106 3623 satis
1121 3562 1264 3623 dixistis.
1281 3563 1400 3623 audite
1415 3562 1553 3624 verbum
1569 3562 1640 3632 Ι)31,
1654 3563 1709 3623 te·
1767 3559 1772 3573 ‘

916 3661 1032 3720 nentes
1057 3659 1237 3729 silentium,
1264 3658 1369 3719 donec
1393 3675 1502 3719 sermo
1530 3659 1589 3719 Dei
1614 3674 1708 3718 com-

916 3753 1056 3829 pleatur.
1079 3755 1120 3814 At
1132 3753 1211 3824 11133,
1231 3754 1387 3827 tanquam
1408 3753 1710 3828 intellectus'capa·

917 3865 983 3922 033,
1000 3848 1108 3912 subito
1127 3850 1316 3916 tacuerunt,
1332 3865 1394 3909 nec
1409 3848 1543 3910 luerunt
1557 3852 1655 3910 motae
1669 3849 1709 3910 de

916 3946 1001 4018 loco,
1018 3945 1122 4007 donec
1137 3945 1199 4006 luit
1213 3945 1321 4006 omnis
1339 3945 1532 4021 praedicatio
1551 3962 1709 4008 consum·

916 4044 1016 4104 mata.
1033 4045 1153 4104 Omnes
1175 4041 1287 4118 igitur,
1310 4043 1365 4119 qui
1387 4042 1552 4116 viderunt,
1576 4045 1710 4118 stupore

916 4139 1045 4216 repleti,
1060 4138 1331 4215 glorificaverunt
1351 4142 1465 4201 Deum.
1491 4141 1588 4202 Istius
1607 4141 1711 4202 mira-

917 4236 983 4298 culi
999 4235 1086 4297 sama
1102 4221 1360 4312 circumquaque
1378 4236 1512 4305 diffusa,
1532 4239 1655 4302 multos
1668 4238 1709 4299 ad

916 4334 1023 4395 sancti
1041 4333 1263 4396 reverentiam
1285 4333 1317 4396 et
1336 4333 1413 4394 fidei
1429 4334 1636 4396 devotionem
1652 4351 1711 4396 ac-

916 4431 1037 4493 cendit.

956 4531 992 4589 In
1015 4527 1149 4590 civitate
1171 4529 1519 4605 namqueParisiensi
1544 4529 1708 4592 scholaris

916 4625 1050 4703 quidam
1063 4624 1185 4686 indolis
1195 4625 1301 4690 bonae.
1314 4641 1389 4686 cum
1400 4626 1500 4688 sociis
1510 4626 1588 4686 aliis
1598 4627 1707 4692 studio

916 4722 1095 4797 diligenter
1108 4723 1267 4794 intentus,
1287 4721 1363 4782 dum
1378 4723 1568 4798 importuna
1583 4739 1707 4798 garru-
1765 4753 1767 4755 ·

917 4819 1009 4881 litate
1024 4819 1196 4896 cujusdam
1211 4818 1426 4880 infestaretur
1438 4818 1639 4893 hirundinis,
1657 4821 1709 4884 di-

915 4931 991 4977 cere
1007 4917 1106 4992 coepit
1120 4916 1163 4977 ad
1174 4916 1304 4977 socios:
1322 4918 1401 4976 llaec
1415 4915 1561 4980 hirundo
1576 4933 1643 4980 una
1658 4921 1708 4982 est

915 5012 955 5073 de
970 5013 1049 5086 illis,
1067 5028 1141 5090 quae
1156 5013 1264 5072 virum
1279 5011 1341 5073 Ι)31
1355 5013 1569 5074 Franciscum
1584 5017 1709 5092 0133111-

915 5109 1045 5171 03013111
1060 5108 1253 5186 aliquando,
1271 5108 1375 5170 donec
1390 5109 1561 5178 silentium
1574 5114 1623 5175 313
1639 5115 1707 5176 im.-

915 5207 1064 5282 poneret,
1081 5204 1311 5267 molestabant.
1333 5209 1373 5269 111
1394 5223 1574 5271 0011131303
1589 5211 1631 5272 ad
1652 5213 1709 5273 111-

915 5302 1090 5365 rundinem
1110 5303 1310 5364 fiducialiter
1325 5304 1393 5365 ait:
1415 5307 1451 5365 ln
1467 5307 1600 5368 nomine
1621 5311 1709 5372 servi

916 5402 975 5462 Ι)31
995 5401 1166 5462 Francisci
1187 5401 1344 5478 praecipio
1366 5401 1437 5474 tibi,
1462 5405 1498 5465 ut
1516 5405 1632 5467 adme
1652 5423 1711 5469 ve-

915 5495 1023 5567 niens,
1045 5496 1203 5558 continuo
1224 5496 1440 5558 conticescas.
1463 5499 1507 5560 At
1522 5499 1711 5571 111311311-

900 5592 997 5654 ·01301
1020 5592 1134 5656 audito
1157 5593 1302 5665 nomine,
1325 5595 1420 5670 00331
1444 5595 1714 5658 11111)31111301-“
