4158 6380
124 261 182 324 121

163 422 366 485 Verumillis
376 423 511 501 propter
521 411 743 499 expensarum
755 425 918 486 desectum

122 520 342 596 pertinaciter
351 520 595 593 recusantibus,
608 522 661 582 111
671 521 730 582 Dei
741 522 918 598 plurimum

122 615 166 678 de
190 617 323 678 Domini
346 617 492 680 bonitate
516 619 678 691 confisus,
702 635 820 680 navem
845 635 919 680 oum

122 715 216 775 socio
238 713 380 776 latenter
399 715 602 776 conscendit.
626 715 730 778 Affuit
744 717 877 794 quidam
899 731 918 776 a

122 813 204 884 Dec,
226 812 262 873 ut
283 811 439 885 creditur,
459 829 518 889 pro
534 829 680 890 paupere
702 830 763 874 suo
785 815 918 880 missus,

123 908 181 985 qui
197 923 309 970 secum
322 907 432 970 serens
448 911 640 971 necessaria
664 911 783 982 victus,
799 927 919 987 quem·-

123 1006 200 1066 dam
214 1005 385 1068 timentem
398 1009 500 1068 Deum
514 1007 555 1067 de
568 1008 645 1069 navi
659 1007 699 1068 ad
716 1023 751 1068 66
764 1010 918 1070 vocatum

123 1103 174 1164 sic
188 1102 351 1164 allocutus
367 1105 418 1165 est
435 1126 442 1164 :
460 1107 538 1166 Haeo
553 1121 612 1182 pro
628 1105 831 1182 pauperibus
847 1103 919 1164 lra-

122 1201 230 1262 tribus
246 1200 281 1260 in
300 1201 378 1262 navi
394 1201 602 1263 latitantibus
626 1218 789 1264 conserva
811 1202 920 1263 tideli-

121 1299 193 1370 ter,
220 1313 258 1358 ac
282 1299 492 1360 necessitatis
524 1301 673 1376 tempore
700 1299 922 1361 amicabiliter

122 1394 350 1457 subministra.
378 1395 497 1473 sicque
524 1396 647 1459 iactum
670 1400 731 1466 est,
753 1399 789 1458 ut
809 1397 920 1458 nautis

122 1494 260 1569 propter
283 1493 350 1554 vim
382 1494 557 1556 ventorum
582 1511 642 1571 per
663 1495 734 1556 dies
758 1495 920 1572 plurimos

122 1605 289 1667 nusquam
310 1590 480 1668 applicare
495 1591 695 1664 valentibus,
713 1592 825 1653 omnia
840 1607 922 1652 con-

122 1688 336 1750 sumerentur
346 1688 494 1765 ipsorum
505 1689 642 1762 cibaria,
655 1690 688 1751 et
698 1689 769 1750 sola
782 1688 921 1766 pauperi

123 1785 304 1848 Francisoo
328 1786 451 1848 collata
466 1787 610 1863 desuper
630 1787 842 1863 eleemosyna
864 1801 922 1846 su·

122 1884 284 1959 66166661.
311 1886 390 1956 Quae
416 1900 490 1945 cum
517 1885 605 1945 esset
626 1884 767 1956 modica,
791 1884 919 1946 tantum

123 1979 238 2040 divina
252 1980 375 2042 virtute
391 1981 537 2058 suscepit
552 1982 782 2057 augmentum,
799 1981 835 2042 ut
849 1981 922 2042 die-

122 2075 186 2136 bus
209 2077 358 2154 pluribus
374 2078 510 2139 inmari
531 2081 669 2155 propter
691 2078 921 2156 tempestatem

124 2174 316 2235 continuam
328 2174 602 2237 contrahentibus
614 2191 752 2248 moram,
765 2175 919 2252 usquead

122 2273 257 2348 portum
280 2272 448 2334 Anchonae
482 2274 629 2334 omnium
664 2272 920 2334 necessitatibus

123 2368 275 2446 plenarie
290 2369 492 2444 subueniret.
509 2371 667 2432 Videntes
682 2371 794 2447 itaque
810 2372 920 2430 nautae

123 2481 186 2543 per
210 2482 343 2528 6611111
368 2465 428 2528 Dei
451 2468 553 2529 multa
578 2484 613 2529 se
633 2467 750 2529 mortis
772 2467 920 2528 evasisse

123 2563 331 2635 discrimina,
355 2564 512 2642 tanquam
543 2565 599 2642 qui
628 2565 730 2625 maris
754 2564 920 2625 horrenda

123 2662 274 2740 pericula
298 2665 483 2736 senserant,
507 2663 539 2726 61
561 2665 713 2725 miranda
733 2679 836 2741 opera
850 2665 919 2724 Do-

122 2760 207 2820 mini
225 2759 379 2822 viderant
394 2761 428 2820 in
444 2760 618 2836 profundo,
634 2761 759 2836 gratias
781 2760 921 2837 egerunt

124 2855 345 2932 omnipotenti
359 2859 438 2930 Deo,
456 2858 511 2933 qui
526 2873 657 2934 semper
668 2859 701 2918 in
717 2859 787 2917 suis
803 2857 919 2917 amicis

122 2954 158 3015 et
168 2952 275 3014 servis
288 2952 475 3014 mirabilem
486 2955 519 3016 et
529 2954 704 3016 amabilem
715 2971 750 3016 se
763 2954 917 3015 ostendit.

123 3053 207 3112 Cum
222 3053 344 3122 autem,
361 3052 478 3113 relicto
495 3052 589 3124 mari,
607 3053 730 3114 terram
743 3051 922 3128 perambu-

124 3149 198 3210 lare
212 3149 378 3225 coepisset,
385 3150 510 3226 iactato
520 3149 556 3210 in
567 3165 639 3211 eam
651 3150 767 3211 salutis
781 3151 917 3221 semine,

124 3245 320 3323 reportabat
332 3246 518 3322 manipulos
533 3246 733 3308 fructuosos.

159 3346 284 3405 Verum
295 3343 373 3420 quia
385 3345 537 3421 martyrii
548 3344 674 3407 tructus
686 3346 768 3407 adeo
780 3347 920 3422 corejus

125 3440 301 3514 allexerat,
319 3442 355 3503 ut
369 3441 549 3518 pretiosam
563 3459 622 3519 pro
638 3443 768 3505 Christo
781 3443 920 3504 mortem

126 3538 363 3616 superomnia
389 3538 550 3600 virtutum
576 3539 694 3601 merita
718 3539 918 3617 peroptaret,

128 3652 248 3699 161616
264 3635 489 3698 Marroohium
505 3636 570 3698 iter
591 3637 746 3713 arripuit,
763 3639 799 3698 ut
811 3638 920 3697 Mira-

130 3733 256 3795 molino
284 3735 317 3796 61
340 3733 432 3809 genti
462 3736 534 3810 eJ'us
559 3734 680 3800 Christi
704 3734 921 3809 Evangelium

126 3830 337 3908 praedicaret,
350 3831 452 3907 siquo
464 3830 613 3891 modoad
625 3827 835 3906 concupitam
848 3831 922 3907 pal-

127 3943 218 3989 mam
233 3929 361 3990 valeret
373 3929 548 4004 attingere.
558 3931 663 3990 Tanto
677 3944 819 4005 namque
833 3929 922 3989 desi-

127 4025 224 4086 116116
240 4025 418 4094 terebatur,
439 4027 475 4087 11
491 4027 644 4102 quamvis
666 4027 753 4088 esset
765 4025 919 4086 imbecil-

126 4123 171 4184 lis
187 4139 337 4200 corpore,
355 4124 633 4201 peregrinationis
650 4141 718 4186 suae
734 4139 922 4200 praecurre-

126 4221 396 4293 retcomitem,et
408 4221 449 4282 ad
468 4223 698 4298 exequendum
714 4222 919 4298 propositum

126 4318 280 4390 festinus,
294 4321 327 4380 et
339 4321 495 4396 tanquam
516 4320 636 4395 spiritu
650 4319 762 4381 ebrius
778 4320 920 4382 advola-

126 4417 190 4478 ret.
206 4415 268 4478 Sed
283 4433 357 4478 cum
366 4419 436 4494 jam
452 4417 606 4494 usquein
627 4417 823 4495 Hispaniam
839 4433 919 4493 per-

126 4513 274 4575 rexisset
288 4513 399 4576 divina
416 4514 642 4590 dispositione,
659 4529 731 4592 quae
742 4515 850 4592 ipsum
866 4530 921 4574 re-

127 4609 287 4671 servabat
301 4611 342 4671 ad
362 4611 440 4682 alia,
457 4611 657 4686 gravissima
675 4611 708 4671 ei
728 4611 922 4688 supervenit

126 4707 317 4778 infirmitas,
335 4723 399 4784 qua
416 4708 628 4785 praepeditus,
648 4709 733 4784 quod
753 4707 918 4783 cupiebat,

127 4804 311 4880 adimplere
326 4805 485 4880 nequivit.
500 4805 654 4866 sentiens
667 4805 770 4880 igitur
781 4805 834 4864 111
848 4806 919 4878 Dei,

127 4901 215 4977 quod
231 4903 420 4962 necessaria
434 4902 542 4962 adhuc
557 4904 628 4963 erat
641 4901 738 4976 proli,
748 4917 847 4978 quam
856 4917 919 4977 ge-

127 4998 258 5068 nuerat,
277 4998 382 5074 ipsius
396 4999 463 5060 vita
477 4999 512 5058 in
527 5013 639 5070 carne,
661 4997 811 5074 quamuis
826 5012 919 5059 mor-

127 5095 195 5156 tem
210 5095 274 5154 sibi
289 5095 416 5156 lucrum
431 5096 562 5171 putaret
576 5085 660 5167 esse,
677 5095 776 5156 rediit
787 5095 827 5156 ad
843 5112 922 5172 pas-

127 5191 270 5253 cendum
301 5206 380 5254 6166
405 5208 473 5252 6166
503 5192 720 5254 sollicitudini
754 5209 923 5254 commen·

127 5289 235 5350 datae.

168 5387 292 5446 Verum
315 5385 466 5447 caritatis
490 5385 609 5446 ardore
634 5385 787 5462 spiritum
816 5386 921 5463 ipsius

127 5482 170 5544 ad
184 5483 379 5559 martyrium
390 5485 601 5560 perurgente,
614 5483 714 5545 tertia
729 5483 838 5546 adhuc
849 5484 923 5546 1166

128 5596 190 5658 pro
207 5573 270 5641 lide
288 5580 461 5642 Trinitatis
486 5579 649 5646 effusione
673 5582 724 5641 sui
749 5581 922 5657 sanguinis

687 263 1007 342 Paonncounnx.
1031 293 1072 308 -
1091 263 1200 325 1111.

1678 243 1769 326 ’116
1865 335 1876 356 2

974 423 1155 491 dilatanda,
1170 439 1288 487 161616
1302 422 1455 484 infideles
1477 422 1647 508 proficisci
1657 423 1770 486 tenta-

973 521 1032 581 111.
1045 522 1156 582 Tertio
1167 521 1295 581 decimo
1306 535 1448 597 namque
1458 500 1688 584 conversionis
1700 537 1772 583 suae

974 633 1062 680 anno
1086 619 1127 679 ad
1153 619 1263 695 partes
1287 618 1393 694 Syriae
1413 634 1566 694 pergens
1593 620 1707 680 multis
1733 635 1771 680 se

974 715 1132 791 periculis
1157 716 1354 777 constanter¹
1371 717 1545 792 exposuit,
1571 719 1607 778 ut
1632 703 1772 777 Soldani

974 811 1165 888 Babyloniae
1190 813 1302 889 posset
1323 812 1417 873 adire
1439 813 1661 888 praesentiam.
1678 814 1773 874 Inter

975 909 1181 970 Christianos
1206 909 1294 969 enim
1317 925 1356 970 ac
1380 911 1582 972 Sarracenos
1602 910 1769 985 1116161-

974 1004 1042 1066 lum
1056 1008 1123 1066 tam
1138 1006 1349 1082 implacabile
1363 1007 1446 1078 erat,
1463 1007 1671 1069 exercituum
1686 1023 1766 1084 cas-‚

975 1103 1035 1164 1116
1049 1103 1217 1164 hincinde
1231 1103 1264 1163 in
1278 1119 1393 1180 campo
1410 1104 1559 1164 cominus
1572 1119 1615 1164 ex
1630 1088 1773 1167 a'dverso

975 1201 1104 1280 locatis,
1123 1202 1229 1262 utria
1244 1201 1350 1262 mutui
1370 1201 1531 1262 transitus
1557 1200 1628 1262 sine
1655 1203 1771 1290 mortis

975 1297 1168 1359 discrimine
1193 1313 1259 1359 non
1284 1299 1422 1376 pateret.
1444 1298 1580 1360 Exierat
1595 1315 1770 1375 namquea

977 1394 1121 1456 Soldano
1155 1395 1299 1457 edictum
1328 1395 1482 1466 crudele,
1509 1397 1545 1457 ut
1573 1373 1772 1474 quatumque

976 1493 1075 1568 caput
1101 1492 1244 1570 aliquus
1271 1493 1448 1554 christiani
1474 1493 1620 1566 afferret,
1646 1493 1773 1570 byzan-

975 1588 1058 1649 tium
1075 1605 1213 1650 aureum
1228 1607 1288 1666 pro
1302 1590 1453 1650 mercede
1469 1590 1643 1667 reciperet.
1658 1591 1700 1652 At
1711 1591 1770 1651 in-

975 1684 1124 1763 trepidus
1142 1687 1265 1748 Christi
1283 1687 1379 1748 miles
1401 1689 1613 1760 Franciscus
1631 1704 1772 1766 sperans

975 1783 1011 1842 in
1021 1784 1173 1859 proximo
1186 1800 1282 1844 suum
1294 1784 1433 1871 admisci
1445 1801 1541 1860 posse
1552 1786 1769 1862 propositum,

977 1878 1133 1942 diffinivit
1156 1882 1220 1943 iter
1244 1883 1405 1958 arripere,
1422 1883 1539 1944 mortis
1559 1898 1683 1958 pavore
1703 1899 1770 1944 non

975 1977 1123 2051 territus,
1138 1979 1195 2039 sed
1207 1978 1373 2040 desiderio
1387 1982 1595 2056 provocatus.
1613 1981 1772 2043 Oratione

977 2091 1119 2152 namque
1142 2078 1327 2153 praemissa,
1348 2075 1553 2138 confortatus
1577 2094 1597 2137 a
1618 2079 1770 2155 Domin0,
1798 2053 1810 2076 '

977 2173 1180 2235 confidenter
1199 2173 1281 2234 illud
1306 2174 1535 2250 propheticum
1549 2175 1768 2238 decantabat:

975 2273 1068 2332 Nam
1098 2272 1162 2332 etsi
1185 2268 1293 2350 (Psal.
1317 2287 1406 2342 xxn,
1430 2271 1464 2351 4)
1491 2275 1711 2334 ombtdaocro
1732 2277 1771 2334 16

975 2371 1088 2429 6166116
1109 2371 1241 2430 6611166
1267 2370 1408 2441 mortis,
1430 2383 1499 2429 666
1522 2369 1646 2430 timebo
1664 2376 1770 2443 mala,

975 2469 1138 2538 quonlam
1170 2467 1208 2527 16
1232 2482 1367 2527 mecum
1393 2481 1440 2528 cs.
1467 2467 1642 2542 assumpto
1667 2467 1773 2543 igitur

975 2562 1066 2623 socio
1091 2563 1204 2636 tratre,
1234 2563 1426 2624 illuminato
1448 2565 1592 2636 nomine,
1604 2565 1679 2626 1116
1705 2564 1773 2625 uti·

976 2673 1038 2736 que
1057 2660 1193 2720 luminis
1213 2662 1246 2722 et
1269 2661 1414 2730 virtutis
1432 2676 1505 2721 cum
1528 2661 1593 2722 iter
1615 2662 1769 2738 cepisset,

976 2756 1090 2817 obvias
1115 2757 1232 2818 babuit
1251 2758 1401 2818 oviculas
1420 2757 1513 2830 duas,
1534 2758 1652 2834 quibus
1672 2759 1769 2831 visis,

976 2853 1184 2914 exhilaratus
1208 2853 1261 2914 111
1284 2855 1419 2914 sanctus
1442 2853 1527 2915 dixit
1550 2854 1591 2914 ad
1616 2854 1769 2915 socium:

976 2951 1120 3022 Conllde,
1143 2951 1247 3012 irater
1271 2951 1306 3011 in
1335 2951 1486 3023 Domino,
1517 2967 1593 3012 nam
1620 2953 1656 3012 in
1676 2951 1773 3012 nohis

975 3048 1205 3124 evangelicum
1216 3049 1299 3110 illud
1313 3048 1471 3124 impletur
1483 3069 1490 3108 ε
1502 3051 1589 3110 Ecce
1600 3063 1662 3124 eqo
1671 3049 1772 3110 mitto

975 3162 1036 3207 666
1055 3147 1144 3207 sicut
1159 3161 1240 3207 6666
1256 3149 1293 3206 io
1311 3149 1424 3206 medio
1439 3151 1608 3219 luporum.
1637 3145 1770 3225 (Math,

975 3259 1008 3315 x,
1028 3243 1092 3322 16.)
1108 3245 1188 3304 Cum
1214 3247 1326 3305 autem
1352 3244 1593 3320 processissent
1616 3244 1770 3314 11161116,

975 3342 1193 3402 occurrerunt
1223 3342 1253 3402 ei
1293 3341 1454 3402 satellites
1490 3341 1682 3413 sarraceni,
1713 3342 1771 3419 qui

975 3439 1133 3515 tanquam
1146 3439 1217 3515 lupi
1229 3439 1371 3500 celerius
1385 3441 1599 3501 accurrentes
1615 3440 1656 3500 ad
1677 3455 1770 3510 oves,

976 3551 1091 3597 661166
1113 3537 1173 3597 Dei
1197 3535 1348 3598 feraliter
1368 3535 1625 3613 comprehensos
1648 3537 1773 3598 crude-

976 3635 1053 3695 liter
1068 3635 1101 3694 et
1113 3633 1406 3710 contemptibiliter
1421 3635 1678 3710 pertractarunt,
1695 3633 1771 3694 aill-

977 3732 1102 3792 cientes
1135 3731 1306 3799 convitiis,
1338 3730 1526 3805 affligentes
1557 3729 1769 3801 1611611116,

977 3829 1009 3888 61
1043 3826 1186 3888 11161116
1220 3826 1408 3901 alligantes.
1449 3826 1594 3887 Tandem
1628 3825 1771 3888 afflictos

976 3921 1206 3999 multipliciter
1220 3925 1253 3983 61
1263 3922 1393 3982 attritos
1409 3922 1449 3982 ad
1465 3922 1646 3982 soldanum
1658 3921 1772 3983 divina

977 4021 1171 4097 disponente
1193 4019 1412 4096 providentia,
1426 4022 1524 4097 juxta
1545 4020 1611 4081 viri
1634 4019 1770 4081 deside-

976 4118 1062 4179 rium
1093 4118 1330 4194 perduxerunt.
1367 4119 1447 4177 Cum
1480 4117 1583 4193 igitur
1615 4119 1772 4195 princeps

976 4215 1033 4277 ille
1057 4215 1276 4292 perquireret,
1301 4230 1320 4275 a
1342 4214 1472 4292 quibus,
1499 4216 1532 4277 61
1557 4215 1597 4276 ad
1623 4216 1712 4292 quid,
1739 4219 1773 4277 et

977 4313 1119 4390 qualiter
1142 4312 1235 4372 missi
1264 4313 1387 4384 essent,
1417 4313 1451 4374 et
1474 4312 1637 4390 quomodo
1665 4313 1771 4374 adve-

976 4411 1115 4482 nissent,
1148 4410 1314 4486 intrepido
1339 4410 1438 4470 corde
1457 4410 1629 4486 respondit
1648 4409 1772 4472 Christi

976 4523 1092 4569 servus
1117 4507 1318 4567 Franciscus
1340 4509 1439 4567 :Non
1458 4506 1498 4567 ab
1514 4507 1661 4578 homine,
1679 4507 1736 4566 sed
1753 4523 1773 4567 a

976 4609 1042 4667 Deo
1072 4604 1237 4665 altissimo
1263 4619 1300 4665 se
1328 4603 1432 4663 luisse
1459 4603 1772 4674 transmissumput

976 4703 1007 4764 ei
1028 4705 1061 4764 et
1083 4702 1204 4778 populo
1227 4717 1286 4761 suo
1308 4701 1397 4761 viam
1424 4700 1542 4761 salutis
1570 4700 1770 4772 ostenderet,

976 4802 1008 4862 61
1028 4799 1245 4860 annuntiaret
1257 4797 1472 4872 Evangelium
1484 4797 1646 4858 veritatis.
1665 4801 1771 4859 Tanta

975 4912 1055 4959 1616
1074 4897 1195 4957 mentis
1218 4893 1417 4965 constantia,
1440 4895 1533 4956 tanta
1556 4895 1678 4956 virtute
1698 4896 1774 4956 ani-

975 4995 1036 5065 mi,
1066 4995 1224 5070 tantoque
1263 4991 1394 5052 1611616
1436 4991 1574 5068 spiritus
1611 4993 1772 5068 praedicto

977 5092 1122 5153 soldano
1135 5089 1331 5167 praedicavit
1347 5091 1451 5150 Deum
1465 5089 1590 5150 trinum
1608 5091 1642 5149 et
1656 5105 1771 5158 unum,

976 5192 1009 5250 et
1033 5189 1239 5250 salvatorem
1272 5187 1419 5247 omnium
1443 5189 1557 5254 desum
1586 5186 1769 5260 Christum,

977 5289 1013 5348 ut
1041 5284 1270 5360 evangelicum
1301 5284 1383 5344 illud
1415 5284 1451 5345 in
1484 5284 1543 5345 illo
1572 5284 1774 5346 claresceret

977 5384 1142 5447 veraciter
1156 5397 1230 5443 esse
1245 5381 1444 5458 completum
1461 5404 1468 5442 :
1485 5386 1558 5458 Epo
1578 5385 1663 5442 dabo
1678 5385 1773 5443 vobis
1863 5389 1868 5404 ·

978 5498 1026 5551 os,
1049 5483 1082 5543 ct
1103 5479 1323 5554 sapientiam,
1352 5483 1499 5541 611666
1524 5479 1690 5554 poterunt
1714 5493 1776 5539 rc-

978 5581 1103 5641 sistere
1121 5578 1155 5640 61
1174 5579 1411 5639 cotttrcdt'ccrc
1436 5591 1554 5638 entitas
1574 5579 1772 5656 aduersarii
