4152 6388
1711 247 1791 350 'asa
1838 295 1841 304 ·

141 453 225 518 quas
248 438 284 499 in
303 437 444 502 Jcannis
471 440 689 516 evangelium
712 439 836 516 edidit,
862 441 936 507 octo
991 456 1076 514 snm,
1100 441 1133 504 et
1157 443 1229 519 ejus
1254 441 1412 504 mandata
1439 441 1628 506 observent.
1660 445 1789 510 cavea-

140 536 258 606 babuit
272 534 474 600 collationes
488 536 660 600 breviores
671 537 712 599 ad
726 537 847 603 iratres
862 553 939 603 oon·
991 553 1076 611 mus,
1093 538 1151 617 qui
1163 539 1360 616 reliquimus
1372 540 1496 621 omnia,
1520 557 1562 602 ne
1582 557 1641 618 pro
1656 542 1789 606 modico

139 636 260 696 ventus
272 632 442 707 Tolosani,
459 633 511 698 bis
532 635 705 698 Francisci
722 634 910 711 persimiles
927 656 935 695 ε
991 650 1131 711 regnum
1147 637 1307 698 coelorum
1318 637 1506 714 perdamus,
1519 639 1552 701 et
1565 637 1594 700 si
1610 641 1787 715 pecuniam

140 747 224 810 quas
233 731 476 793 Beneventurae
487 747 560 794 esse
571 732 666 796 docte
678 731 826 796 defendit
838 733 939 794 Gons·
991 732 1027 793 in
1041 733 1154 811 aliquo
1166 733 1242 795 loco
1256 734 1477 809 inveniamus,
1492 751 1560 798 non
1576 752 1731 800 curemus
1746 737 1787 800 de

139 829 289 891 tantinus
304 828 483 906 cajetanus
496 829 611 893 contra
626 828 839 894 Herberitum
851 833 939 892 Ros-
991 829 1052 892 illa
1070 830 1248 908 plusquam
1269 831 1310 894 de
1325 831 1462 908 pulvere
1484 849 1581 911 quem
1605 835 1786 898 calcamus.

140 925 296 1004 weydnm
314 927 350 986 in
372 927 637 1002 concertatione,
660 927 800 1004 praefixo
821 927 938 990 libello
992 927 1267 1004 Nonjudicemus
1283 943 1391 1007 neque
1406 929 1629 1008 despiciamus
1641 933 1718 994 illos
1730 933 1788 1010 qui

141 1023 396 1086 delmttottoce
411 1025 741 1100 circumsistente
757 1024 938 1090 sonoriter
991 1024 1134 1088 delicate
1148 1025 1274 1098 vivunt,
1291 1026 1325 1088 et
1338 1025 1470 1088 curiose
1488 1043 1527 1088 ac
1543 1031 1710 1106 superflue
1731 1032 1788 1091 in-

141 280 203 340 317
492 279 601 344 PARS
622 280 784 346 TERTIA.
800 309 841 324 -
855 280 1140 346 GOLLATIONES
1166 280 1437 345 MONASTIGAE.

140 1137 277 1184 OXGUSO.

969 1113 970 1124 ’
992 1121 1149 1185 duuntur.
1172 1125 1260 1185 Deus
1282 1124 1333 1185 est
1352 1124 1477 1197 noster,
1502 1141 1542 1186 ac
1558 1125 1706 1201 ipsorum
1719 1129 1789 1190 Do-

991 1219 1118 1292 minus,
1131 1220 1248 1298 potens
1260 1220 1336 1283 illos
1351 1221 1393 1282 ad
1408 1237 1592 1295 sevocare,
1605 1224 1788 1287 etuocatos

181 1317 384 1378 COLLATIO
406 1319 542 1382 PRIMA
563 1318 894 1382 CONSOLATORIA.
969 1316 1185 1394 'justificare
1205 1319 1304 1381 Tales
1326 1335 1406 1395 ergo
1423 1335 1648 1394 revereamur,
1666 1323 1702 1384 ut
1715 1322 1786 1386 lra-

240 1480 290 1538 De
302 1479 425 1552 pusillo
437 1491 543 1554 prope
556 1479 823 1553 multiplicando.

183 1608 424 1671 contortamini
437 1608 616 1682 carissimi,
629 1610 663 1672 et
671 1609 813 1685 gaudete
830 1610 866 1670 in
876 1612 937 1672 Do·

139 1707 232 1770 mino
260 1729 267 1768 ε
295 1722 357 1768 neo
385 1706 464 1783 quia
492 1707 592 1784 pauci
621 1707 713 1778 estis,
742 1705 936 1769 efficiamini

139 1805 248 1875 tistes,
264 1820 326 1867 nec
338 1818 397 1866 vos
413 1804 538 1866 terreat
559 1819 633 1869 mea
647 1804 701 1867 vel
716 1804 827 1869 vestra
849 1804 935 1866 sim·

60 1941 65 1964 .
113 1929 115 1932 ·
139 1901 272 1979 plicitas
290 1924 297 1962 :
312 1901 469 1978 quoniam
493 1901 581 1968 siout
609 1917 628 1963 a
647 1901 787 1964 Domino
803 1901 886 1964 mihi
900 1902 936 1966 in

138 2000 282 2062 veritate
306 1998 474 2062 ostensum
496 1998 556 2072 est,
573 1999 609 2060 in
638 2014 793 2075 magnam
820 1998 937 2061 multi-

139 2097 290 2159 tudinem
314 2095 416 2176 faciet
433 2111 493 2160 191
517 2111 670 2162 erescere
688 2099 787 2168 Deus,
802 2112 936 2174 suaeque

139 2193 382 2256 benedictionis
396 2195 504 2270 gratia
519 2193 750 2271 multiplieiter
770 2192 933 2256 dilatabit.

139 2292 236 2356 Multi
258 2292 496 2354 convertentur
529 2292 570 2352 ad
599 2293 787 2365 Dominum,
818 2291 852 2353 et
877 2306 937 2368 per

138 2390 335 2452 universum
350 2389 509 2450 mundum
523 2388 758 2465 multiplicabit
781 2392 867 2453 Deus
884 2388 937 2450 la-

138 2487 269 2550 miliam
283 2498 379 2548 suam
393 2489 426 2552 at
437 2485 582 2563 augebit.
605 2485 654 2548 Ad
677 2487 826 2550 vestrum
847 2501 934 2564 quo-

139 2599 205 2663 que
220 2583 403 2661 proiectum
414 2599 516 2659 cogor
527 2583 639 2646 dicere
650 2582 735 2661 qnod
749 2583 835 2658 vidi;
847 2584 933 2660 quod

140 2682 256 2758 utique
282 2681 389 2756 magis
409 2681 510 2742 silere
527 2679 657 2754 liberet,
683 2680 858 2743 sicuritas
883 2697 935 2744 me

139 2795 207 2840 non
221 2779 354 2854 cogeret
367 2777 462 2842 vobis
478 2777 616 2840 1919119.
639 2777 715 2840 Vidi
744 2777 934 2841 multitudi-

139 2893 217 2938 nem
232 2891 387 2952 magnam
399 2875 570 2942 hominum
585 2874 627 2940 ad
642 2890 704 2938 nos
717 2875 933 2949 venientium,

140 2973 228 3036 etin
251 2972 368 3036 babitu
388 2975 512 3036 sanctae
537 2973 802 3038 conversationis
821 2972 937 3036 nobis-

141 3087 217 3134 cum
237 3071 420 3133 volentium
444 3070 648 3136 conversari.
670 3072 810 3136 Etecce
827 3069 936 3132 adbuc

142 3169 272 3232 sonitus
284 3184 399 3230 eorum
411 3168 448 3228 in
471 3167 610 3233 auribus
630 3168 714 3230 meis
734 3168 882 3232 euntium
903 3169 936 3230 91

141 3266 352 3328 redeuntium
378 3265 560 3329 secundum
588 3265 785 3332 obedientis
811 3267 935 3328 sanctae

139 3363 344 3425 mandatum.
361 3361 438 3424 vidi
450 3363 547 3440 quasi
563 3363 636 3426 uias
654 3363 802 3440 ipsorum
817 3363 935 3436 1111111-

144 3460 259 3522 111119
281 3459 396 3536 plenas
411 3459 558 3523 exomni
582 3458 652 3522 iere
675 3461 811 3524 natione
821 3463 858 3522 in
882 3461 935 3524 bis

144 3557 294 3635 partibus
313 3557 505 3620 convenire.
533 3557 678 3620 Veniunt
705 3557 933 3634 Francigenae,

139 3653 299 3721 festinant
313 3654 466 3730 Hispani,
482 3653 656 3716 Teutonici
671 3655 705 3716 et
717 3653 848 3730 anglici
863 3670 936 3717 cun-

139 3753 228 3824 runt,
246 3753 280 3816 et
291 3752 434 3815 aliarum
448 3751 656 3816 diuersarum
671 3751 862 3828 linguarum
874 3769 936 3814 ac-

990 1415 1060 1478 tres
1073 1415 1107 1478 et
1120 1415 1273 1480 dominos
1288 1417 1432 1480 uestros.
1446 1419 1581 1480 Fratres
1592 1419 1681 1480 enlm
1694 1421 1782 1493 sunt,

991 1510 1197 1590 inquantum
1211 1513 1254 1577 ab
1269 1529 1335 1576 uno
1347 1515 1637 1590 Creatoreereati3
1652 1517 1788 1579 Domini

990 1623 1070 1672 1919
1083 1611 1171 1683 sunt,
1186 1611 1221 1676 ln
1243 1613 1403 1689 quantum
1428 1612 1534 1674 bonos
1559 1613 1719 1690 adjuvant
1743 1614 1786 1676 ad

991 1707 1219 1782 poeniteutiam
1233 1708 1432 1782 taciendam,
1448 1709 1497 1771 eis
1512 1712 1704 1774 necessaria
1713 1727 1790 1774 cer·

990 1804 1081 1879 poris
1100 1805 1342 1868 ministrantes.
1369 1807 1417 1868 lte
1446 1823 1527 1882 ergo
1548 1809 1786 1872 annuntiantes

990 1900 1313 1980 bominihnspacem,
1326 1904 1547 1981 praedicantes
1556 1906 1786 1982 poenitentiam

991 1999 1027 2060 in
1064 1999 1297 2062 remissionem
1335 2002 1559 2078 peccatorum.
1604 2003 1789 2066 Invenietis

992 2097 1153 2173 quosdam
1167 2097 1320 2160 homines
1335 2097 1463 2168 fideles,
1479 2100 1671 2162 mansuetos
1681 2100 1783 2163 etbe-

990 2194 1121 2270 dignos,
1139 2195 1195 2272 qui
1208 2211 1283 2258 oum
1298 2196 1421 2272 gaudio
1435 2212 1495 2260 vos
1510 2197 1543 2259 et
1557 2197 1659 2260 verba
1673 2199 1786 2262 vestra

990 2291 1168 2368 recipient,
1189 2293 1224 2354 at
1243 2307 1304 2368 per
1317 2295 1505 2371 oppositum
1519 2294 1605 2357 alios
1620 2295 1783 2368 inlldeles,

991 2387 1171 2465 superbos,
1199 2389 1425 2468 blasphemos,
1450 2391 1507 2469 qui
1541 2392 1782 2469 exprobrantes

990 2485 1147 2548 resistent
1160 2486 1271 2560 vobis,
1291 2488 1324 2550 et
1342 2487 1395 2549 his
1418 2504 1491 2566 quae
1515 2489 1642 2553 dicetis.
1667 2490 1786 2554 Ponite

990 2598 1069 2658 ergo
1082 2583 1117 2644 in
1132 2583 1289 2646 cordibus
1302 2585 1422 2648 vestris
1438 2585 1603 2664 patienter
1621 2589 1654 2649 et
1674 2587 1788 2649 bumi-

990 2679 1489 2745 111919111919191919Ν91119
1512 2685 1624 2746 tamen
1645 2684 1783 2761 timere;

990 2778 1148 2854 quoniam
1163 2793 1230 2842 non
1246 2781 1321 2856 post
1341 2781 1480 2842 multum
1499 2782 1628 2858 tempus
1651 2782 1788 2845 venient

990 2874 1103 2938 advos
1118 2876 1214 2940 multi
1230 2877 1398 2954 sapientes
1415 2879 1447 2940 et
1459 2877 1600 2949 nobiles,
1622 2880 1788 2956 eruntque

989 2971 1161 3036 vobiscum
1182 2973 1403 3052 praedicantes
1417 2975 1564 3050 regibus,
1581 2977 1615 3046 et
1629 2976 1787 3053 principi·

990 3068 1062 3142 bns,
1079 3071 1113 3132 et
1133 3070 1264 3148 populis
1289 3071 1413 3134 multis.
1441 3072 1556 3134 Estote
1578 3087 1657 3148 erge
1673 3073 1707 3134 in
1721 3073 1786 3135 tri-

989 3166 1214 3230 bulationibus
1243 3169 1419 3244 patientes,
1444 3169 1480 3230 in
1503 3168 1709 3232 orationibus
1731 3170 1786 3232 vi-

989 3264 1087 3342 giles,
1112 3264 1148 3326 in
1167 3264 1340 3328 laboribus
1360 3266 1499 3338 strenui,
1519 3266 1556 3328 in
1576 3267 1786 3329 sermonibus

990 3362 1142 3434 modesti,
1159 3362 1195 3424 in
1207 3363 1356 3424 moribus
1368 3379 1501 3440 graves,
1513 3364 1592 3426 etin
1611 3363 1786 3426 beneflciis
1899 3427 1903 3432 .

990 3460 1078 3536 grati
1094 3481 1102 3520 z
1117 3459 1194 3540 quia
1214 3476 1274 3536 pro
1288 3460 1342 3522 bis
1363 3461 1518 3524 omnibus
1536 3459 1631 3524 uobis
1646 3477 1789 3538 regnum

990 3558 1050 3620 Dei
1066 3560 1276 3635 praeparatur
1287 3559 1449 3621 aeternum
1461 3576 1468 3621 :
1481 3559 1568 3636 qued
1588 3558 1684 3621 nobis
1700 3575 1785 3621 con-

990 3654 1086 3718 cedat
1098 3655 1168 3728 ille,
1179 3657 1236 3732 qui
1248 3656 1375 3717 1111191
1389 3658 1507 3730 regnat
1519 3657 1628 3718 uinus
1638 3659 1671 3719 et
1681 3671 1784 3731 unus3

991 3752 1024 3816 et
1036 3751 1161 3829 absque
1175 3752 1276 3814 dubio
1294 3752 1463 3824 concedet,
1480 3753 1511 3814 si
1528 3754 1650 3816 emissa
1670 3769 1788 3818 serva·

140 3848 268 3912 celerat
280 3847 427 3912 maxima
440 3847 628 3916 multitudo.
990 3848 1137 3916 serimus
1161 3849 1239 3912 vota
1262 3850 1388 3921 nostra,
1417 3865 1490 3926 quae
1518 3850 1570 3910 illi
1592 3851 1785 3914 uoluntario

991 3945 1242 4024 spopondimus.

322 4063 523 4124 COLLATIO
550 4063 755 4124 SECUNDA.

174 4209 224 4268 119
238 4206 415 4267 vocatione
429 4206 584 4279 tratrem
596 4207 788 4281 Minorem,
799 4206 837 4268 91
852 4209 893 4268 de

237 4317 242 4326 ·
326 4305 548 4377 prcedtccndo
562 4305 755 4369 1191191191.

184 4433 448 4506 Consideremus,
472 4432 593 4496 iratres
622 4435 806 4506 carissimi,
830 4452 934 4498 voca·
1032 4434 1083 4496 llll
1098 4433 1155 4511 qui
1170 4433 1327 4510 religiose
1342 4431 1458 4494 volunt
1472 4433 1561 4494 stare
1573 4433 1609 4494 in
1624 4435 1796 4503 eremit0·‚

141 4531 267 4594 tionem
288 4532 450 4603 nostram,
476 4547 542 4607 qua
563 4532 696 4596 vocarit
714 4547 774 4594 nos
800 4533 936 4596 miseri·
990 4531 1063 4604 riis,
1075 4531 1142 4593 sint
1153 4533 1222 4593 tres
1241 4530 1299 4594 aut
1313 4531 1458 4608 quatuor
1470 4529 1513 4592 ad
1533 4530 1618 4608 plus.
1646 4532 1717 4592 Duo
1741 4548 1785 4593 ex

143 4629 290 4692 corditer
303 4631 403 4701 Deus,
426 4643 493 4692 non
513 4629 642 4692 tantum
657 4645 717 4705 pro
737 4631 862 4703 nostra,
878 4631 936 4693 sed
990 4628 1074 4706 ipsis
1089 4629 1156 4690 sint
1169 4629 1303 4700 matres
1316 4629 1349 4689 et
1361 4626 1507 4693 babeant
1521 4626 1604 4688 duos
1620 4625 1717 4703 illios,
1731 4629 1785 4692 vel

142 4740 204 4804 pro
219 4725 398 4787 multorum
413 4726 515 4791 etiam
539 4724 658 4797 salute,
683 4725 720 4790 ut
741 4741 855 4788 9911111
877 4743 937 4804 per
992 4742 1094 4786 unum
1125 4725 1166 4786 ad
1201 4725 1322 4786 minus.
1347 4724 1401 4785 llll
1427 4723 1492 4784 duo
1516 4725 1653 4788 teneant
1679 4726 1783 4787 vitam

142 4823 303 4889 muudum
325 4822 532 4892 exhortando
554 4835 670 4888 omnes
686 4823 762 4899 plus
784 4825 938 4902 exemplo
991 4820 1480 4895 denumerationem
1503 4821 1620 4883 Mariae
1647 4823 1787 4900 Magda-

143 4935 243 4999 quani
266 4919 380 4993 191119,
406 4919 447 4981 ad
466 4915 635 4996 'agendum
649 4907 876 4996 poenitentiam
896 4921 937 4984 de
991 4922 1088 4983 lona.
1114 4920 1167 4982 llll
1187 4927 1311 4991 autem,
1328 4920 1385 4997 qul
1409 4920 1524 4983 tenent
1538 4919 1641 4980 ritem
1655 4922 1784 4996 Mariae,

143 5018 289 5096 peccatis
303 5017 387 5090 suis,
411 5019 446 5079 91
467 5017 509 5083 ad
532 5016 719 5082 habendam
743 5019 937 5082 memoriam
991 5017 1136 5081 habeant
1146 5032 1248 5080 111111
1264 5015 1458 5088 claustrum,
1471 5017 1504 5078 91
1514 5016 1654 5094 quilibet
1665 5017 1789 5082 haheat

143 5115 375 5184 mandatorum
395 5115 465 5180 Dei.
491 5115 605 5178 Nolite
627 5115 759 5187 umere,
781 5115 860 5193 quia
875 5133 939 5192 pu-
991 5111 1376 5190 looumsuum,itaquod
1389 5113 1658 5190 nequebabitent
1673 5115 1786 5190 simul,

143 5213 213 5274 silli
228 5213 261 5274 et
274 5211 472 5288 insipientes
490 5212 654 5285 videmur,
674 5212 732 5274 sed
746 5213 857 5279 securi
876 5229 938 5276 an·
991 5211 1300 5290 nequamneuam
1318 5225 1449 5287 semper
1463 5210 1575 5274 dicant
1596 5213 1786 5290 complete-

142 5310 295 5375 nunliate
318 5309 516 5386 simpliciter
548 5309 794 5386 poenitentiam,
831 5311 938 5374 conli-
991 5311 1080 5373 rium
1092 5309 1134 5372 de
1148 5309 1212 5380 die,
1223 5307 1356 5386 quando
1370 5307 1421 5369 sol
1435 5309 1616 5371 1919111111
1629 5310 1670 5371 ad
1684 5326 1786 5374 occa-

143 5407 305 5470 deutesin
318 5407 468 5480 Domino,
483 5407 539 5483 qui
560 5407 640 5470 vicit
659 5407 830 5480 mundum,
851 5409 938 5486 cuod
992 5425 1077 5470 sum.
1099 5407 1260 5470 studeant
1282 5406 1397 5468 tenere
1421 5405 1601 5478 silentium,
1618 5409 1651 5469 et
1674 5408 1788 5475 dicant

144 5499 271 5581 Spiritu
293 5519 357 5566 suo
375 5502 529 5581 loquetur
549 5520 610 5580 per
631 5519 693 5567 vos
715 5504 749 5572 ln
773 5503 880 5578 vobis,
896 5507 938 5569 ad
993 5509 1101 5568 Heras
1115 5521 1207 5567 suas.
1225 5503 1371 5579 surgant
1382 5502 1424 5564 ad
1439 5502 1651 5577 Matutinum,
1667 5506 1702 5568 et
1712 5507 1785 5584 pri-

144 5601 387 5664 enbortandum
401 5615 527 5672 omnes,
539 5601 575 5662 ut
588 5602 826 5664 convertantur
840 5603 880 5665 ad
894 5605 938 5682 lp·
994 5619 1083 5666 mum
1096 5604 1247 5681 qrraerant
1258 5615 1397 5675 regnum
1411 5599 1482 5674 1191,
1494 5601 1527 5661 91
1535 5601 1700 5677 justitiam
1713 5607 1786 5681 ejus

1189 4158 1391 4220 COLLATIO
1419 4157 1584 4219 TERTIA.

1018 4295 1069 4354 119
1083 4293 1246 4368 reltptoso
1258 4289 1468 4354 habitatione
1482 4292 1519 4353 111
1529 4284 1753 4354 eremitoriis.
