4114 6396
90 283 171 346 1017

87 440 143 502 vel
167 438 315 516 impleat.
340 442 406 503 Per
430 443 550 504 dentes
569 447 716 514 leonum,
740 439 882 518 6611661

88 537 179 604 sunt,
195 537 228 598 et
248 539 417 608 vorantes,
439 538 593 614 signetur
610 538 682 600 iera
701 537 880 616 rapacitas.
937 572 977 628 lie
1003 571 1105 644 mppr„

464 282 572 346 PARS
603 281 747 345 PRIMA.
767 309 808 326 -
827 277 1046 343 expostulo
1075 281 1119 344 IN
1149 282 1350 346 Psnnuos.
1425 329 1435 355 ,

1651 287 1729 350 1018

1186 441 1325 504 SERMO
1347 443 1485 504 CLXXI.

1135 571 1181 630 die
1206 584 1272 631 cum
1295 573 1355 630 suis
1384 572 1521 645 vesperis,
1547 573 1655 634 scilicet
1681 576 1729 635 die

88 635 139 696 lta
154 632 254 694 flebat
273 633 398 696 sancus
413 634 627 710 opprobrium
647 656 655 694 τ
676 637 756 696 oum
773 634 883 696 essent
972 659 1080 728 muner,
1100 659 1147 717 66
1162 661 1237 730 vrrs,
1255 659 1302 718 are
1318 661 1451 732 66666
1472 659 1509 719 aa
1522 663 1606 720 maus
1623 665 1728 722 6666

83 730 180 806 justi,
204 730 443 807 reputabantur
466 748 486 792 a
517 730 614 794 malis
637 731 769 808 injusti;
796 731 883 792 unde
973 747 1116 818 operibus,
1721 745 1724 752 '

87 828 240 904 sequitur
262 825 372 905 (ibid,
398 831 427 900 l,
453 826 524 908 ll):
540 846 560 889 c
579 829 687 904 Tigris
707 828 817 906 periit,
842 843 881 888 66

87 924 176 1002 quod
196 940 262 985 non
284 923 424 986 baberet
446 926 604 1002 praedam,
629 926 662 987 et
684 926 787 986 661611
806 924 881 986 166-

85 1037 167 1082 num
183 1019 231 1100 (1)
247 1021 399 1098 dissipati
414 1023 500 1084 sunt.
516 1022 701 1084 »Praedam
716 1021 807 1092 iacit,
825 1021 881 1098 qui

85 1118 200 1180 aliena
223 1117 310 1180 bena
335 1118 398 1180 sibi
417 1119 523 1196 rapit3
545 1119 631 1197 qued
654 1118 735 1180 iacit
759 1119 880 1192 666166,

85 1215 272 1278 attribuens
294 1215 358 1276 sibi
383 1217 469 1293 quod
489 1217 626 1278 nonest
648 1231 768 1277 suum:
794 1213 880 1293 quod

84 1313 334 1390 improperatur
348 1314 485 1376 sanctie.

127 1410 276 1472 Tertium
296 1410 510 1487 opprobrium
535 1411 670 1473 notatur
691 1410 740 1472 sic
760 1431 767 1470 :
789 1411 881 1476 0666

86 1509 391 1582 exprobraverunt
419 1508 721 1570 commutationem
753 1507 881 1570 censu

87 1605 149 1664 tui.
172 1604 468 1666 commutationem
491 1603 570 1666 16611
592 1605 754 1666 christus.
780 1605 879 1666 Com-

85 1700 226 1762 mutatio
243 1700 364 1762 Christi
384 1701 446 1772 661,
470 1715 543 1761 cum
559 1700 640 1762 facit
653 1700 695 1760 de
714 1697 807 1762 ebrio
821 1713 880 1759 6ο-

84 1797 207 1869 brium,
224 1796 265 1858 de
279 1797 452 1859 luxurioso
471 1799 610 1860 castum.
622 1800 706 1858 'Haec
721 1797 771 1858 est
790 1809 881 1856 com·

85 1894 226 1956 mutatio
242 1893 388 1956 dexterae
401 1895 538 1956 excelsi.
554 1893 616 1956 Job
634 1893 698 1971 (12,
713 1891 746 1973 l)
762 1914 769 1953 :
784 1910 803 1952 c
818 1891 881 1965 Qui

86 1991 257 2055 deridetur
275 1990 317 2056 ab
336 1991 531 2064 amicosne,
549 1991 635 2052 61661
649 2007 725 2066 eg0;
746 2007 764 2050 n
785 1989 881 2052 etsie

89 2088 261 2150 deridetur
274 2088 343 2160 ille,
365 2087 421 2166 qui
443 2089 492 2150 616
514 2089 736 2150 commutetur
753 2109 761 2147 ε
779 2087 880 2148 invo-

88 2184 308 2260 cananeum,
331 2188 363 2247 et
384 2185 542 2247 exaudiet
556 2201 642 2246 eum.
666 2183 880 2258 1116166666-

87 2283 160 2344 rius
177 2281 227 2362 (2)
247 2283 350 2345 dicit:
373 2299 391 2347 c
411 2283 495 2354 Quia
518 2282 613 2344 illum
635 2281 716 2344 16611
733 2280 881 2342 bumana

86 2379 212 2442 derisio
235 2383 302 2442 1166
322 2381 522 2458 proximum,
544 2395 641 2457 quem
663 2378 704 2440 ab
726 2377 880 2439 humanis

87 2477 308 2554 pravitatibus
336 2478 415 2540 vitae
441 2477 632 2540 innocentia
659 2478 772 2538 servat
794 2475 881 2536 alie·

86 2591 211 2651 numm
237 2575 334 2646 6666,
367 2574 537 2636 deridetur
559 2575 642 2651 justi
669 2573 879 2649 simplicitas

86 2669 880 2750 quiaesapientibusmnndisimplicitatisvirtus

86 2769 224 2833 fatuitas
243 2769 404 2844 creditum
426 2770 460 2831 et
479 2766 696 2847 (1616125),
715 2785 733 2828 c
752 2768 880 2844 lampas

86 2867 274 2943 contempta
301 2866 388 2944 apud
413 2866 633 2942 cogitationes
657 2865 796 2928 divitum
820 2881 882 2942 66-

85 2964 216 3026 661666
232 2964 361 3040 tempus
374 2965 545 3026 statutum.
560 2980 578 3023 s
593 2964 633 3025 Et
647 2963 774 3041 lampas
791 2961 879 3023 dici-

85 3063 152 3134 tur,
178 3063 211 3123 et
233 3061 420 3138 contempta
441 3082 449 3121 :
473 3061 612 3137 lampas,
636 3059 714 3136 quia
738 3059 880 3120 interius

86 3159 192 3232 lucet;
209 3159 407 3236 contempta,
424 3157 502 3235 quia
516 3157 603 3234 apud
618 3157 745 3218 mentes
760 3171 881 3217 carna-

84 3253 168 3314 lium
183 3251 312 3329 abjecta
327 3252 549 3316 existimatur.
572 3251 635 3314 sed
651 3252 725 3328 ipsa
745 3251 797 3313 661
815 3267 878 3328 66-

86 3351 159 3412 6616
175 3349 215 3411 66
237 3352 367 3425 tempus
383 3351 553 3411 statutum.
574 3350 775 3428 contemptae
791 3348 879 3409 lam-

87 3447 184 3525 padis
198 3449 327 3524 tempus
347 3447 399 3507 est
412 3447 553 3506 extremi
564 3445 685 3521 judicii
701 3445 880 3521 praedesti-

85 3544 263 3615 66166166,
281 3541 534 3618 666666166166
549 3541 701 3617 quisque,
718 3541 775 3617 qui
791 3555 880 3602 6666

85 3640 282 3718 despicitur,
312 3638 434 3716 quanto
459 3637 640 3715 splendoren
659 3636 795 3712 fulgeat,
821 3637 882 3696 de-

86 3736 336 3800 monstrabitur.
366 3738 469 3807 Quam
493 3749 575 3796 vero
599 3733 642 3796 sit
666 3734 785 3794 nocive
809 3733 881 3794 baec

86 3834 223 3905 derisio,
241 3834 273 3895 et
287 3831 328 3894 ab
344 3848 384 3893 ea
400 3832 443 3892 sit
458 3829 701 3902 abstinendum,
718 3829 800 3892 dicit
819 3832 882 3890 Eo-

88 3931 295 3992 clesiasticus
309 3927 373 4009 (28,
389 3927 443 4006 21)
461 3949 468 3988 :
485 3927 658 4004 6111666111
677 3927 775 4004 plaga
795 3926 882 3988 livo-

87 4045 159 4091 rem
174 4027 254 4090 16611
268 4049 275 4088 :
297 4026 520 4104 plagaeutem
536 4025 661 4100 linguae
679 4023 882 4086 comminuet

87 4141 176 4188 6666.
192 4142 210 4185 s
225 4125 328 4201 Plaga
343 4123 431 4187 enim
447 4123 570 4199 linguae
585 4121 718 4198 repellit
730 4120 880 4185 homines

86 4221 218 4284 abonis
233 4222 410 4293 inchoatis,
427 4222 460 4283 et
479 4221 519 4283 ad
540 4234 677 4296 pravam
694 4233 880 4282 66666666-

88 4319 212 4378 tionem
228 4318 366 4390 inducit,
381 4319 415 4380 et
426 4317 472 4380 116
485 4317 682 4380 comminuit
694 4331 781 4388 ossa,
797 4315 882 4378 idest

89 4427 204 4473 omues
228 4413 380 4485 virtutes,
405 4429 478 4491 quae
503 4415 609 4491 ipsam
634 4413 779 4478 enimam
801 4428 879 4474 666-

90 4509 232 4571 1661661.
259 4509 361 4584 Plaga
389 4511 499 4571 autem
528 4510 652 4585 linguae
679 4511 882 4573 comminuet

89 4621 177 4668 ossa.
207 4609 271 4668 Per
297 4605 487 4682 hujusmodi
508 4606 597 4667 enirn
621 4605 822 4670 derisionem
846 4606 881 4668 in

88 4702 203 4765 multis
218 4719 305 4770 osse.
322 4701 410 4764 idest
424 4701 581 4763 tortitudo
597 4703 757 4764 virtutum
773 4703 883 4765 conte·

89 4801 187 4876 ritur‚
204 4803 237 4864 61
251 4817 271 4862 6
285 4799 382 4862 bonis
398 4797 555 4877 operibus
570 4799 796 4862 retrahuntur.

126 5443 166 5513 (1)
186 5442 271 5514 vulg.
285 5457 291 5497 :
306 5441 406 5498 leonis.

127 5516 157 5584 (1
189 5511 300 5580 lieret,
316 5510 363 5567 lib.
378 5511 414 5579 X,
429 5510 460 5567 iu
474 5525 537 5584 cap.
555 5510 663 5581 11161),
675 5525 704 5569 6.
721 5512 767 5570 li.

126 5584 155 5657 (3
188 5583 274 5655 vulg.
289 5597 295 5639 :
310 5581 399 5650 scitis,
415 5582 479 5654 quie
494 5589 646 5655 66666661.

937 880 1156 944 0666666166
1184 885 1296 944 nostri
1318 885 1528 958 deseremini,
1552 887 1646 948 6116
1671 890 1729 950 tra

977 977 1038 1038 tuo
1052 980 1248 1052 defecimus.
1266 983 1358 1042 Anni
1372 981 1484 1042 nostra·
1498 985 1587 1044 61661
1596 999 1729 1047 aranea

975 1075 1246 1137 meditabuntur.
1264 1073 1368 1154 (Psal.
1383 1077 1433 1148 89,
1449 1077 1596 1158 96110.)
1726 1157 1728 1166 .

975 1215 1053 1278 11166
1066 1216 1172 1278 666161
1193 1215 1395 1291 6616666661,
1415 1218 1492 1295 quia
1506 1223 1670 1284 venerunt
1684 1222 1726 1284 ad

935 1323 1125 1388 vesperam;
1144 1314 1230 1375 unde
1252 1313 1409 1376 debemus
1428 1315 1541 1378 dicere
1562 1333 1637 1379 cum
1652 1316 1726 1379 dis-

935 1409 1085 1486 cipulis:
1114 1413 1219 1472 Mane
1246 1415 1433 1486 nobiscum,
1460 1414 1610 1486 Domine,
1643 1430 1728 1489 666-

935 1509 1031 1567 61666
1053 1510 1319 1582 advesperascit,
1340 1509 1558 1572 61166116616
1580 1511 1632 1573 est
1649 1514 1728 1584 jam

935 1605 1008 1666 6166
1023 1601 1147 1682 (Lucae,
1168 1607 1217 1676 24,
1229 1603 1299 1683 29).
1322 1607 1362 1668 nt
1378 1621 1482 1683 quare
1496 1607 1634 1670 veniunt
1654 1609 1728 1672 dies

936 1699 1039 1762 nostri
1052 1700 1092 1763 ad
1107 1703 1299 1777 vesperem?
1313 1703 1397 1774 Quia
1411 1704 1552 1766 mundus
1563 1707 1613 1767 661
1624 1721 1727 1783 prope

935 1809 1109 1874 vesperam
1125 1813 1230 1858 suam.
1254 1799 1347 1860 Unde
1362 1801 1555 1874 notandum,
1572 1803 1658 1879 quod
1678 1803 1729 1866 661

935 1891 1006 1954 6166
1021 1893 1148 1967 mundi,
1164 1895 1197 1956 61
1209 1895 1259 1956 661
1273 1895 1344 1956 6166
1357 1896 1511 1958 bumanae
1524 1899 1614 1973 vitae,
1630 1900 1662 1961 et
1676 1901 1728 1962 est

935 1988 1007 2050 dies
1032 1990 1183 2065 justitiae.
1211 1991 1290 2054 Dies
1316 1993 1443 2064 mundi,
1469 1995 1564 2071 66166
1584 1998 1655 2072 jam
1677 1999 1728 2059 est

934 2101 1086 2163 6666666,
1104 2087 1239 2149 6616166
1254 2088 1290 2149 16
1308 2089 1490 2166 Evangelio
1510 2089 1654 2170 (1661116,
1674 2095 1726 2162 24,

933 2180 987 2262 32)
1003 2204 1011 2244 :
1027 2182 1109 2244 ‹Ab
1131 2183 1249 2246 arbore
1270 2185 1381 2247 autem
1405 2185 1460 2247 dci
1484 2185 1601 2250 discite
1622 2205 1727 2265 para-

934 2280 1063 2354 bolam;
1080 2295 1155 2340 cum
1165 2283 1235 2357 jam
1248 2297 1361 2343 remus
1373 2286 1446 2359 ejus
1460 2285 1557 2346 tener
1567 2285 1678 2354 fuerit,
1695 2287 1728 2350 et

935 2376 1017 2440 16116
1040 2379 1130 2451 nata,
1158 2379 1378 2456 cognoscetis,
1407 2380 1484 2457 quia
1512 2380 1547 2442 in
1575 2369 1728 2459 prorimo

936 2476 978 2536 sit
989 2472 1036 2554 (3)
1054 2475 1162 2536 66166.
1177 2491 1196 2535 a
1213 2476 1355 2537 Mundus
1373 2475 1486 2538 arbori
1501 2481 1725 2554 comparatur,

936 2573 1030 2647 cnjus
1045 2568 1172 2631 tructus
1186 2571 1286 2634 ruina
1300 2571 1353 2633 661
1368 2593 1374 2631 :
1392 2571 1432 2632 ad
1450 2572 1513 2634 boc
1528 2573 1617 2634 enim
1632 2589 1727 2636 cres-

935 2668 991 2739 cit,
1022 2665 1058 2728 ut
1079 2666 1176 2728 66661
1196 2683 1204 2728 :
1231 2666 1273 2728 66
1302 2668 1366 2730 1666
1395 2670 1631 2744 6666166161
1655 2673 1728 2749 ejus

935 2763 1062 2826 tructus
1078 2761 1125 2843 (4)
1141 2763 1292 2826 cladibus
1307 2767 1490 2840 consumat,
1506 2767 1637 2829 6161611
1651 2771 1729 2830 Gre-

935 2861 1049 2937 gorius
1065 2859 1113 2940 (5)
1137 2883 1145 2922 ε
1171 2862 1281 2923 Ruina
1307 2863 1435 2925 corruit
1457 2863 1672 2941 prosperitas,
1695 2865 1729 2928 61

935 2958 1003 3020 6116
1018 2958 1129 3034 longa,
1146 2959 1248 3035 etqui
1266 2960 1403 3036 majoris
1422 2959 1637 3023 sublimitatis
1652 2961 1725 3034 luit,

935 3070 1033 3132 quam
1049 3054 1145 3116 modo
1161 3055 1228 3116 sit:
1253 3055 1340 3117 sicut
1354 3056 1404 3117 661
1419 3057 1535 3118 666166
1553 3057 1727 3120 meridiem

934 3151 1126 3224 ferventior,
1151 3167 1225 3213 cum
1249 3153 1291 3215 66
1313 3169 1486 3230 vesperam
1500 3153 1616 3226 tendit,
1638 3155 1726 3232 tepi-

935 3239 1018 3312 dior.
1037 3251 1104 3310 Sex
1125 3250 1195 3311 dies
1214 3249 1293 3312 lecit
1313 3252 1402 3312 Deus
1422 3264 1496 3312 cum
1514 3267 1665 3327 6666666,
1693 3253 1727 3314 61

934 3347 1109 3424 septimam
1123 3347 1196 3408 6166
1214 3362 1365 3424 6666666.
1386 3349 1453 3410 Sex
1472 3347 1543 3409 dies
1558 3348 1637 3410 iecit
1651 3365 1726 3410 curn

934 3459 1086 3520 6666666,
1103 3445 1180 3520 quia
1196 3444 1354 3521 quidquid
1374 3447 1509 3522 propter
1528 3447 1726 3522 praesentem

934 3539 1036 3602 vitam
1057 3539 1103 3611 lit,
1120 3555 1293 3616 vesperam
1317 3540 1462 3613 babebit,
1487 3541 1541 3602 vel
1563 3540 1726 3604 absorbe·

934 3635 1025 3697 bitur
1045 3651 1065 3696 a
1086 3635 1249 3710 tenebris;
1271 3636 1356 3713 quod
1378 3640 1489 3697 autem
1510 3637 1547 3698 tlt
1568 3654 1627 3713 666
1649 3653 1728 3715 666-

934 3733 1027 3803 tima,
1045 3731 1171 3793 scilicet
1193 3746 1252 3808 pro
1267 3733 1334 3793 vita
1351 3733 1530 3808 spirituali,
1547 3735 1725 3796 16166666-

935 3830 1154 3904 6616666666;
1179 3827 1267 3889 unde
1286 3827 1321 3888 in
1340 3829 1540 3907 Apocalypsi
1561 3826 1625 3907 (21,
1645 3829 1723 3910 23):

935 3925 1091 3987 «Civitas
1110 3940 1177 3986 uon
1198 3925 1272 4000 eget
1292 3925 1373 3996 sole,
1391 3941 1498 4002 neque
1512 3925 1605 4000 luna,
1620 3928 1657 3989 ut
1674 3927 1728 3988 16-

935 4021 1034 4084 66661
1050 4021 1086 4082 16
1109 4037 1160 4094 66,
1186 4038 1263 4083 nam
1283 4021 1420 4084 claritas
1442 4022 1502 4084 Dei
1525 4023 1729 4088 illuminavit

935 4133 1020 4194 eam,
1038 4121 1071 4181 et
1084 4119 1222 4181 1666666
1241 4121 1314 4196 ejus
1334 4122 1384 4181 est
1402 4123 1528 4196 dgnus.
1545 4137 1564 4180 n
1584 4123 1623 4183 Et
1642 4122 1727 4183 bene

935 4216 1072 4278 lucerna
1086 4215 1219 4288 dicitur,
1241 4216 1276 4278 16
1298 4232 1363 4293 qua
1378 4217 1439 4279 sub
1458 4217 1545 4296 66116
1559 4218 1730 4283 166661166

935 4313 1115 4388 16616666;
1144 4314 1223 4390 quie
1255 4313 1401 4376 bumana
1435 4330 1536 4376 66666
1570 4315 1728 4380 616161166

935 4411 1023 4473 16616
1036 4410 1141 4473 estad
1157 4411 1348 4473 sanctorum
1363 4411 1653 4474 illuminationem.

976 4509 1060 4570 Sunt
1082 4508 1154 4570 dies
1175 4507 1427 4572 vitaehumanae
1450 4508 1490 4570 66
1510 4508 1629 4586 quibus
1648 4509 1730 4572 dicit

934 4603 997 4669 Job
1025 4602 1069 4682 (1,
1098 4607 1137 4666 19
1157 4605 1190 4666 61
1213 4603 1283 4683 20)6
1310 4619 1329 4665 c
1354 4605 1416 4676 Qui
1440 4605 1593 4667 habitant
1614 4605 1729 4669 domos

935 4702 1056 4773 luteas,
1071 4702 1127 4778 qui
1142 4705 1311 4764 terrenum
1327 4700 1451 4763 babent
1466 4700 1726 4776 tundamentum,

936 4797 1173 4859 consumentur
1191 4797 1315 4858 661616
1336 4797 1436 4871 11666,
1452 4797 1494 4858 66
1508 4812 1607 4858 mane
1625 4815 1729 4876 usque

936 4893 977 4956 66
1008 4909 1182 4972 66666666
1209 4893 1431 4956 succidentur.
1460 4911 1479 4954 n
1508 4895 1578 4956 Nos
1600 4912 1727 4970 sumne,

935 4991 993 5069 qui
1014 4990 1174 5052 babemus
1198 4990 1314 5052 domos
1332 4990 1452 5060 luteas,
1476 4991 1604 5053 scillcet
1628 4995 1729 5056 corda

936 5090 1061 5160 666166,
1078 5103 1152 5167 quae
1177 5089 1254 5150 sunt
1275 5090 1445 5150 terrenum
1465 5087 1727 5154 fundamentum.

936 5186 1101 5248 1166666
1127 5186 1220 5248 veste
1243 5185 1403 5256 66661166,
1434 5186 1627 5249 616616666
1655 5204 1729 5250 eam

936 5283 1129 5358 corrumpit.
1153 5282 1263 5344 Vestis
1281 5282 1413 5356 animae,
1434 5297 1524 5356 caro,
1548 5285 1636 5346 unde
1656 5303 1731 5349 nas-

974 5438 1015 5509 (1)
1036 5442 1068 5497 16
1083 5437 1163 5508 edit,
1178 5445 1213 5504 ut
1224 5453 1402 5512 quecunque
1416 5441 1631 5512 germinaverit.

914 5559 918 5568 ,
972 5509 1012 5582 (1)
1033 5509 1137 5568 1166111.
1155 5512 1166 5567 1
1182 5509 1211 5565 16
1227 5511 1350 5582 116666.1
