<?xml version="1.0" encoding="UTF-8"?>
<!DOCTYPE html PUBLIC "-//W3C//DTD XHTML 1.0 Transitional//EN"
    "http://www.w3.org/TR/xhtml1/DTD/xhtml1-transitional.dtd">
<html xmlns="http://www.w3.org/1999/xhtml" xml:lang="en" lang="en">
 <head>
  <title>
</title>
<meta http-equiv="Content-Type" content="text/html;charset=utf-8" />
  <meta name='ocr-system' content='tesseract 3.04.00' />
  <meta name='ocr-capabilities' content='ocr_page ocr_carea ocr_par ocr_line ocrx_word'/>
</head>
<body>
  <div class='ocr_page' id='page_1' title='image "./mediiaevibiblio02bottgoog_0253.png"; bbox 0 0 4226 6406; ppageno 0'>
   <div class='ocr_carea' id='block_1_1' title="bbox 320 319 379 382">
    <p class='ocr_par' dir='ltr' id='par_1_1' title="bbox 320 319 379 382">
     <span class='ocr_line' id='line_1_1' title="bbox 320 319 379 382; baseline -0.034 0"><span class='ocrx_word' id='word_1_1' title='bbox 320 319 379 382; x_wconf 79' lang='lat'>479</span> 
     </span>
    </p>
   </div>
   <div class='ocr_carea' id='block_1_2' title="bbox 236 461 1145 5706">
    <p class='ocr_par' dir='ltr' id='par_1_2' title="bbox 272 461 1145 3562">
     <span class='ocr_line' id='line_1_2' title="bbox 320 461 1112 558; baseline -0.015 -16"><span class='ocrx_word' id='word_1_2' title='bbox 320 495 413 558; x_wconf 89' lang='lat' dir='ltr'>pore,</span> <span class='ocrx_word' id='word_1_3' title='bbox 430 491 469 538; x_wconf 94' lang='lat' dir='ltr'>ac</span> <span class='ocrx_word' id='word_1_4' title='bbox 482 461 548 538; x_wconf 87' lang='lat' dir='ltr'>non</span> <span class='ocrx_word' id='word_1_5' title='bbox 563 473 737 546; x_wconf 89' lang='lat' dir='ltr'>meditate,</span> <span class='ocrx_word' id='word_1_6' title='bbox 756 472 812 534; x_wconf 91' lang='lat' dir='ltr'>sed</span> <span class='ocrx_word' id='word_1_7' title='bbox 828 473 926 550; x_wconf 87' lang='lat' dir='ltr'>longe</span> <span class='ocrx_word' id='word_1_8' title='bbox 942 473 1019 532; x_wconf 91' lang='lat' dir='ltr'>ante</span> <span class='ocrx_word' id='word_1_9' title='bbox 1034 471 1112 548; x_wconf 91' lang='lat' dir='ltr'>quid</span> 
     </span>
     <span class='ocr_line' id='line_1_3' title="bbox 272 563 1115 650; baseline -0.013 -11"><span class='ocrx_word' id='word_1_10' title='bbox 272 585 276 602; x_wconf 87' lang='lat'><em>&#39;</em></span> <span class='ocrx_word' id='word_1_11' title='bbox 321 563 385 639; x_wconf 82' lang='lat' dir='ltr'>hoc</span> <span class='ocrx_word' id='word_1_12' title='bbox 400 575 453 636; x_wconf 89' lang='lat' dir='ltr'>die</span> <span class='ocrx_word' id='word_1_13' title='bbox 468 573 672 650; x_wconf 87' lang='lat' dir='ltr'>loqueretur,</span> <span class='ocrx_word' id='word_1_14' title='bbox 688 570 864 647; x_wconf 77' lang='lat' dir='ltr'><strong>cogitasse,</strong></span> <span class='ocrx_word' id='word_1_15' title='bbox 877 585 915 631; x_wconf 88' lang='lat' dir='ltr'>ac</span> <span class='ocrx_word' id='word_1_16' title='bbox 930 568 1034 630; x_wconf 90' lang='lat' dir='ltr'>veluti</span> <span class='ocrx_word' id='word_1_17' title='bbox 1047 569 1115 629; x_wconf 85' lang='lat' dir='ltr'>ser·</span> 
     </span>
     <span class='ocr_line' id='line_1_4' title="bbox 320 655 1115 746; baseline -0.011 -12"><span class='ocrx_word' id='word_1_18' title='bbox 320 655 454 734; x_wconf 89' lang='lat' dir='ltr'>monem</span> <span class='ocrx_word' id='word_1_19' title='bbox 466 669 585 746; x_wconf 87' lang='lat' dir='ltr'>grandi</span> <span class='ocrx_word' id='word_1_20' title='bbox 607 670 644 730; x_wconf 95' lang='lat' dir='ltr'>in</span> <span class='ocrx_word' id='word_1_21' title='bbox 663 667 850 745; x_wconf 79' lang='lat' dir='ltr'>frequentia</span> <span class='ocrx_word' id='word_1_22' title='bbox 869 666 1039 728; x_wconf 91' lang='lat' dir='ltr'>hominum</span> <span class='ocrx_word' id='word_1_23' title='bbox 1055 681 1115 742; x_wconf 92' lang='lat' dir='ltr'>pe-</span> 
     </span>
     <span class='ocr_line' id='line_1_5' title="bbox 319 763 1114 836; baseline -0.011 -5"><span class='ocrx_word' id='word_1_24' title='bbox 319 769 460 832; x_wconf 91' lang='lat' dir='ltr'>ritorum</span> <span class='ocrx_word' id='word_1_25' title='bbox 473 768 563 830; x_wconf 89' lang='lat' dir='ltr'>asset</span> <span class='ocrx_word' id='word_1_26' title='bbox 578 766 764 836; x_wconf 90' lang='lat' dir='ltr'>habiturus,</span> <span class='ocrx_word' id='word_1_27' title='bbox 788 764 830 826; x_wconf 89' lang='lat' dir='ltr'>de</span> <span class='ocrx_word' id='word_1_28' title='bbox 844 763 1020 834; x_wconf 90' lang='lat' dir='ltr'>industria,</span> <span class='ocrx_word' id='word_1_29' title='bbox 1037 764 1114 823; x_wconf 91' lang='lat' dir='ltr'>stu-</span> 
     </span>
     <span class='ocr_line' id='line_1_6' title="bbox 320 861 1111 942; baseline -0.01 -14"><span class='ocrx_word' id='word_1_30' title='bbox 320 867 374 929; x_wconf 93' lang='lat' dir='ltr'>dio</span> <span class='ocrx_word' id='word_1_31' title='bbox 387 865 533 928; x_wconf 89' lang='lat' dir='ltr'>maximo</span> <span class='ocrx_word' id='word_1_32' title='bbox 548 865 739 942; x_wconf 74' lang='lat' dir='ltr'>percepisse</span> <span class='ocrx_word' id='word_1_33' title='bbox 754 885 761 922; x_wconf 74' lang='grc' dir='ltr'><strong>ι</strong></span> <span class='ocrx_word' id='word_1_34' title='bbox 776 877 837 924; x_wconf 90' lang='lat' dir='ltr'>nec</span> <span class='ocrx_word' id='word_1_35' title='bbox 850 862 981 938; x_wconf 89' lang='lat' dir='ltr'>quidem</span> <span class='ocrx_word' id='word_1_36' title='bbox 1002 861 1111 931; x_wconf 89' lang='lat' dir='ltr'>homo,</span> 
     </span>
     <span class='ocr_line' id='line_1_7' title="bbox 319 959 1114 1043; baseline -0.011 -18"><span class='ocrx_word' id='word_1_37' title='bbox 319 965 375 1043; x_wconf 93' lang='lat' dir='ltr'>qui</span> <span class='ocrx_word' id='word_1_38' title='bbox 386 963 545 1042; x_wconf 87' lang='lat' dir='ltr'>purgaret</span> <span class='ocrx_word' id='word_1_39' title='bbox 557 963 701 1033; x_wconf 91' lang='lat' dir='ltr'>domum,</span> <span class='ocrx_word' id='word_1_40' title='bbox 720 961 753 1021; x_wconf 92' lang='lat' dir='ltr'>et</span> <span class='ocrx_word' id='word_1_41' title='bbox 774 959 895 1022; x_wconf 90' lang='lat' dir='ltr'>litteris</span> <span class='ocrx_word' id='word_1_42' title='bbox 908 973 1035 1020; x_wconf 90' lang='lat' dir='ltr'>vacuus</span> <span class='ocrx_word' id='word_1_43' title='bbox 1051 973 1114 1034; x_wconf 86' lang='lat' dir='ltr'>pu-</span> 
     </span>
     <span class='ocr_line' id='line_1_8' title="bbox 318 1055 1114 1147; baseline -0.013 -23"><span class='ocrx_word' id='word_1_44' title='bbox 318 1065 458 1133; x_wconf 90' lang='lat' dir='ltr'>taretur,</span> <span class='ocrx_word' id='word_1_45' title='bbox 476 1061 533 1122; x_wconf 91' lang='lat' dir='ltr'>sed</span> <span class='ocrx_word' id='word_1_46' title='bbox 546 1061 598 1122; x_wconf 91' lang='lat' dir='ltr'>vir</span> <span class='ocrx_word' id='word_1_47' title='bbox 613 1057 824 1147; x_wconf 88' lang='lat' dir='ltr'>doctissimus</span> <span class='ocrx_word' id='word_1_48' title='bbox 840 1071 925 1129; x_wconf 90' lang='lat' dir='ltr'>esse,</span> <span class='ocrx_word' id='word_1_49' title='bbox 947 1057 1045 1132; x_wconf 88' lang='lat' dir='ltr'>atque</span> <span class='ocrx_word' id='word_1_50' title='bbox 1068 1055 1114 1114; x_wconf 81' lang='lat' dir='ltr'>lo</span> 
     </span>
     <span class='ocr_line' id='line_1_9' title="bbox 319 1152 1114 1238; baseline -0.01 -18"><span class='ocrx_word' id='word_1_51' title='bbox 319 1160 387 1238; x_wconf 93' lang='lat' dir='ltr'>qui,</span> <span class='ocrx_word' id='word_1_52' title='bbox 403 1161 438 1220; x_wconf 91' lang='lat' dir='ltr'>in</span> <span class='ocrx_word' id='word_1_53' title='bbox 454 1175 494 1219; x_wconf 92' lang='lat' dir='ltr'>eo</span> <span class='ocrx_word' id='word_1_54' title='bbox 513 1157 570 1236; x_wconf 87' lang='lat' dir='ltr'>qui</span> <span class='ocrx_word' id='word_1_55' title='bbox 590 1158 673 1228; x_wconf 89' lang='lat' dir='ltr'>erat,</span> <span class='ocrx_word' id='word_1_56' title='bbox 697 1157 837 1217; x_wconf 87' lang='lat' dir='ltr'>Sanctus</span> <span class='ocrx_word' id='word_1_57' title='bbox 854 1155 997 1230; x_wconf 85' lang='lat' dir='ltr'>Spiritus</span> <span class='ocrx_word' id='word_1_58' title='bbox 1018 1152 1114 1214; x_wconf 91' lang='lat' dir='ltr'>vida-</span> 
     </span>
     <span class='ocr_line' id='line_1_10' title="bbox 318 1249 1112 1329; baseline -0.011 -11"><span class='ocrx_word' id='word_1_59' title='bbox 318 1259 423 1320; x_wconf 92' lang='lat' dir='ltr'>retur.</span> <span class='ocrx_word' id='word_1_60' title='bbox 440 1257 544 1318; x_wconf 87' lang='lat' dir='ltr'>Tanta</span> <span class='ocrx_word' id='word_1_61' title='bbox 559 1255 732 1316; x_wconf 89' lang='lat' dir='ltr'>enimcum</span> <span class='ocrx_word' id='word_1_62' title='bbox 747 1253 923 1329; x_wconf 87' lang='lat' dir='ltr'>gravitate,</span> <span class='ocrx_word' id='word_1_63' title='bbox 954 1266 993 1312; x_wconf 89' lang='lat' dir='ltr'>ac</span> <span class='ocrx_word' id='word_1_64' title='bbox 1017 1249 1112 1325; x_wconf 88' lang='lat' dir='ltr'>copia</span> 
     </span>
     <span class='ocr_line' id='line_1_11' title="bbox 318 1349 1113 1428; baseline -0.013 -13"><span class='ocrx_word' id='word_1_65' title='bbox 318 1355 369 1416; x_wconf 91' lang='lat' dir='ltr'>est</span> <span class='ocrx_word' id='word_1_66' title='bbox 380 1353 520 1424; x_wconf 72' lang='lat' dir='ltr'>locutus</span> <span class='ocrx_word' id='word_1_67' title='bbox 534 1352 692 1428; x_wconf 88' lang='lat' dir='ltr'>tantaque</span> <span class='ocrx_word' id='word_1_68' title='bbox 704 1350 845 1421; x_wconf 89' lang='lat' dir='ltr'>ratione,</span> <span class='ocrx_word' id='word_1_69' title='bbox 858 1349 1113 1423; x_wconf 89' lang='lat' dir='ltr'>sanctorumque</span> 
     </span>
     <span class='ocr_line' id='line_1_12' title="bbox 319 1433 1114 1522; baseline -0.014 -9"><span class='ocrx_word' id='word_1_70' title='bbox 319 1453 456 1513; x_wconf 84' lang='lat' dir='ltr'>Petrum</span> <span class='ocrx_word' id='word_1_71' title='bbox 474 1433 688 1516; x_wconf 80' lang='lat' dir='ltr'>auctoritate,</span> <span class='ocrx_word' id='word_1_72' title='bbox 711 1463 750 1508; x_wconf 90' lang='lat' dir='ltr'>ac</span> <span class='ocrx_word' id='word_1_73' title='bbox 772 1445 935 1522; x_wconf 85' lang='lat' dir='ltr'>exemplis</span> <span class='ocrx_word' id='word_1_74' title='bbox 957 1459 1049 1514; x_wconf 88' lang='lat' dir='ltr'>usus,</span> <span class='ocrx_word' id='word_1_75' title='bbox 1078 1443 1114 1504; x_wconf 88' lang='lat' dir='ltr'>ut</span> 
     </span>
     <span class='ocr_line' id='line_1_13' title="bbox 319 1535 1112 1622; baseline -0.009 -13"><span class='ocrx_word' id='word_1_76' title='bbox 319 1535 407 1611; x_wconf 78' lang='lat' dir='ltr'>doc&#39;ti</span> <span class='ocrx_word' id='word_1_77' title='bbox 429 1548 551 1618; x_wconf 72' lang='lat' dir='ltr'>etiam,</span> <span class='ocrx_word' id='word_1_78' title='bbox 566 1546 623 1622; x_wconf 93' lang='lat' dir='ltr'>qui</span> <span class='ocrx_word' id='word_1_79' title='bbox 645 1544 809 1614; x_wconf 79' lang='lat' dir='ltr'>audirent,</span> <span class='ocrx_word' id='word_1_80' title='bbox 831 1543 952 1603; x_wconf 90' lang='lat' dir='ltr'>mirum</span> <span class='ocrx_word' id='word_1_81' title='bbox 979 1542 1014 1602; x_wconf 93' lang='lat' dir='ltr'>in</span> <span class='ocrx_word' id='word_1_82' title='bbox 1038 1555 1112 1602; x_wconf 72' lang='lat' dir='ltr'>mo-</span> 
     </span>
     <span class='ocr_line' id='line_1_14' title="bbox 318 1639 1113 1730; baseline -0.009 -24"><span class='ocrx_word' id='word_1_83' title='bbox 318 1645 407 1719; x_wconf 87' lang='lat' dir='ltr'>dum,</span> <span class='ocrx_word' id='word_1_84' title='bbox 432 1659 471 1706; x_wconf 92' lang='lat' dir='ltr'>ac</span> <span class='ocrx_word' id='word_1_85' title='bbox 487 1644 629 1720; x_wconf 92' lang='lat' dir='ltr'>quodam</span> <span class='ocrx_word' id='word_1_86' title='bbox 649 1642 699 1703; x_wconf 91' lang='lat' dir='ltr'>rel</span> <span class='ocrx_word' id='word_1_87' title='bbox 718 1645 813 1702; x_wconf 79' lang='lat' dir='ltr'>novae</span> <span class='ocrx_word' id='word_1_88' title='bbox 826 1639 921 1730; x_wconf 88' lang='lat' dir='ltr'>quasi</span> <span class='ocrx_word' id='word_1_89' title='bbox 949 1639 1113 1728; x_wconf 85' lang='lat' dir='ltr'>miraculo</span> 
     </span>
     <span class='ocr_line' id='line_1_15' title="bbox 320 1735 1111 1820; baseline -0.013 -14"><span class='ocrx_word' id='word_1_90' title='bbox 320 1743 544 1820; x_wconf 88' lang='lat' dir='ltr'>obstuperent.</span> <span class='ocrx_word' id='word_1_91' title='bbox 561 1741 642 1801; x_wconf 82' lang='lat' dir='ltr'>Tum</span> <span class='ocrx_word' id='word_1_92' title='bbox 663 1738 807 1816; x_wconf 92' lang='lat' dir='ltr'>quidem,</span> <span class='ocrx_word' id='word_1_93' title='bbox 830 1753 904 1814; x_wconf 90' lang='lat' dir='ltr'>quae</span> <span class='ocrx_word' id='word_1_94' title='bbox 919 1735 1038 1814; x_wconf 90' lang='lat' dir='ltr'>perdiu</span> <span class='ocrx_word' id='word_1_95' title='bbox 1056 1736 1111 1796; x_wconf 88' lang='lat' dir='ltr'>la-</span> 
     </span>
     <span class='ocr_line' id='line_1_16' title="bbox 317 1835 1145 1912; baseline -0.012 -9"><span class='ocrx_word' id='word_1_96' title='bbox 317 1842 428 1904; x_wconf 85' lang='lat' dir='ltr'>tuerat</span> <span class='ocrx_word' id='word_1_97' title='bbox 453 1841 488 1900; x_wconf 92' lang='lat' dir='ltr'>in</span> <span class='ocrx_word' id='word_1_98' title='bbox 510 1854 560 1910; x_wconf 92' lang='lat' dir='ltr'>eo,</span> <span class='ocrx_word' id='word_1_99' title='bbox 589 1837 702 1898; x_wconf 89' lang='lat' dir='ltr'>divina</span> <span class='ocrx_word' id='word_1_100' title='bbox 722 1835 898 1912; x_wconf 87' lang='lat' dir='ltr'>sapientia,</span> <span class='ocrx_word' id='word_1_101' title='bbox 926 1835 1110 1909; x_wconf 82' lang='lat' dir='ltr'>ingenium,</span> <span class='ocrx_word' id='word_1_102' title='bbox 1144 1895 1145 1902; x_wconf 51' lang='lat'>,</span> 
     </span>
     <span class='ocr_line' id='line_1_17' title="bbox 316 1930 1112 2014; baseline -0.013 -14"><span class='ocrx_word' id='word_1_103' title='bbox 316 1940 424 2000; x_wconf 89' lang='lat' dir='ltr'>virtus</span> <span class='ocrx_word' id='word_1_104' title='bbox 439 1937 583 2014; x_wconf 91' lang='lat' dir='ltr'>primum</span> <span class='ocrx_word' id='word_1_105' title='bbox 598 1934 728 1996; x_wconf 86' lang='lat' dir='ltr'>enituit.</span> <span class='ocrx_word' id='word_1_106' title='bbox 744 1933 898 1994; x_wconf 83' lang='lat' dir='ltr'>Minister</span> <span class='ocrx_word' id='word_1_107' title='bbox 918 1933 1039 2004; x_wconf 90' lang='lat' dir='ltr'>autem,</span> <span class='ocrx_word' id='word_1_108' title='bbox 1056 1930 1112 2009; x_wconf 92' lang='lat' dir='ltr'>qui</span> 
     </span>
     <span class='ocr_line' id='line_1_18' title="bbox 318 2030 1145 2114; baseline -0.008 -19"><span class='ocrx_word' id='word_1_109' title='bbox 318 2035 501 2114; x_wconf 88' lang='lat' dir='ltr'>provinciae</span> <span class='ocrx_word' id='word_1_110' title='bbox 526 2031 685 2094; x_wconf 89' lang='lat' dir='ltr'>fratribus</span> <span class='ocrx_word' id='word_1_111' title='bbox 711 2030 866 2107; x_wconf 85' lang='lat' dir='ltr'>praeerat,</span> <span class='ocrx_word' id='word_1_112' title='bbox 896 2031 1112 2106; x_wconf 87' lang='lat' dir='ltr'>posteaquam</span> <span class='ocrx_word' id='word_1_113' title='bbox 1144 2035 1145 2042; x_wconf 76' lang='grc'>’</span> 
     </span>
     <span class='ocr_line' id='line_1_19' title="bbox 318 2125 1113 2195; baseline -0.009 -2"><span class='ocrx_word' id='word_1_114' title='bbox 318 2132 479 2193; x_wconf 90' lang='lat' dir='ltr'>baecsunt</span> <span class='ocrx_word' id='word_1_115' title='bbox 492 2129 619 2191; x_wconf 91' lang='lat' dir='ltr'>adeum</span> <span class='ocrx_word' id='word_1_116' title='bbox 634 2129 824 2190; x_wconf 91' lang='lat' dir='ltr'>testimonio</span> <span class='ocrx_word' id='word_1_117' title='bbox 839 2125 1113 2195; x_wconf 85' lang='lat' dir='ltr'>certodolata,fa·</span> 
     </span>
     <span class='ocr_line' id='line_1_20' title="bbox 318 2223 1112 2305; baseline -0.01 -14"><span class='ocrx_word' id='word_1_118' title='bbox 318 2244 394 2292; x_wconf 90' lang='lat' dir='ltr'>cere</span> <span class='ocrx_word' id='word_1_119' title='bbox 404 2228 508 2305; x_wconf 90' lang='lat' dir='ltr'>pluris</span> <span class='ocrx_word' id='word_1_120' title='bbox 523 2227 632 2294; x_wconf 89' lang='lat' dir='ltr'>solito,</span> <span class='ocrx_word' id='word_1_121' title='bbox 641 2225 852 2297; x_wconf 83' lang='lat' dir='ltr'>sevenerari,</span> <span class='ocrx_word' id='word_1_122' title='bbox 864 2240 962 2302; x_wconf 90' lang='lat' dir='ltr'>quem</span> <span class='ocrx_word' id='word_1_123' title='bbox 972 2223 1068 2284; x_wconf 93' lang='lat' dir='ltr'>illum</span> <span class='ocrx_word' id='word_1_124' title='bbox 1077 2225 1112 2284; x_wconf 93' lang='lat' dir='ltr'>in</span> 
     </span>
     <span class='ocr_line' id='line_1_21' title="bbox 318 2307 1114 2402; baseline -0.01 -13"><span class='ocrx_word' id='word_1_125' title='bbox 318 2327 405 2389; x_wconf 89' lang='lat' dir='ltr'>diem</span> <span class='ocrx_word' id='word_1_126' title='bbox 417 2307 621 2402; x_wconf 79' lang='lat' dir='ltr'>neglexerat,</span> <span class='ocrx_word' id='word_1_127' title='bbox 633 2323 722 2384; x_wconf 90' lang='lat' dir='ltr'>hunc</span> <span class='ocrx_word' id='word_1_128' title='bbox 733 2323 869 2384; x_wconf 80' lang='lat' dir='ltr'>fratrem</span> <span class='ocrx_word' id='word_1_129' title='bbox 882 2322 992 2401; x_wconf 86' lang='lat' dir='ltr'>coepit.</span> <span class='ocrx_word' id='word_1_130' title='bbox 1004 2321 1114 2383; x_wconf 80' lang='lat' dir='ltr'>Admi-</span> 
     </span>
     <span class='ocr_line' id='line_1_22' title="bbox 318 2419 1113 2499; baseline -0.009 -13"><span class='ocrx_word' id='word_1_131' title='bbox 318 2425 411 2486; x_wconf 89' lang='lat' dir='ltr'>ratus</span> <span class='ocrx_word' id='word_1_132' title='bbox 425 2423 524 2490; x_wconf 91' lang='lat' dir='ltr'>enim,</span> <span class='ocrx_word' id='word_1_133' title='bbox 540 2438 638 2499; x_wconf 92' lang='lat' dir='ltr'>quam</span> <span class='ocrx_word' id='word_1_134' title='bbox 650 2436 723 2482; x_wconf 87' lang='lat' dir='ltr'>esse</span> <span class='ocrx_word' id='word_1_135' title='bbox 734 2420 768 2481; x_wconf 96' lang='lat' dir='ltr'>in</span> <span class='ocrx_word' id='word_1_136' title='bbox 782 2436 820 2481; x_wconf 92' lang='lat' dir='ltr'>eo</span> <span class='ocrx_word' id='word_1_137' title='bbox 833 2419 1030 2497; x_wconf 88' lang='lat' dir='ltr'>perciperet,</span> <span class='ocrx_word' id='word_1_138' title='bbox 1041 2433 1113 2480; x_wconf 81' lang='lat' dir='ltr'>am·</span> 
     </span>
     <span class='ocr_line' id='line_1_23' title="bbox 317 2517 1113 2600; baseline -0.008 -18"><span class='ocrx_word' id='word_1_139' title='bbox 317 2522 503 2600; x_wconf 89' lang='lat' dir='ltr'>piissimam</span> <span class='ocrx_word' id='word_1_140' title='bbox 524 2533 630 2580; x_wconf 89' lang='lat' dir='ltr'>sacrae</span> <span class='ocrx_word' id='word_1_141' title='bbox 652 2517 825 2595; x_wconf 82' lang='lat' dir='ltr'>scripturae</span> <span class='ocrx_word' id='word_1_142' title='bbox 839 2517 1025 2589; x_wconf 86' lang='lat' dir='ltr'>scientiam,</span> <span class='ocrx_word' id='word_1_143' title='bbox 1047 2517 1113 2577; x_wconf 91' lang='lat' dir='ltr'>sin·</span> 
     </span>
     <span class='ocr_line' id='line_1_24' title="bbox 317 2614 1111 2696; baseline -0.006 -17"><span class='ocrx_word' id='word_1_144' title='bbox 317 2619 533 2696; x_wconf 87' lang='lat' dir='ltr'>gularemque</span> <span class='ocrx_word' id='word_1_145' title='bbox 554 2617 764 2684; x_wconf 88' lang='lat' dir='ltr'>memoriam,</span> <span class='ocrx_word' id='word_1_146' title='bbox 787 2631 825 2675; x_wconf 89' lang='lat' dir='ltr'>ac</span> <span class='ocrx_word' id='word_1_147' title='bbox 840 2614 970 2675; x_wconf 91' lang='lat' dir='ltr'>dicendi</span> <span class='ocrx_word' id='word_1_148' title='bbox 990 2614 1111 2675; x_wconf 89' lang='lat' dir='ltr'>facun-</span> 
     </span>
     <span class='ocr_line' id='line_1_25' title="bbox 317 2711 1113 2790; baseline -0.006 -13"><span class='ocrx_word' id='word_1_149' title='bbox 317 2715 417 2786; x_wconf 91' lang='lat' dir='ltr'>diam,</span> <span class='ocrx_word' id='word_1_150' title='bbox 445 2714 712 2790; x_wconf 85' lang='lat' dir='ltr'>haudquaquam,</span> <span class='ocrx_word' id='word_1_151' title='bbox 734 2715 770 2773; x_wconf 91' lang='lat' dir='ltr'>ut</span> <span class='ocrx_word' id='word_1_152' title='bbox 796 2711 935 2783; x_wconf 80' lang='lat' dir='ltr'>solebat,</span> <span class='ocrx_word' id='word_1_153' title='bbox 964 2711 1113 2788; x_wconf 80' lang='lat' dir='ltr'>neglexit</span> 
     </span>
     <span class='ocr_line' id='line_1_26' title="bbox 319 2809 1112 2894; baseline -0.008 -20"><span class='ocrx_word' id='word_1_154' title='bbox 319 2827 406 2885; x_wconf 89' lang='lat' dir='ltr'>eum,</span> <span class='ocrx_word' id='word_1_155' title='bbox 432 2827 494 2872; x_wconf 92' lang='lat' dir='ltr'>nec</span> <span class='ocrx_word' id='word_1_156' title='bbox 518 2811 645 2894; x_wconf 83' lang='lat' dir='ltr'>serviro</span> <span class='ocrx_word' id='word_1_157' title='bbox 660 2809 818 2886; x_wconf 89' lang='lat' dir='ltr'>deinceps</span> <span class='ocrx_word' id='word_1_158' title='bbox 831 2810 980 2886; x_wconf 82' lang='lat' dir='ltr'>coquinae</span> <span class='ocrx_word' id='word_1_159' title='bbox 994 2823 1112 2886; x_wconf 89' lang='lat' dir='ltr'>passus</span> 
     </span>
     <span class='ocr_line' id='line_1_27' title="bbox 319 2907 1110 2986; baseline -0.005 -14"><span class='ocrx_word' id='word_1_160' title='bbox 319 2912 381 2973; x_wconf 88' lang='lat' dir='ltr'>est.</span> <span class='ocrx_word' id='word_1_161' title='bbox 405 2911 532 2986; x_wconf 87' lang='lat' dir='ltr'>Quippe</span> <span class='ocrx_word' id='word_1_162' title='bbox 556 2909 664 2986; x_wconf 88' lang='lat' dir='ltr'>ipsum</span> <span class='ocrx_word' id='word_1_163' title='bbox 686 2907 817 2978; x_wconf 90' lang='lat' dir='ltr'>deinde,</span> <span class='ocrx_word' id='word_1_164' title='bbox 840 2907 876 2968; x_wconf 91' lang='lat' dir='ltr'>ut</span> <span class='ocrx_word' id='word_1_165' title='bbox 899 2907 1007 2968; x_wconf 91' lang='lat' dir='ltr'>virum</span> <span class='ocrx_word' id='word_1_166' title='bbox 1028 2907 1110 2968; x_wconf 92' lang='lat' dir='ltr'>doc-</span> 
     </span>
     <span class='ocr_line' id='line_1_28' title="bbox 317 3003 1111 3084; baseline -0.005 -15"><span class='ocrx_word' id='word_1_167' title='bbox 317 3009 398 3080; x_wconf 90' lang='lat' dir='ltr'>tum,</span> <span class='ocrx_word' id='word_1_168' title='bbox 421 3007 572 3084; x_wconf 87' lang='lat' dir='ltr'>beneque</span> <span class='ocrx_word' id='word_1_169' title='bbox 594 3005 635 3066; x_wconf 89' lang='lat' dir='ltr'>de</span> <span class='ocrx_word' id='word_1_170' title='bbox 659 3004 782 3066; x_wconf 89' lang='lat' dir='ltr'>Ordine</span> <span class='ocrx_word' id='word_1_171' title='bbox 804 3003 970 3076; x_wconf 92' lang='lat' dir='ltr'>meritum,</span> <span class='ocrx_word' id='word_1_172' title='bbox 985 3007 1111 3082; x_wconf 77' lang='lat' dir='ltr'>aciure</span> 
     </span>
     <span class='ocr_line' id='line_1_29' title="bbox 318 3101 1113 3186; baseline -0.006 -18"><span class='ocrx_word' id='word_1_173' title='bbox 318 3105 443 3186; x_wconf 89' lang='lat' dir='ltr'>optimo</span> <span class='ocrx_word' id='word_1_174' title='bbox 456 3105 603 3181; x_wconf 81' lang='lat' dir='ltr'>dignum,</span> <span class='ocrx_word' id='word_1_175' title='bbox 624 3117 744 3180; x_wconf 88' lang='lat' dir='ltr'>magno</span> <span class='ocrx_word' id='word_1_176' title='bbox 763 3101 798 3162; x_wconf 91' lang='lat' dir='ltr'>in</span> <span class='ocrx_word' id='word_1_177' title='bbox 818 3101 955 3175; x_wconf 88' lang='lat' dir='ltr'>honora,</span> <span class='ocrx_word' id='word_1_178' title='bbox 972 3117 1113 3177; x_wconf 88' lang='lat' dir='ltr'>magna-</span> 
     </span>
     <span class='ocr_line' id='line_1_30' title="bbox 320 3196 1112 3280; baseline -0.001 -17"><span class='ocrx_word' id='word_1_179' title='bbox 320 3203 430 3280; x_wconf 92' lang='lat' dir='ltr'>quein</span> <span class='ocrx_word' id='word_1_180' title='bbox 445 3201 635 3264; x_wconf 89' lang='lat' dir='ltr'>reverentia</span> <span class='ocrx_word' id='word_1_181' title='bbox 649 3198 784 3275; x_wconf 82' lang='lat' dir='ltr'>habuit3</span> <span class='ocrx_word' id='word_1_182' title='bbox 802 3199 900 3277; x_wconf 89' lang='lat' dir='ltr'>atqua</span> <span class='ocrx_word' id='word_1_183' title='bbox 915 3196 1059 3270; x_wconf 91' lang='lat' dir='ltr'>tandem,</span> <span class='ocrx_word' id='word_1_184' title='bbox 1077 3201 1112 3262; x_wconf 90' lang='lat' dir='ltr'>ut</span> 
     </span>
     <span class='ocr_line' id='line_1_31' title="bbox 316 3295 1110 3374; baseline -0.004 -14"><span class='ocrx_word' id='word_1_185' title='bbox 316 3298 455 3360; x_wconf 88' lang='lat' dir='ltr'>verbum</span> <span class='ocrx_word' id='word_1_186' title='bbox 478 3299 536 3360; x_wconf 90' lang='lat' dir='ltr'>Dei</span> <span class='ocrx_word' id='word_1_187' title='bbox 556 3297 597 3358; x_wconf 93' lang='lat' dir='ltr'>ad</span> <span class='ocrx_word' id='word_1_188' title='bbox 620 3297 801 3374; x_wconf 88' lang='lat' dir='ltr'>provinciae</span> <span class='ocrx_word' id='word_1_189' title='bbox 823 3295 961 3374; x_wconf 90' lang='lat' dir='ltr'>populos</span> <span class='ocrx_word' id='word_1_190' title='bbox 985 3295 1110 3373; x_wconf 90' lang='lat' dir='ltr'>praedi-</span> 
     </span>
     <span class='ocr_line' id='line_1_32' title="bbox 318 3377 1113 3473; baseline -0.001 -15"><span class='ocrx_word' id='word_1_191' title='bbox 318 3377 421 3468; x_wconf 86' lang='lat' dir='ltr'>caret,</span> <span class='ocrx_word' id='word_1_192' title='bbox 437 3395 523 3473; x_wconf 92' lang='lat' dir='ltr'>quod</span> <span class='ocrx_word' id='word_1_193' title='bbox 538 3394 631 3456; x_wconf 91' lang='lat' dir='ltr'>illam</span> <span class='ocrx_word' id='word_1_194' title='bbox 642 3393 684 3454; x_wconf 91' lang='lat' dir='ltr'>ad</span> <span class='ocrx_word' id='word_1_195' title='bbox 699 3409 782 3466; x_wconf 92' lang='lat' dir='ltr'>rem,</span> <span class='ocrx_word' id='word_1_196' title='bbox 801 3393 849 3456; x_wconf 90' lang='lat' dir='ltr'>uti</span> <span class='ocrx_word' id='word_1_197' title='bbox 873 3394 957 3466; x_wconf 90' lang='lat' dir='ltr'>arat,</span> <span class='ocrx_word' id='word_1_198' title='bbox 980 3395 1113 3471; x_wconf 86' lang='lat' dir='ltr'>putaret</span> 
     </span>
     <span class='ocr_line' id='line_1_33' title="bbox 317 3489 776 3562; baseline -0.004 -10"><span class='ocrx_word' id='word_1_199' title='bbox 317 3493 474 3554; x_wconf 87' lang='lat' dir='ltr'>idoneum</span> <span class='ocrx_word' id='word_1_200' title='bbox 491 3507 576 3562; x_wconf 87' lang='lat' dir='ltr'>esse,</span> <span class='ocrx_word' id='word_1_201' title='bbox 594 3489 776 3552; x_wconf 91' lang='lat' dir='ltr'>constituit.</span> 
     </span>
    </p>

    <p class='ocr_par' dir='ltr' id='par_1_3' title="bbox 236 3587 1112 5706">
     <span class='ocr_line' id='line_1_34' title="bbox 358 3587 1108 3666; baseline -0.001 -15"><span class='ocrx_word' id='word_1_202' title='bbox 358 3589 523 3651; x_wconf 88' lang='lat' dir='ltr'>Obediens</span> <span class='ocrx_word' id='word_1_203' title='bbox 535 3589 639 3664; x_wconf 82' lang='lat' dir='ltr'>igitur</span> <span class='ocrx_word' id='word_1_204' title='bbox 653 3587 707 3650; x_wconf 90' lang='lat' dir='ltr'>vir</span> <span class='ocrx_word' id='word_1_205' title='bbox 720 3587 865 3660; x_wconf 89' lang='lat' dir='ltr'>sanctus,</span> <span class='ocrx_word' id='word_1_206' title='bbox 886 3587 1108 3666; x_wconf 84' lang='lat' dir='ltr'>predicando,</span> 
     </span>
     <span class='ocr_line' id='line_1_35' title="bbox 236 3685 1111 3766; baseline -0.001 -17"><span class='ocrx_word' id='word_1_207' title='bbox 236 3692 238 3698; x_wconf 88' lang='lat'>&#39;</span> <span class='ocrx_word' id='word_1_208' title='bbox 318 3687 472 3759; x_wconf 85' lang='lat' dir='ltr'>imolam,</span> <span class='ocrx_word' id='word_1_209' title='bbox 500 3685 712 3758; x_wconf 81' lang='lat' dir='ltr'>Faventiam,</span> <span class='ocrx_word' id='word_1_210' title='bbox 740 3685 945 3758; x_wconf 70' lang='lat' dir='ltr'>declivium,</span> <span class='ocrx_word' id='word_1_211' title='bbox 976 3687 1009 3748; x_wconf 89' lang='lat' dir='ltr'>et</span> <span class='ocrx_word' id='word_1_212' title='bbox 1037 3703 1111 3766; x_wconf 89' lang='lat' dir='ltr'>quae</span> 
     </span>
     <span class='ocr_line' id='line_1_36' title="bbox 317 3783 1110 3860; baseline -0.003 -14"><span class='ocrx_word' id='word_1_213' title='bbox 317 3785 438 3846; x_wconf 90' lang='lat' dir='ltr'>deinde</span> <span class='ocrx_word' id='word_1_214' title='bbox 460 3785 538 3846; x_wconf 92' lang='lat' dir='ltr'>sunt</span> <span class='ocrx_word' id='word_1_215' title='bbox 556 3784 649 3844; x_wconf 90' lang='lat' dir='ltr'>illius</span> <span class='ocrx_word' id='word_1_216' title='bbox 665 3784 846 3860; x_wconf 90' lang='lat' dir='ltr'>provinciae</span> <span class='ocrx_word' id='word_1_217' title='bbox 862 3783 1014 3846; x_wconf 90' lang='lat' dir='ltr'>civitates</span> <span class='ocrx_word' id='word_1_218' title='bbox 1033 3783 1110 3844; x_wconf 92' lang='lat' dir='ltr'>obi-</span> 
     </span>
     <span class='ocr_line' id='line_1_37' title="bbox 315 3879 1110 3957; baseline -0.004 -13"><span class='ocrx_word' id='word_1_219' title='bbox 315 3883 364 3944; x_wconf 86' lang='lat' dir='ltr'>vit</span> <span class='ocrx_word' id='word_1_220' title='bbox 377 3897 502 3953; x_wconf 87' lang='lat' dir='ltr'>omnes,</span> <span class='ocrx_word' id='word_1_221' title='bbox 516 3881 675 3957; x_wconf 88' lang='lat' dir='ltr'>tantaque</span> <span class='ocrx_word' id='word_1_222' title='bbox 690 3895 765 3941; x_wconf 92' lang='lat' dir='ltr'>cum</span> <span class='ocrx_word' id='word_1_223' title='bbox 780 3880 900 3956; x_wconf 83' lang='lat' dir='ltr'>gratia,</span> <span class='ocrx_word' id='word_1_224' title='bbox 927 3879 960 3940; x_wconf 89' lang='lat' dir='ltr'>et</span> <span class='ocrx_word' id='word_1_225' title='bbox 975 3879 1110 3957; x_wconf 90' lang='lat' dir='ltr'>sapien-</span> 
     </span>
     <span class='ocr_line' id='line_1_38' title="bbox 314 3975 1112 4055; baseline -0.001 -16"><span class='ocrx_word' id='word_1_226' title='bbox 314 3978 361 4041; x_wconf 89' lang='lat' dir='ltr'>tia</span> <span class='ocrx_word' id='word_1_227' title='bbox 375 3977 461 4055; x_wconf 91' lang='lat' dir='ltr'>apud</span> <span class='ocrx_word' id='word_1_228' title='bbox 477 3991 535 4038; x_wconf 86' lang='lat' dir='ltr'>aas</span> <span class='ocrx_word' id='word_1_229' title='bbox 549 3975 783 4038; x_wconf 86' lang='lat' dir='ltr'>testamentum</span> <span class='ocrx_word' id='word_1_230' title='bbox 799 3975 987 4052; x_wconf 90' lang='lat' dir='ltr'>utrumque,</span> <span class='ocrx_word' id='word_1_231' title='bbox 1008 3991 1112 4038; x_wconf 91' lang='lat' dir='ltr'>evan·</span> 
     </span>
     <span class='ocr_line' id='line_1_39' title="bbox 315 4071 1110 4150; baseline -0.004 -15"><span class='ocrx_word' id='word_1_232' title='bbox 315 4073 412 4150; x_wconf 86' lang='lat' dir='ltr'>galia,</span> <span class='ocrx_word' id='word_1_233' title='bbox 427 4073 597 4150; x_wconf 88' lang='lat' dir='ltr'>epistolas,</span> <span class='ocrx_word' id='word_1_234' title='bbox 609 4085 739 4133; x_wconf 92' lang='lat' dir='ltr'>omnem</span> <span class='ocrx_word' id='word_1_235' title='bbox 752 4071 894 4149; x_wconf 88' lang='lat' dir='ltr'>denique</span> <span class='ocrx_word' id='word_1_236' title='bbox 905 4071 1110 4150; x_wconf 81' lang='lat' dir='ltr'>scripturam</span> 
     </span>
     <span class='ocr_line' id='line_1_40' title="bbox 315 4167 1110 4242; baseline 0.001 -11"><span class='ocrx_word' id='word_1_237' title='bbox 315 4173 477 4242; x_wconf 88' lang='lat' dir='ltr'>sanctam,</span> <span class='ocrx_word' id='word_1_238' title='bbox 495 4171 531 4232; x_wconf 91' lang='lat' dir='ltr'>ut</span> <span class='ocrx_word' id='word_1_239' title='bbox 555 4171 591 4230; x_wconf 92' lang='lat' dir='ltr'>ut</span> <span class='ocrx_word' id='word_1_240' title='bbox 611 4167 746 4230; x_wconf 90' lang='lat' dir='ltr'>videbat</span> <span class='ocrx_word' id='word_1_241' title='bbox 769 4167 969 4231; x_wconf 89' lang='lat' dir='ltr'>adsalutem</span> <span class='ocrx_word' id='word_1_242' title='bbox 990 4171 1110 4232; x_wconf 89' lang='lat' dir='ltr'>animae</span> 
     </span>
     <span class='ocr_line' id='line_1_41' title="bbox 315 4264 1109 4344; baseline 0.004 -18"><span class='ocrx_word' id='word_1_243' title='bbox 315 4267 496 4344; x_wconf 89' lang='lat' dir='ltr'>pertinere,</span> <span class='ocrx_word' id='word_1_244' title='bbox 522 4265 664 4342; x_wconf 89' lang='lat' dir='ltr'>aperuit,</span> <span class='ocrx_word' id='word_1_245' title='bbox 691 4264 882 4341; x_wconf 89' lang='lat' dir='ltr'>explicavit,</span> <span class='ocrx_word' id='word_1_246' title='bbox 912 4266 1042 4339; x_wconf 92' lang='lat' dir='ltr'>docuit,</span> <span class='ocrx_word' id='word_1_247' title='bbox 1073 4266 1109 4329; x_wconf 89' lang='lat' dir='ltr'>ut</span> 
     </span>
     <span class='ocr_line' id='line_1_42' title="bbox 316 4347 1110 4448; baseline 0.001 -24"><span class='ocrx_word' id='word_1_248' title='bbox 316 4377 523 4441; x_wconf 88' lang='lat' dir='ltr'>quocumque</span> <span class='ocrx_word' id='word_1_249' title='bbox 535 4363 570 4423; x_wconf 93' lang='lat' dir='ltr'>in</span> <span class='ocrx_word' id='word_1_250' title='bbox 585 4347 662 4448; x_wconf 71' lang='lat' dir='ltr'>loto</span> <span class='ocrx_word' id='word_1_251' title='bbox 672 4361 879 4440; x_wconf 89' lang='lat' dir='ltr'>praedicarat,</span> <span class='ocrx_word' id='word_1_252' title='bbox 890 4363 931 4425; x_wconf 93' lang='lat' dir='ltr'>ad</span> <span class='ocrx_word' id='word_1_253' title='bbox 951 4379 1026 4425; x_wconf 89' lang='lat' dir='ltr'>eum</span> <span class='ocrx_word' id='word_1_254' title='bbox 1049 4379 1110 4441; x_wconf 77' lang='lat' dir='ltr'>po-</span> 
     </span>
     <span class='ocr_line' id='line_1_43' title="bbox 314 4459 1106 4538; baseline 0.001 -17"><span class='ocrx_word' id='word_1_255' title='bbox 314 4461 385 4538; x_wconf 92' lang='lat' dir='ltr'>puli</span> <span class='ocrx_word' id='word_1_256' title='bbox 410 4459 620 4531; x_wconf 89' lang='lat' dir='ltr'>audiendum,</span> <span class='ocrx_word' id='word_1_257' title='bbox 647 4461 852 4532; x_wconf 90' lang='lat' dir='ltr'>catervatim,</span> <span class='ocrx_word' id='word_1_258' title='bbox 877 4461 1106 4538; x_wconf 89' lang='lat' dir='ltr'>undequaque,</span> 
     </span>
     <span class='ocr_line' id='line_1_44' title="bbox 314 4557 1107 4634; baseline -0.003 -13"><span class='ocrx_word' id='word_1_259' title='bbox 314 4559 414 4622; x_wconf 91' lang='lat' dir='ltr'>etiam</span> <span class='ocrx_word' id='word_1_260' title='bbox 439 4574 457 4619; x_wconf 89' lang='lat' dir='ltr'>e</span> <span class='ocrx_word' id='word_1_261' title='bbox 481 4557 663 4634; x_wconf 90' lang='lat' dir='ltr'>longinquo</span> <span class='ocrx_word' id='word_1_262' title='bbox 689 4558 855 4620; x_wconf 89' lang='lat' dir='ltr'>venirent.</span> <span class='ocrx_word' id='word_1_263' title='bbox 885 4559 995 4620; x_wconf 84' lang='lat' dir='ltr'>Crevit</span> <span class='ocrx_word' id='word_1_264' title='bbox 1019 4559 1107 4620; x_wconf 90' lang='lat' dir='ltr'>enim</span> 
     </span>
     <span class='ocr_line' id='line_1_45' title="bbox 311 4653 1108 4732; baseline 0 -14"><span class='ocrx_word' id='word_1_265' title='bbox 311 4657 406 4720; x_wconf 90' lang='lat' dir='ltr'>brevi</span> <span class='ocrx_word' id='word_1_266' title='bbox 425 4671 581 4731; x_wconf 91' lang='lat' dir='ltr'>magnum</span> <span class='ocrx_word' id='word_1_267' title='bbox 609 4653 730 4732; x_wconf 90' lang='lat' dir='ltr'>ubique</span> <span class='ocrx_word' id='word_1_268' title='bbox 753 4655 818 4716; x_wconf 92' lang='lat' dir='ltr'>viri</span> <span class='ocrx_word' id='word_1_269' title='bbox 845 4656 1108 4729; x_wconf 77' lang='lat' dir='ltr'>baisonensi</span> 
     </span>
     <span class='ocr_line' id='line_1_46' title="bbox 313 4751 1107 4816; baseline -0.003 0"><span class='ocrx_word' id='word_1_270' title='bbox 313 4754 412 4816; x_wconf 88' lang='lat' dir='ltr'>fama.</span> <span class='ocrx_word' id='word_1_271' title='bbox 437 4757 576 4816; x_wconf 84' lang='lat' dir='ltr'>Romam</span> <span class='ocrx_word' id='word_1_272' title='bbox 591 4767 670 4814; x_wconf 87' lang='lat' dir='ltr'>vero</span> <span class='ocrx_word' id='word_1_273' title='bbox 686 4751 829 4813; x_wconf 92' lang='lat' dir='ltr'>nuncius</span> <span class='ocrx_word' id='word_1_274' title='bbox 846 4768 854 4812; x_wconf 75' lang='grc' dir='ltr'><strong>ε</strong></span> <span class='ocrx_word' id='word_1_275' title='bbox 869 4753 918 4812; x_wconf 90' lang='lat' dir='ltr'>sic</span> <span class='ocrx_word' id='word_1_276' title='bbox 942 4751 1031 4814; x_wconf 89' lang='lat' dir='ltr'>enim</span> <span class='ocrx_word' id='word_1_277' title='bbox 1052 4769 1107 4816; x_wconf 89' lang='lat' dir='ltr'>res</span> 
     </span>
     <span class='ocr_line' id='line_1_47' title="bbox 314 4849 1107 4927; baseline -0.001 -14"><span class='ocrx_word' id='word_1_278' title='bbox 314 4851 448 4913; x_wconf 88' lang='lat' dir='ltr'>Ordinis</span> <span class='ocrx_word' id='word_1_279' title='bbox 471 4849 636 4927; x_wconf 86' lang='lat' dir='ltr'>exigebat,</span> <span class='ocrx_word' id='word_1_280' title='bbox 661 4851 831 4910; x_wconf 84' lang='lat' dir='ltr'>Summum</span> <span class='ocrx_word' id='word_1_281' title='bbox 847 4850 887 4910; x_wconf 88' lang='lat' dir='ltr'>ad</span> <span class='ocrx_word' id='word_1_282' title='bbox 913 4849 1107 4914; x_wconf 87' lang='lat' dir='ltr'>Pontificem</span> 
     </span>
     <span class='ocr_line' id='line_1_48' title="bbox 312 4945 1108 5026; baseline 0.001 -17"><span class='ocrx_word' id='word_1_283' title='bbox 312 4951 445 5019; x_wconf 90' lang='lat' dir='ltr'>missus,</span> <span class='ocrx_word' id='word_1_284' title='bbox 460 4949 546 5026; x_wconf 92' lang='lat' dir='ltr'>apud</span> <span class='ocrx_word' id='word_1_285' title='bbox 563 4945 840 5022; x_wconf 86' lang='lat' dir='ltr'>omnesbanigne,</span> <span class='ocrx_word' id='word_1_286' title='bbox 854 4963 892 5008; x_wconf 91' lang='lat' dir='ltr'>ac</span> <span class='ocrx_word' id='word_1_287' title='bbox 903 4947 1010 5010; x_wconf 91' lang='lat' dir='ltr'>fronte</span> <span class='ocrx_word' id='word_1_288' title='bbox 1021 4948 1108 5010; x_wconf 89' lang='lat' dir='ltr'>coml</span> 
     </span>
     <span class='ocr_line' id='line_1_49' title="bbox 312 5043 1105 5121; baseline 0.004 -16"><span class='ocrx_word' id='word_1_289' title='bbox 312 5045 473 5121; x_wconf 89' lang='lat' dir='ltr'>exceptus</span> <span class='ocrx_word' id='word_1_290' title='bbox 488 5047 548 5111; x_wconf 91' lang='lat' dir='ltr'>est,</span> <span class='ocrx_word' id='word_1_291' title='bbox 562 5043 716 5120; x_wconf 92' lang='lat' dir='ltr'>bonoque</span> <span class='ocrx_word' id='word_1_292' title='bbox 731 5044 878 5104; x_wconf 88' lang='lat' dir='ltr'>oninium</span> <span class='ocrx_word' id='word_1_293' title='bbox 894 5060 968 5106; x_wconf 90' lang='lat' dir='ltr'>cum</span> <span class='ocrx_word' id='word_1_294' title='bbox 980 5044 1105 5116; x_wconf 87' lang='lat' dir='ltr'>favore,</span> 
     </span>
     <span class='ocr_line' id='line_1_50' title="bbox 312 5139 1108 5221; baseline 0.003 -18"><span class='ocrx_word' id='word_1_295' title='bbox 312 5157 487 5212; x_wconf 91' lang='lat' dir='ltr'>consensu,</span> <span class='ocrx_word' id='word_1_296' title='bbox 512 5157 585 5217; x_wconf 91' lang='lat' dir='ltr'>ope,</span> <span class='ocrx_word' id='word_1_297' title='bbox 610 5157 683 5218; x_wconf 89' lang='lat' dir='ltr'>quaa</span> <span class='ocrx_word' id='word_1_298' title='bbox 709 5139 846 5218; x_wconf 82' lang='lat' dir='ltr'>pateret,</span> <span class='ocrx_word' id='word_1_299' title='bbox 868 5144 979 5204; x_wconf 91' lang='lat' dir='ltr'>omnia</span> <span class='ocrx_word' id='word_1_300' title='bbox 1002 5144 1108 5221; x_wconf 90' lang='lat' dir='ltr'>impe-</span> 
     </span>
     <span class='ocr_line' id='line_1_51' title="bbox 312 5239 1105 5318; baseline 0.003 -17"><span class='ocrx_word' id='word_1_301' title='bbox 312 5239 423 5301; x_wconf 86' lang='lat' dir='ltr'>travit.</span> <span class='ocrx_word' id='word_1_302' title='bbox 440 5241 559 5300; x_wconf 88' lang='lat' dir='ltr'>Jussus</span> <span class='ocrx_word' id='word_1_303' title='bbox 586 5253 716 5316; x_wconf 89' lang='lat' dir='ltr'>quoque</span> <span class='ocrx_word' id='word_1_304' title='bbox 734 5239 769 5299; x_wconf 93' lang='lat' dir='ltr'>in</span> <span class='ocrx_word' id='word_1_305' title='bbox 786 5239 988 5303; x_wconf 82' lang='lat' dir='ltr'>consistorio</span> <span class='ocrx_word' id='word_1_306' title='bbox 1014 5257 1105 5318; x_wconf 90' lang='lat' dir='ltr'>prae·</span> 
     </span>
     <span class='ocr_line' id='line_1_52' title="bbox 313 5333 1107 5412; baseline 0.005 -16"><span class='ocrx_word' id='word_1_307' title='bbox 313 5336 437 5406; x_wconf 91' lang='lat' dir='ltr'>dicare,</span> <span class='ocrx_word' id='word_1_308' title='bbox 454 5351 575 5395; x_wconf 90' lang='lat' dir='ltr'>munus</span> <span class='ocrx_word' id='word_1_309' title='bbox 588 5335 620 5395; x_wconf 91' lang='lat' dir='ltr'>id</span> <span class='ocrx_word' id='word_1_310' title='bbox 636 5337 728 5396; x_wconf 90' lang='lat' dir='ltr'>tanta</span> <span class='ocrx_word' id='word_1_311' title='bbox 748 5352 823 5396; x_wconf 92' lang='lat' dir='ltr'>cum</span> <span class='ocrx_word' id='word_1_312' title='bbox 836 5333 956 5412; x_wconf 84' lang='lat' dir='ltr'>gratia,</span> <span class='ocrx_word' id='word_1_313' title='bbox 974 5339 1007 5400; x_wconf 90' lang='lat' dir='ltr'>et</span> <span class='ocrx_word' id='word_1_314' title='bbox 1018 5339 1107 5400; x_wconf 89' lang='lat' dir='ltr'>inte-</span> 
     </span>
     <span class='ocr_line' id='line_1_53' title="bbox 312 5431 1103 5512; baseline 0.001 -17"><span class='ocrx_word' id='word_1_315' title='bbox 312 5433 434 5511; x_wconf 86' lang='lat' dir='ltr'>gritate</span> <span class='ocrx_word' id='word_1_316' title='bbox 448 5431 610 5509; x_wconf 88' lang='lat' dir='ltr'>implevit,</span> <span class='ocrx_word' id='word_1_317' title='bbox 627 5436 663 5494; x_wconf 92' lang='lat' dir='ltr'>ut</span> <span class='ocrx_word' id='word_1_318' title='bbox 684 5433 830 5496; x_wconf 88' lang='lat' dir='ltr'>auditam</span> <span class='ocrx_word' id='word_1_319' title='bbox 851 5435 951 5510; x_wconf 84' lang='lat' dir='ltr'>vulgo</span> <span class='ocrx_word' id='word_1_320' title='bbox 966 5436 1103 5512; x_wconf 90' lang='lat' dir='ltr'>sapien·</span> 
     </span>
     <span class='ocr_line' id='line_1_54' title="bbox 309 5529 1102 5610; baseline -0.003 -15"><span class='ocrx_word' id='word_1_321' title='bbox 309 5533 366 5596; x_wconf 90' lang='lat' dir='ltr'>tiae</span> <span class='ocrx_word' id='word_1_322' title='bbox 382 5547 452 5592; x_wconf 89' lang='lat' dir='ltr'>suae</span> <span class='ocrx_word' id='word_1_323' title='bbox 467 5529 589 5590; x_wconf 90' lang='lat' dir='ltr'>famam</span> <span class='ocrx_word' id='word_1_324' title='bbox 602 5531 677 5607; x_wconf 89' lang='lat' dir='ltr'>ipsa</span> <span class='ocrx_word' id='word_1_325' title='bbox 692 5532 901 5608; x_wconf 84' lang='lat' dir='ltr'>experientia</span> <span class='ocrx_word' id='word_1_326' title='bbox 919 5535 1102 5610; x_wconf 89' lang='lat' dir='ltr'>superaret.</span> 
     </span>
     <span class='ocr_line' id='line_1_55' title="bbox 313 5627 1102 5706; baseline 0 -14"><span class='ocrx_word' id='word_1_327' title='bbox 313 5631 482 5692; x_wconf 87' lang='lat' dir='ltr'>Laudatus</span> <span class='ocrx_word' id='word_1_328' title='bbox 509 5627 641 5706; x_wconf 91' lang='lat' dir='ltr'>quidem</span> <span class='ocrx_word' id='word_1_329' title='bbox 674 5629 725 5689; x_wconf 89' lang='lat' dir='ltr'>est</span> <span class='ocrx_word' id='word_1_330' title='bbox 751 5643 878 5691; x_wconf 88' lang='lat' dir='ltr'>summe</span> <span class='ocrx_word' id='word_1_331' title='bbox 906 5647 924 5692; x_wconf 89' lang='lat' dir='ltr'>a</span> <span class='ocrx_word' id='word_1_332' title='bbox 954 5633 1102 5704; x_wconf 90' lang='lat' dir='ltr'>cunctis,</span> 
     </span>
    </p>
   </div>
   <div class='ocr_carea' id='block_1_3' title="bbox 792 311 1488 374">
    <p class='ocr_par' dir='ltr' id='par_1_4' title="bbox 792 311 1488 374">
     <span class='ocr_line' id='line_1_56' title="bbox 792 311 1488 374; baseline -0.004 0"><span class='ocrx_word' id='word_1_333' title='bbox 792 315 845 374; x_wconf 79' lang='lat' dir='ltr'>Ab</span> <span class='ocrx_word' id='word_1_334' title='bbox 875 311 1013 373; x_wconf 80' lang='lat' dir='ltr'>OPERA</span> <span class='ocrx_word' id='word_1_335' title='bbox 1040 313 1072 372; x_wconf 85' lang='lat' dir='ltr'>S.</span> <span class='ocrx_word' id='word_1_336' title='bbox 1097 311 1272 372; x_wconf 86' lang='lat' dir='ltr'><strong>ANTONII</strong></span> <span class='ocrx_word' id='word_1_337' title='bbox 1301 311 1488 374; x_wconf 78' lang='lat' dir='ltr'>PADUANI</span> 
     </span>
    </p>
   </div>
   <div class='ocr_carea' id='block_1_4' title="bbox 1902 317 1965 378">
    <p class='ocr_par' dir='ltr' id='par_1_5' title="bbox 1902 317 1965 378">
     <span class='ocr_line' id='line_1_57' title="bbox 1902 317 1965 378; baseline -0.048 0"><span class='ocrx_word' id='word_1_338' title='bbox 1902 317 1965 378; x_wconf 84' lang='grc'>480</span> 
     </span>
    </p>
   </div>
   <div class='ocr_carea' id='block_1_5' title="bbox 1159 469 1971 5714">
    <p class='ocr_par' dir='ltr' id='par_1_6' title="bbox 1164 469 1971 4328">
     <span class='ocr_line' id='line_1_58' title="bbox 1169 469 1964 547; baseline 0.009 -17"><span class='ocrx_word' id='word_1_339' title='bbox 1169 469 1226 531; x_wconf 91' lang='lat' dir='ltr'>sed</span> <span class='ocrx_word' id='word_1_340' title='bbox 1244 470 1314 547; x_wconf 91' lang='lat' dir='ltr'>ipso</span> <span class='ocrx_word' id='word_1_341' title='bbox 1329 485 1347 532; x_wconf 92' lang='lat' dir='ltr'>a</span> <span class='ocrx_word' id='word_1_342' title='bbox 1364 473 1473 547; x_wconf 89' lang='lat' dir='ltr'>Papa:</span> <span class='ocrx_word' id='word_1_343' title='bbox 1486 471 1664 547; x_wconf 81' lang='lat' dir='ltr'>Gregorius</span> <span class='ocrx_word' id='word_1_344' title='bbox 1679 474 1747 535; x_wconf 91' lang='lat' dir='ltr'>tum</span> <span class='ocrx_word' id='word_1_345' title='bbox 1761 487 1867 534; x_wconf 91' lang='lat' dir='ltr'>nonus</span> <span class='ocrx_word' id='word_1_346' title='bbox 1879 475 1964 547; x_wconf 89' lang='lat' dir='ltr'>erat,</span> 
     </span>
     <span class='ocr_line' id='line_1_59' title="bbox 1170 567 1970 655; baseline 0.009 -28"><span class='ocrx_word' id='word_1_347' title='bbox 1170 567 1385 634; x_wconf 87' lang='lat' dir='ltr'>italaudatus</span> <span class='ocrx_word' id='word_1_348' title='bbox 1405 571 1466 640; x_wconf 90' lang='lat' dir='ltr'>est,</span> <span class='ocrx_word' id='word_1_349' title='bbox 1489 571 1525 630; x_wconf 92' lang='lat' dir='ltr'>ut</span> <span class='ocrx_word' id='word_1_350' title='bbox 1545 570 1654 655; x_wconf 87' lang='lat' dir='ltr'>ipsum</span> <span class='ocrx_word' id='word_1_351' title='bbox 1670 569 1810 647; x_wconf 90' lang='lat' dir='ltr'>quodam</span> <span class='ocrx_word' id='word_1_352' title='bbox 1828 587 1887 650; x_wconf 92' lang='lat' dir='ltr'>pro</span> <span class='ocrx_word' id='word_1_353' title='bbox 1903 589 1970 634; x_wconf 88' lang='lat' dir='ltr'>ex-</span> 
     </span>
     <span class='ocr_line' id='line_1_60' title="bbox 1169 665 1968 745; baseline 0.009 -20"><span class='ocrx_word' id='word_1_354' title='bbox 1169 665 1303 727; x_wconf 91' lang='lat' dir='ltr'>cellanti</span> <span class='ocrx_word' id='word_1_355' title='bbox 1341 666 1485 738; x_wconf 90' lang='lat' dir='ltr'>honore,</span> <span class='ocrx_word' id='word_1_356' title='bbox 1529 668 1562 729; x_wconf 87' lang='lat' dir='ltr'>st</span> <span class='ocrx_word' id='word_1_357' title='bbox 1590 681 1710 742; x_wconf 88' lang='lat' dir='ltr'>magna</span> <span class='ocrx_word' id='word_1_358' title='bbox 1742 671 1968 745; x_wconf 87' lang='lat' dir='ltr'>praerogativa</span> 
     </span>
     <span class='ocr_line' id='line_1_61' title="bbox 1168 761 1970 840; baseline 0.009 -18"><span class='ocrx_word' id='word_1_359' title='bbox 1168 761 1459 840; x_wconf 87' lang='lat' dir='ltr'>gratiaespecialis,</span> <span class='ocrx_word' id='word_1_360' title='bbox 1471 765 1598 824; x_wconf 82' lang='lat' dir='ltr'>Arcam</span> <span class='ocrx_word' id='word_1_361' title='bbox 1611 764 1820 838; x_wconf 79' lang='lat' dir='ltr'>testameott,</span> <span class='ocrx_word' id='word_1_362' title='bbox 1834 781 1875 828; x_wconf 85' lang='lat' dir='ltr'>ac</span> <span class='ocrx_word' id='word_1_363' title='bbox 1885 768 1970 839; x_wconf 77' lang='lat' dir='ltr'>fidet</span> 
     </span>
     <span class='ocr_line' id='line_1_62' title="bbox 1169 858 1971 939; baseline 0.009 -20"><span class='ocrx_word' id='word_1_364' title='bbox 1169 858 1364 936; x_wconf 88' lang='lat' dir='ltr'>appellaret.</span> <span class='ocrx_word' id='word_1_365' title='bbox 1376 859 1533 921; x_wconf 80' lang='lat' dir='ltr'>Generali</span> <span class='ocrx_word' id='word_1_366' title='bbox 1548 862 1659 922; x_wconf 88' lang='lat' dir='ltr'>autem</span> <span class='ocrx_word' id='word_1_367' title='bbox 1675 861 1710 922; x_wconf 91' lang='lat' dir='ltr'>in</span> <span class='ocrx_word' id='word_1_368' title='bbox 1723 863 1870 939; x_wconf 89' lang='lat' dir='ltr'>capitulo</span> <span class='ocrx_word' id='word_1_369' title='bbox 1886 869 1971 926; x_wconf 82' lang='lat' dir='ltr'>Are-</span> 
     </span>
     <span class='ocr_line' id='line_1_63' title="bbox 1169 954 1967 1037; baseline 0.009 -22"><span class='ocrx_word' id='word_1_370' title='bbox 1169 954 1290 1018; x_wconf 89' lang='lat' dir='ltr'>latensi</span> <span class='ocrx_word' id='word_1_371' title='bbox 1323 956 1364 1017; x_wconf 91' lang='lat' dir='ltr'>ad</span> <span class='ocrx_word' id='word_1_372' title='bbox 1391 957 1512 1018; x_wconf 87' lang='lat' dir='ltr'>fratres</span> <span class='ocrx_word' id='word_1_373' title='bbox 1543 957 1640 1020; x_wconf 88' lang='lat' dir='ltr'>beato</span> <span class='ocrx_word' id='word_1_374' title='bbox 1667 959 1810 1020; x_wconf 80' lang='lat' dir='ltr'>Antonio</span> <span class='ocrx_word' id='word_1_375' title='bbox 1837 961 1967 1037; x_wconf 90' lang='lat' dir='ltr'>praedi-</span> 
     </span>
     <span class='ocr_line' id='line_1_64' title="bbox 1168 1053 1968 1122; baseline 0.008 -8"><span class='ocrx_word' id='word_1_376' title='bbox 1168 1053 1277 1122; x_wconf 91' lang='lat' dir='ltr'>cante,</span> <span class='ocrx_word' id='word_1_377' title='bbox 1307 1067 1349 1114; x_wconf 90' lang='lat' dir='ltr'>en</span> <span class='ocrx_word' id='word_1_378' title='bbox 1373 1053 1575 1116; x_wconf 89' lang='lat' dir='ltr'>miraculose</span> <span class='ocrx_word' id='word_1_379' title='bbox 1602 1057 1736 1118; x_wconf 89' lang='lat' dir='ltr'>sanctus</span> <span class='ocrx_word' id='word_1_380' title='bbox 1763 1059 1968 1120; x_wconf 81' lang='lat' dir='ltr'>Franciscus</span> 
     </span>
     <span class='ocr_line' id='line_1_65' title="bbox 1168 1151 1967 1230; baseline 0.009 -20"><span class='ocrx_word' id='word_1_381' title='bbox 1168 1151 1323 1227; x_wconf 88' lang='lat' dir='ltr'>apparuit</span> <span class='ocrx_word' id='word_1_382' title='bbox 1346 1167 1353 1210; x_wconf 92' lang='lat'>:</span> <span class='ocrx_word' id='word_1_383' title='bbox 1372 1151 1506 1214; x_wconf 85' lang='lat' dir='ltr'>vivebat</span> <span class='ocrx_word' id='word_1_384' title='bbox 1520 1152 1653 1230; x_wconf 90' lang='lat' dir='ltr'>quidam</span> <span class='ocrx_word' id='word_1_385' title='bbox 1668 1153 1703 1214; x_wconf 92' lang='lat' dir='ltr'>in</span> <span class='ocrx_word' id='word_1_386' title='bbox 1718 1154 1886 1228; x_wconf 85' lang='lat' dir='ltr'>humanis,</span> <span class='ocrx_word' id='word_1_387' title='bbox 1904 1156 1967 1217; x_wconf 91' lang='lat' dir='ltr'>sed</span> 
     </span>
     <span class='ocr_line' id='line_1_66' title="bbox 1169 1248 1968 1330; baseline 0.009 -22"><span class='ocrx_word' id='word_1_388' title='bbox 1169 1248 1319 1324; x_wconf 69' lang='lat' dir='ltr'>capitulo</span> <span class='ocrx_word' id='word_1_389' title='bbox 1340 1248 1420 1310; x_wconf 90' lang='lat' dir='ltr'>huic</span> <span class='ocrx_word' id='word_1_390' title='bbox 1442 1249 1699 1328; x_wconf 87' lang='lat' dir='ltr'>haudquaquam</span> <span class='ocrx_word' id='word_1_391' title='bbox 1720 1268 1859 1330; x_wconf 90' lang='lat' dir='ltr'>corpore</span> <span class='ocrx_word' id='word_1_392' title='bbox 1883 1253 1968 1315; x_wconf 87' lang='lat' dir='ltr'>ade-</span> 
     </span>
     <span class='ocr_line' id='line_1_67' title="bbox 1168 1346 1966 1422; baseline 0.009 -18"><span class='ocrx_word' id='word_1_393' title='bbox 1168 1346 1230 1407; x_wconf 86' lang='lat' dir='ltr'>rat.</span> <span class='ocrx_word' id='word_1_394' title='bbox 1257 1347 1368 1422; x_wconf 90' lang='lat' dir='ltr'>Ipsum</span> <span class='ocrx_word' id='word_1_395' title='bbox 1392 1346 1480 1407; x_wconf 91' lang='lat' dir='ltr'>enim</span> <span class='ocrx_word' id='word_1_396' title='bbox 1503 1347 1643 1408; x_wconf 84' lang='lat' dir='ltr'>fratrum</span> <span class='ocrx_word' id='word_1_397' title='bbox 1665 1365 1750 1410; x_wconf 90' lang='lat' dir='ltr'>unus</span> <span class='ocrx_word' id='word_1_398' title='bbox 1776 1371 1784 1408; x_wconf 87' lang='lat'><strong>:</strong></span> <span class='ocrx_word' id='word_1_399' title='bbox 1807 1351 1966 1412; x_wconf 89' lang='lat' dir='ltr'>Monaldo</span> 
     </span>
     <span class='ocr_line' id='line_1_68' title="bbox 1168 1442 1967 1526; baseline 0.009 -24"><span class='ocrx_word' id='word_1_400' title='bbox 1168 1442 1245 1502; x_wconf 83' lang='lat' dir='ltr'>huic</span> <span class='ocrx_word' id='word_1_401' title='bbox 1261 1457 1380 1504; x_wconf 92' lang='lat' dir='ltr'>nomen</span> <span class='ocrx_word' id='word_1_402' title='bbox 1396 1446 1478 1515; x_wconf 90' lang='lat' dir='ltr'>erat,</span> <span class='ocrx_word' id='word_1_403' title='bbox 1494 1445 1664 1520; x_wconf 89' lang='lat' dir='ltr'>corporeis</span> <span class='ocrx_word' id='word_1_404' title='bbox 1685 1446 1790 1507; x_wconf 91' lang='lat' dir='ltr'>oculis</span> <span class='ocrx_word' id='word_1_405' title='bbox 1810 1447 1851 1507; x_wconf 92' lang='lat' dir='ltr'>ad</span> <span class='ocrx_word' id='word_1_406' title='bbox 1865 1447 1967 1526; x_wconf 82' lang='lat' dir='ltr'>Capi-</span> 
     </span>
     <span class='ocr_line' id='line_1_69' title="bbox 1167 1539 1965 1622; baseline 0.008 -22"><span class='ocrx_word' id='word_1_407' title='bbox 1167 1539 1230 1600; x_wconf 89' lang='lat' dir='ltr'>tuli</span> <span class='ocrx_word' id='word_1_408' title='bbox 1255 1541 1377 1601; x_wconf 91' lang='lat' dir='ltr'>ostium</span> <span class='ocrx_word' id='word_1_409' title='bbox 1400 1541 1514 1603; x_wconf 85' lang='lat' dir='ltr'>divina</span> <span class='ocrx_word' id='word_1_410' title='bbox 1544 1543 1800 1605; x_wconf 89' lang='lat' dir='ltr'>commonitione</span> <span class='ocrx_word' id='word_1_411' title='bbox 1824 1545 1965 1622; x_wconf 91' lang='lat' dir='ltr'>prospi-</span> 
     </span>
     <span class='ocr_line' id='line_1_70' title="bbox 1168 1637 1966 1712; baseline 0.008 -14"><span class='ocrx_word' id='word_1_412' title='bbox 1168 1637 1270 1710; x_wconf 90' lang='lat' dir='ltr'>ciens,</span> <span class='ocrx_word' id='word_1_413' title='bbox 1284 1637 1490 1700; x_wconf 87' lang='lat' dir='ltr'>sublevatum</span> <span class='ocrx_word' id='word_1_414' title='bbox 1505 1639 1541 1699; x_wconf 90' lang='lat' dir='ltr'>in</span> <span class='ocrx_word' id='word_1_415' title='bbox 1557 1654 1646 1712; x_wconf 88' lang='lat' dir='ltr'>aare,</span> <span class='ocrx_word' id='word_1_416' title='bbox 1658 1641 1691 1702; x_wconf 94' lang='lat' dir='ltr'>et</span> <span class='ocrx_word' id='word_1_417' title='bbox 1706 1640 1859 1703; x_wconf 89' lang='lat' dir='ltr'>manibus</span> <span class='ocrx_word' id='word_1_418' title='bbox 1872 1643 1966 1704; x_wconf 87' lang='lat' dir='ltr'>velut</span> 
     </span>
     <span class='ocr_line' id='line_1_71' title="bbox 1167 1723 1967 1803; baseline 0.008 -9"><span class='ocrx_word' id='word_1_419' title='bbox 1167 1735 1203 1794; x_wconf 94' lang='lat' dir='ltr'>in</span> <span class='ocrx_word' id='word_1_420' title='bbox 1220 1751 1319 1796; x_wconf 88' lang='lat' dir='ltr'>cruca</span> <span class='ocrx_word' id='word_1_421' title='bbox 1342 1723 1489 1796; x_wconf 85' lang='lat' dir='ltr'>extensis</span> <span class='ocrx_word' id='word_1_422' title='bbox 1504 1736 1625 1798; x_wconf 88' lang='lat' dir='ltr'>fratres</span> <span class='ocrx_word' id='word_1_423' title='bbox 1642 1735 1893 1801; x_wconf 88' lang='lat' dir='ltr'>benedicentem</span> <span class='ocrx_word' id='word_1_424' title='bbox 1911 1741 1967 1803; x_wconf 92' lang='lat' dir='ltr'>vi-</span> 
     </span>
     <span class='ocr_line' id='line_1_72' title="bbox 1167 1831 1966 1922; baseline 0.01 -30"><span class='ocrx_word' id='word_1_425' title='bbox 1167 1831 1225 1893; x_wconf 88' lang='lat' dir='ltr'>dit.</span> <span class='ocrx_word' id='word_1_426' title='bbox 1243 1833 1358 1920; x_wconf 86' lang='lat' dir='ltr'>Neque</span> <span class='ocrx_word' id='word_1_427' title='bbox 1372 1847 1452 1894; x_wconf 89' lang='lat' dir='ltr'>vero</span> <span class='ocrx_word' id='word_1_428' title='bbox 1468 1835 1583 1896; x_wconf 90' lang='lat' dir='ltr'>sancto</span> <span class='ocrx_word' id='word_1_429' title='bbox 1597 1835 1740 1922; x_wconf 84' lang='lat' dir='ltr'>Antonio</span> <span class='ocrx_word' id='word_1_430' title='bbox 1753 1840 1868 1899; x_wconf 91' lang='lat' dir='ltr'>nostro</span> <span class='ocrx_word' id='word_1_431' title='bbox 1881 1850 1966 1914; x_wconf 84' lang='lat' dir='ltr'>prae-</span> 
     </span>
     <span class='ocr_line' id='line_1_73' title="bbox 1167 1929 1964 2008; baseline 0.009 -19"><span class='ocrx_word' id='word_1_432' title='bbox 1167 1929 1300 1990; x_wconf 86' lang='lat' dir='ltr'>dicandi</span> <span class='ocrx_word' id='word_1_433' title='bbox 1315 1929 1356 1990; x_wconf 91' lang='lat' dir='ltr'>ad</span> <span class='ocrx_word' id='word_1_434' title='bbox 1369 1931 1508 2008; x_wconf 90' lang='lat' dir='ltr'>populos</span> <span class='ocrx_word' id='word_1_435' title='bbox 1519 1931 1628 2004; x_wconf 93' lang='lat' dir='ltr'>modo,</span> <span class='ocrx_word' id='word_1_436' title='bbox 1641 1933 1697 1993; x_wconf 87' lang='lat' dir='ltr'>sed</span> <span class='ocrx_word' id='word_1_437' title='bbox 1709 1932 1849 1994; x_wconf 90' lang='lat' dir='ltr'>docendi</span> <span class='ocrx_word' id='word_1_438' title='bbox 1863 1935 1964 1996; x_wconf 90' lang='lat' dir='ltr'>etiam</span> 
     </span>
     <span class='ocr_line' id='line_1_74' title="bbox 1168 2024 1965 2107; baseline 0.01 -22"><span class='ocrx_word' id='word_1_439' title='bbox 1168 2024 1298 2098; x_wconf 88' lang='lat' dir='ltr'>fratres,</span> <span class='ocrx_word' id='word_1_440' title='bbox 1317 2027 1402 2104; x_wconf 94' lang='lat' dir='ltr'>quod</span> <span class='ocrx_word' id='word_1_441' title='bbox 1419 2041 1479 2089; x_wconf 89' lang='lat' dir='ltr'>suo</span> <span class='ocrx_word' id='word_1_442' title='bbox 1493 2027 1527 2088; x_wconf 92' lang='lat' dir='ltr'>in</span> <span class='ocrx_word' id='word_1_443' title='bbox 1541 2028 1663 2089; x_wconf 91' lang='lat' dir='ltr'>Ordine</span> <span class='ocrx_word' id='word_1_444' title='bbox 1683 2029 1835 2091; x_wconf 86' lang='lat' dir='ltr'>hominos</span> <span class='ocrx_word' id='word_1_445' title='bbox 1856 2033 1965 2107; x_wconf 87' lang='lat' dir='ltr'>magis</span> 
     </span>
     <span class='ocr_line' id='line_1_75' title="bbox 1167 2123 1964 2206; baseline 0.009 -23"><span class='ocrx_word' id='word_1_446' title='bbox 1167 2123 1256 2195; x_wconf 91' lang='lat' dir='ltr'>boni,</span> <span class='ocrx_word' id='word_1_447' title='bbox 1272 2139 1370 2200; x_wconf 88' lang='lat' dir='ltr'>quam</span> <span class='ocrx_word' id='word_1_448' title='bbox 1390 2125 1489 2201; x_wconf 90' lang='lat' dir='ltr'>periti</span> <span class='ocrx_word' id='word_1_449' title='bbox 1512 2127 1637 2199; x_wconf 89' lang='lat' dir='ltr'>assent,</span> <span class='ocrx_word' id='word_1_450' title='bbox 1662 2143 1787 2200; x_wconf 89' lang='lat' dir='ltr'>curam,</span> <span class='ocrx_word' id='word_1_451' title='bbox 1814 2130 1964 2206; x_wconf 89' lang='lat' dir='ltr'>quierat</span> 
     </span>
     <span class='ocr_line' id='line_1_76' title="bbox 1167 2221 1965 2300; baseline 0.009 -20"><span class='ocrx_word' id='word_1_452' title='bbox 1167 2221 1334 2296; x_wconf 90' lang='lat' dir='ltr'>generalis</span> <span class='ocrx_word' id='word_1_453' title='bbox 1349 2221 1512 2294; x_wconf 89' lang='lat' dir='ltr'>minister,</span> <span class='ocrx_word' id='word_1_454' title='bbox 1529 2223 1687 2300; x_wconf 89' lang='lat' dir='ltr'>injunxit.</span> <span class='ocrx_word' id='word_1_455' title='bbox 1703 2227 1858 2286; x_wconf 90' lang='lat' dir='ltr'>Omnium</span> <span class='ocrx_word' id='word_1_456' title='bbox 1873 2241 1965 2287; x_wconf 90' lang='lat' dir='ltr'>nam-</span> 
     </span>
     <span class='ocr_line' id='line_1_77' title="bbox 1168 2307 1962 2398; baseline 0.008 -20"><span class='ocrx_word' id='word_1_457' title='bbox 1168 2307 1443 2395; x_wconf 87' lang='lat' dir='ltr'>quememoratur</span> <span class='ocrx_word' id='word_1_458' title='bbox 1455 2318 1558 2382; x_wconf 83' lang='lat' dir='ltr'>misse</span> <span class='ocrx_word' id='word_1_459' title='bbox 1571 2321 1709 2398; x_wconf 89' lang='lat' dir='ltr'>primus,</span> <span class='ocrx_word' id='word_1_460' title='bbox 1724 2322 1781 2398; x_wconf 79' lang='lat' dir='ltr'>qui</span> <span class='ocrx_word' id='word_1_461' title='bbox 1794 2323 1962 2384; x_wconf 91' lang='lat' dir='ltr'>Minorum</span> 
     </span>
     <span class='ocr_line' id='line_1_78' title="bbox 1168 2415 1958 2496; baseline 0.008 -20"><span class='ocrx_word' id='word_1_462' title='bbox 1168 2415 1349 2477; x_wconf 86' lang='lat' dir='ltr'>inordina</span> <span class='ocrx_word' id='word_1_463' title='bbox 1376 2418 1495 2479; x_wconf 88' lang='lat' dir='ltr'>Lector</span> <span class='ocrx_word' id='word_1_464' title='bbox 1520 2417 1592 2480; x_wconf 90' lang='lat' dir='ltr'>fuit.</span> <span class='ocrx_word' id='word_1_465' title='bbox 1620 2420 1780 2481; x_wconf 88' lang='lat' dir='ltr'>Bononiae</span> <span class='ocrx_word' id='word_1_466' title='bbox 1811 2421 1958 2496; x_wconf 92' lang='lat' dir='ltr'>quidem,</span> 
     </span>
     <span class='ocr_line' id='line_1_79' title="bbox 1168 2510 1961 2592; baseline 0.01 -22"><span class='ocrx_word' id='word_1_467' title='bbox 1168 2510 1253 2587; x_wconf 93' lang='lat' dir='ltr'>quod</span> <span class='ocrx_word' id='word_1_468' title='bbox 1268 2525 1307 2572; x_wconf 85' lang='lat' dir='ltr'>aa</span> <span class='ocrx_word' id='word_1_469' title='bbox 1322 2511 1358 2572; x_wconf 89' lang='lat' dir='ltr'>in</span> <span class='ocrx_word' id='word_1_470' title='bbox 1376 2513 1511 2574; x_wconf 89' lang='lat' dir='ltr'>civitate</span> <span class='ocrx_word' id='word_1_471' title='bbox 1527 2514 1631 2575; x_wconf 90' lang='lat' dir='ltr'>ltaliae</span> <span class='ocrx_word' id='word_1_472' title='bbox 1647 2513 1791 2587; x_wconf 87' lang='lat' dir='ltr'>floreret,</span> <span class='ocrx_word' id='word_1_473' title='bbox 1809 2533 1882 2592; x_wconf 83' lang='lat' dir='ltr'>quae</span> <span class='ocrx_word' id='word_1_474' title='bbox 1898 2534 1961 2578; x_wconf 90' lang='lat' dir='ltr'>us-</span> 
     </span>
     <span class='ocr_line' id='line_1_80' title="bbox 1167 2598 1960 2685; baseline 0.013 -18"><span class='ocrx_word' id='word_1_475' title='bbox 1167 2623 1266 2685; x_wconf 90' lang='lat' dir='ltr'>quam</span> <span class='ocrx_word' id='word_1_476' title='bbox 1279 2609 1367 2670; x_wconf 91' lang='lat' dir='ltr'>essat</span> <span class='ocrx_word' id='word_1_477' title='bbox 1382 2610 1466 2672; x_wconf 89' lang='lat' dir='ltr'>citra</span> <span class='ocrx_word' id='word_1_478' title='bbox 1481 2611 1621 2684; x_wconf 90' lang='lat' dir='ltr'>montes,</span> <span class='ocrx_word' id='word_1_479' title='bbox 1639 2613 1747 2673; x_wconf 90' lang='lat' dir='ltr'>omnis</span> <span class='ocrx_word' id='word_1_480' title='bbox 1763 2598 1960 2677; x_wconf 79' lang='lat' dir='ltr'>excellentia</span> 
     </span>
     <span class='ocr_line' id='line_1_81' title="bbox 1167 2701 1960 2786; baseline 0.009 -21"><span class='ocrx_word' id='word_1_481' title='bbox 1167 2701 1370 2778; x_wconf 86' lang='lat' dir='ltr'>studiorum,</span> <span class='ocrx_word' id='word_1_482' title='bbox 1408 2707 1443 2768; x_wconf 92' lang='lat' dir='ltr'>in</span> <span class='ocrx_word' id='word_1_483' title='bbox 1471 2709 1653 2786; x_wconf 70' lang='lat' dir='ltr'>&#39;theologia</span> <span class='ocrx_word' id='word_1_484' title='bbox 1680 2711 1778 2771; x_wconf 84' lang='lat' dir='ltr'>rexit.</span> <span class='ocrx_word' id='word_1_485' title='bbox 1808 2713 1960 2774; x_wconf 87' lang='lat' dir='ltr'>Minister</span> 
     </span>
     <span class='ocr_line' id='line_1_82' title="bbox 1167 2802 1960 2886; baseline 0.009 -23"><span class='ocrx_word' id='word_1_486' title='bbox 1167 2802 1285 2864; x_wconf 90' lang='lat' dir='ltr'>delnda</span> <span class='ocrx_word' id='word_1_487' title='bbox 1306 2805 1524 2878; x_wconf 79' lang='lat' dir='ltr'>Ramaniolae,</span> <span class='ocrx_word' id='word_1_488' title='bbox 1546 2806 1581 2868; x_wconf 94' lang='lat' dir='ltr'>id</span> <span class='ocrx_word' id='word_1_489' title='bbox 1603 2821 1669 2868; x_wconf 91' lang='lat' dir='ltr'>non</span> <span class='ocrx_word' id='word_1_490' title='bbox 1687 2809 1836 2885; x_wconf 89' lang='lat' dir='ltr'>cupiens,</span> <span class='ocrx_word' id='word_1_491' title='bbox 1853 2825 1960 2886; x_wconf 89' lang='lat' dir='ltr'>nequa</span> 
     </span>
     <span class='ocr_line' id='line_1_83' title="bbox 1167 2889 1961 2984; baseline 0.011 -23"><span class='ocrx_word' id='word_1_492' title='bbox 1167 2901 1293 2976; x_wconf 90' lang='lat' dir='ltr'>petens,</span> <span class='ocrx_word' id='word_1_493' title='bbox 1310 2889 1503 2978; x_wconf 86' lang='lat' dir='ltr'>designatus</span> <span class='ocrx_word' id='word_1_494' title='bbox 1518 2905 1578 2966; x_wconf 91' lang='lat' dir='ltr'>est.</span> <span class='ocrx_word' id='word_1_495' title='bbox 1597 2905 1660 2966; x_wconf 85' lang='lat' dir='ltr'>Sed</span> <span class='ocrx_word' id='word_1_496' title='bbox 1681 2905 1738 2966; x_wconf 90' lang='lat' dir='ltr'>ubi</span> <span class='ocrx_word' id='word_1_497' title='bbox 1758 2921 1876 2983; x_wconf 88' lang='lat' dir='ltr'>parere</span> <span class='ocrx_word' id='word_1_498' title='bbox 1895 2923 1961 2984; x_wconf 90' lang='lat' dir='ltr'>pa-</span> 
     </span>
     <span class='ocr_line' id='line_1_84' title="bbox 1166 2997 1959 3081; baseline 0.008 -21"><span class='ocrx_word' id='word_1_499' title='bbox 1166 2997 1273 3060; x_wconf 88' lang='lat' dir='ltr'>tribus</span> <span class='ocrx_word' id='word_1_500' title='bbox 1288 3015 1370 3076; x_wconf 91' lang='lat' dir='ltr'>opus</span> <span class='ocrx_word' id='word_1_501' title='bbox 1391 3001 1462 3074; x_wconf 93' lang='lat' dir='ltr'>fuit,</span> <span class='ocrx_word' id='word_1_502' title='bbox 1479 3002 1646 3080; x_wconf 89' lang='lat' dir='ltr'>quierant</span> <span class='ocrx_word' id='word_1_503' title='bbox 1666 3003 1700 3062; x_wconf 96' lang='lat' dir='ltr'>in</span> <span class='ocrx_word' id='word_1_504' title='bbox 1722 3019 1762 3065; x_wconf 88' lang='lat' dir='ltr'>aa</span> <span class='ocrx_word' id='word_1_505' title='bbox 1775 3007 1959 3081; x_wconf 90' lang='lat' dir='ltr'>provincia,</span> 
     </span>
     <span class='ocr_line' id='line_1_85' title="bbox 1167 3094 1959 3170; baseline 0.009 -14"><span class='ocrx_word' id='word_1_506' title='bbox 1167 3094 1298 3170; x_wconf 88' lang='lat' dir='ltr'>iratres,</span> <span class='ocrx_word' id='word_1_507' title='bbox 1319 3097 1353 3159; x_wconf 90' lang='lat' dir='ltr'>et</span> <span class='ocrx_word' id='word_1_508' title='bbox 1373 3097 1447 3160; x_wconf 87' lang='lat' dir='ltr'>loca</span> <span class='ocrx_word' id='word_1_509' title='bbox 1476 3099 1588 3162; x_wconf 90' lang='lat' dir='ltr'>omnia</span> <span class='ocrx_word' id='word_1_510' title='bbox 1611 3101 1758 3162; x_wconf 86' lang='lat' dir='ltr'>maxima</span> <span class='ocrx_word' id='word_1_511' title='bbox 1788 3118 1862 3164; x_wconf 90' lang='lat' dir='ltr'>cum</span> <span class='ocrx_word' id='word_1_512' title='bbox 1886 3103 1959 3164; x_wconf 92' lang='lat' dir='ltr'>dis-</span> 
     </span>
     <span class='ocr_line' id='line_1_86' title="bbox 1167 3195 1962 3275; baseline 0.009 -20"><span class='ocrx_word' id='word_1_513' title='bbox 1167 3195 1324 3266; x_wconf 86' lang='lat' dir='ltr'>cretione,</span> <span class='ocrx_word' id='word_1_514' title='bbox 1354 3211 1393 3256; x_wconf 91' lang='lat' dir='ltr'>ac</span> <span class='ocrx_word' id='word_1_515' title='bbox 1415 3197 1590 3274; x_wconf 89' lang='lat' dir='ltr'>prudentia</span> <span class='ocrx_word' id='word_1_516' title='bbox 1614 3198 1823 3275; x_wconf 82' lang='lat' dir='ltr'>gubernavit.</span> <span class='ocrx_word' id='word_1_517' title='bbox 1854 3203 1962 3262; x_wconf 84' lang='lat' dir='ltr'>onere</span> 
     </span>
     <span class='ocr_line' id='line_1_87' title="bbox 1166 3293 1961 3372; baseline 0.01 -20"><span class='ocrx_word' id='word_1_518' title='bbox 1166 3293 1275 3354; x_wconf 90' lang='lat' dir='ltr'>autem</span> <span class='ocrx_word' id='word_1_519' title='bbox 1293 3293 1368 3366; x_wconf 88' lang='lat' dir='ltr'>isto,</span> <span class='ocrx_word' id='word_1_520' title='bbox 1386 3294 1471 3372; x_wconf 95' lang='lat' dir='ltr'>quod</span> <span class='ocrx_word' id='word_1_521' title='bbox 1491 3311 1594 3372; x_wconf 89' lang='lat' dir='ltr'>grave</span> <span class='ocrx_word' id='word_1_522' title='bbox 1618 3295 1693 3369; x_wconf 90' lang='lat' dir='ltr'>sibi,</span> <span class='ocrx_word' id='word_1_523' title='bbox 1717 3311 1756 3359; x_wconf 93' lang='lat' dir='ltr'>ac</span> <span class='ocrx_word' id='word_1_524' title='bbox 1771 3295 1891 3359; x_wconf 87' lang='lat' dir='ltr'>durum</span> <span class='ocrx_word' id='word_1_525' title='bbox 1906 3313 1961 3360; x_wconf 90' lang='lat' dir='ltr'>es-</span> 
     </span>
     <span class='ocr_line' id='line_1_88' title="bbox 1167 3391 1961 3471; baseline 0.01 -21"><span class='ocrx_word' id='word_1_526' title='bbox 1167 3391 1227 3462; x_wconf 88' lang='lat' dir='ltr'>set,</span> <span class='ocrx_word' id='word_1_527' title='bbox 1244 3391 1301 3467; x_wconf 93' lang='lat' dir='ltr'>qui</span> <span class='ocrx_word' id='word_1_528' title='bbox 1316 3391 1468 3453; x_wconf 90' lang='lat' dir='ltr'>minister</span> <span class='ocrx_word' id='word_1_529' title='bbox 1482 3393 1651 3468; x_wconf 89' lang='lat' dir='ltr'>generalis</span> <span class='ocrx_word' id='word_1_530' title='bbox 1664 3394 1747 3465; x_wconf 91' lang='lat' dir='ltr'>erat,</span> <span class='ocrx_word' id='word_1_531' title='bbox 1758 3395 1869 3471; x_wconf 93' lang='lat' dir='ltr'>ipsum</span> <span class='ocrx_word' id='word_1_532' title='bbox 1885 3412 1961 3458; x_wconf 87' lang='lat' dir='ltr'>exe-</span> 
     </span>
     <span class='ocr_line' id='line_1_89' title="bbox 1166 3487 1961 3574; baseline 0.013 -28"><span class='ocrx_word' id='word_1_533' title='bbox 1166 3487 1237 3560; x_wconf 90' lang='lat' dir='ltr'>mit,</span> <span class='ocrx_word' id='word_1_534' title='bbox 1254 3487 1407 3560; x_wconf 89' lang='lat' dir='ltr'>absolvit,</span> <span class='ocrx_word' id='word_1_535' title='bbox 1423 3489 1594 3563; x_wconf 82' lang='lat' dir='ltr'>liberavit3</span> <span class='ocrx_word' id='word_1_536' title='bbox 1613 3490 1796 3569; x_wconf 91' lang='lat' dir='ltr'>eidemque,</span> <span class='ocrx_word' id='word_1_537' title='bbox 1814 3494 1961 3574; x_wconf 90' lang='lat' dir='ltr'>quodrei</span> 
     </span>
     <span class='ocr_line' id='line_1_90' title="bbox 1166 3583 1960 3666; baseline 0.01 -22"><span class='ocrx_word' id='word_1_538' title='bbox 1166 3583 1245 3644; x_wconf 92' lang='lat' dir='ltr'>huic</span> <span class='ocrx_word' id='word_1_539' title='bbox 1260 3599 1334 3646; x_wconf 89' lang='lat' dir='ltr'>esse</span> <span class='ocrx_word' id='word_1_540' title='bbox 1349 3585 1553 3649; x_wconf 85' lang='lat' dir='ltr'>fructuosior</span> <span class='ocrx_word' id='word_1_541' title='bbox 1566 3587 1746 3661; x_wconf 86' lang='lat' dir='ltr'>videretur,</span> <span class='ocrx_word' id='word_1_542' title='bbox 1768 3591 1960 3666; x_wconf 81' lang='lat' dir='ltr'>generalem</span> 
     </span>
     <span class='ocr_line' id='line_1_91' title="bbox 1167 3681 1960 3764; baseline 0.008 -20"><span class='ocrx_word' id='word_1_543' title='bbox 1167 3681 1369 3759; x_wconf 83' lang='lat' dir='ltr'>praedicandi</span> <span class='ocrx_word' id='word_1_544' title='bbox 1384 3683 1506 3762; x_wconf 89' lang='lat' dir='ltr'>ubique</span> <span class='ocrx_word' id='word_1_545' title='bbox 1521 3686 1701 3758; x_wconf 91' lang='lat' dir='ltr'>licentiam,</span> <span class='ocrx_word' id='word_1_546' title='bbox 1719 3686 1753 3748; x_wconf 89' lang='lat' dir='ltr'>et</span> <span class='ocrx_word' id='word_1_547' title='bbox 1764 3689 1960 3764; x_wconf 86' lang='lat' dir='ltr'>potestatem</span> 
     </span>
     <span class='ocr_line' id='line_1_92' title="bbox 1166 3777 1959 3862; baseline 0.013 -23"><span class='ocrx_word' id='word_1_548' title='bbox 1166 3777 1255 3841; x_wconf 88' lang='lat' dir='ltr'>fecit.</span> <span class='ocrx_word' id='word_1_549' title='bbox 1271 3779 1460 3858; x_wconf 81' lang='lat' dir='ltr'>Capitulum</span> <span class='ocrx_word' id='word_1_550' title='bbox 1484 3785 1558 3846; x_wconf 89' lang='lat' dir='ltr'>erat</span> <span class='ocrx_word' id='word_1_551' title='bbox 1579 3783 1658 3845; x_wconf 90' lang='lat' dir='ltr'>tunc</span> <span class='ocrx_word' id='word_1_552' title='bbox 1675 3784 1795 3846; x_wconf 87' lang='lat' dir='ltr'>Assisii</span> <span class='ocrx_word' id='word_1_553' title='bbox 1816 3801 1959 3862; x_wconf 83' lang='lat' dir='ltr'>congra-</span> 
     </span>
     <span class='ocr_line' id='line_1_93' title="bbox 1166 3877 1960 3956; baseline 0.009 -18"><span class='ocrx_word' id='word_1_554' title='bbox 1166 3877 1290 3953; x_wconf 87' lang='lat' dir='ltr'>gatum,</span> <span class='ocrx_word' id='word_1_555' title='bbox 1303 3877 1340 3939; x_wconf 89' lang='lat' dir='ltr'>ut</span> <span class='ocrx_word' id='word_1_556' title='bbox 1352 3879 1458 3940; x_wconf 90' lang='lat' dir='ltr'>sancti</span> <span class='ocrx_word' id='word_1_557' title='bbox 1470 3880 1574 3956; x_wconf 89' lang='lat' dir='ltr'>patris</span> <span class='ocrx_word' id='word_1_558' title='bbox 1585 3881 1755 3942; x_wconf 84' lang='lat' dir='ltr'>Francisci</span> <span class='ocrx_word' id='word_1_559' title='bbox 1766 3882 1960 3945; x_wconf 83' lang='lat' dir='ltr'>venerabile</span> 
     </span>
     <span class='ocr_line' id='line_1_94' title="bbox 1166 3975 1961 4055; baseline 0.01 -21"><span class='ocrx_word' id='word_1_560' title='bbox 1166 3975 1304 4052; x_wconf 83' lang='lat' dir='ltr'>Corpus,</span> <span class='ocrx_word' id='word_1_561' title='bbox 1335 3989 1422 4037; x_wconf 88' lang='lat' dir='ltr'>anno</span> <span class='ocrx_word' id='word_1_562' title='bbox 1454 3975 1585 4054; x_wconf 90' lang='lat' dir='ltr'>quidem</span> <span class='ocrx_word' id='word_1_563' title='bbox 1617 3981 1688 4055; x_wconf 86' lang='lat' dir='ltr'>jam</span> <span class='ocrx_word' id='word_1_564' title='bbox 1727 3982 1845 4055; x_wconf 91' lang='lat' dir='ltr'>quarto</span> <span class='ocrx_word' id='word_1_565' title='bbox 1873 3976 1961 4042; x_wconf 91' lang='lat' dir='ltr'>diem</span> 
     </span>
     <span class='ocr_line' id='line_1_95' title="bbox 1165 4069 1956 4153; baseline 0.01 -21"><span class='ocrx_word' id='word_1_566' title='bbox 1165 4069 1306 4146; x_wconf 88' lang='lat' dir='ltr'>obierat,</span> <span class='ocrx_word' id='word_1_567' title='bbox 1334 4073 1374 4134; x_wconf 89' lang='lat' dir='ltr'>ad</span> <span class='ocrx_word' id='word_1_568' title='bbox 1396 4087 1470 4134; x_wconf 87' lang='lat' dir='ltr'>eam</span> <span class='ocrx_word' id='word_1_569' title='bbox 1498 4073 1617 4150; x_wconf 89' lang='lat' dir='ltr'>ipsam,</span> <span class='ocrx_word' id='word_1_570' title='bbox 1642 4075 1763 4153; x_wconf 91' lang='lat' dir='ltr'>inqua</span> <span class='ocrx_word' id='word_1_571' title='bbox 1785 4079 1835 4139; x_wconf 89' lang='lat' dir='ltr'>est</span> <span class='ocrx_word' id='word_1_572' title='bbox 1856 4095 1956 4152; x_wconf 91' lang='lat' dir='ltr'>nunc,</span> 
     </span>
     <span class='ocr_line' id='line_1_96' title="bbox 1165 4168 1959 4264; baseline 0.009 -34"><span class='ocrx_word' id='word_1_573' title='bbox 1165 4168 1340 4231; x_wconf 89' lang='lat' dir='ltr'>ecclesiam</span> <span class='ocrx_word' id='word_1_574' title='bbox 1356 4171 1428 4264; x_wconf 81' lang='lat' dir='ltr'>ejus</span> <span class='ocrx_word' id='word_1_575' title='bbox 1444 4171 1570 4234; x_wconf 91' lang='lat' dir='ltr'>nomini</span> <span class='ocrx_word' id='word_1_576' title='bbox 1590 4171 1786 4235; x_wconf 90' lang='lat' dir='ltr'>fabricatam</span> <span class='ocrx_word' id='word_1_577' title='bbox 1800 4173 1959 4238; x_wconf 90' lang='lat' dir='ltr'>transfer-</span> 
     </span>
     <span class='ocr_line' id='line_1_97' title="bbox 1164 4269 1266 4328; baseline 0 0"><span class='ocrx_word' id='word_1_578' title='bbox 1164 4269 1266 4328; x_wconf 89' lang='lat' dir='ltr'>ratur.</span> 
     </span>
    </p>

    <p class='ocr_par' dir='ltr' id='par_1_7' title="bbox 1159 4363 1959 5714">
     <span class='ocr_line' id='line_1_98' title="bbox 1203 4363 1959 4447; baseline 0.012 -22"><span class='ocrx_word' id='word_1_579' title='bbox 1203 4363 1379 4426; x_wconf 79' lang='lat' dir='ltr'>Facturum</span> <span class='ocrx_word' id='word_1_580' title='bbox 1394 4366 1546 4444; x_wconf 89' lang='lat' dir='ltr'>equidem</span> <span class='ocrx_word' id='word_1_581' title='bbox 1558 4383 1609 4430; x_wconf 90' lang='lat' dir='ltr'>mc</span> <span class='ocrx_word' id='word_1_582' title='bbox 1623 4385 1731 4446; x_wconf 90' lang='lat' dir='ltr'>operae</span> <span class='ocrx_word' id='word_1_583' title='bbox 1747 4370 1889 4447; x_wconf 89' lang='lat' dir='ltr'>pretium</span> <span class='ocrx_word' id='word_1_584' title='bbox 1905 4375 1959 4434; x_wconf 90' lang='lat' dir='ltr'>vi-</span> 
     </span>
     <span class='ocr_line' id='line_1_99' title="bbox 1163 4461 1956 4547; baseline 0.013 -25"><span class='ocrx_word' id='word_1_585' title='bbox 1163 4461 1236 4536; x_wconf 87' lang='lat' dir='ltr'>deo,</span> <span class='ocrx_word' id='word_1_586' title='bbox 1252 4462 1282 4522; x_wconf 90' lang='lat' dir='ltr'>si</span> <span class='ocrx_word' id='word_1_587' title='bbox 1297 4479 1379 4539; x_wconf 90' lang='lat' dir='ltr'>quas</span> <span class='ocrx_word' id='word_1_588' title='bbox 1394 4463 1558 4539; x_wconf 89' lang='lat' dir='ltr'>civitates,</span> <span class='ocrx_word' id='word_1_589' title='bbox 1570 4481 1652 4543; x_wconf 89' lang='lat' dir='ltr'>quos</span> <span class='ocrx_word' id='word_1_590' title='bbox 1668 4469 1807 4547; x_wconf 91' lang='lat' dir='ltr'>populos</span> <span class='ocrx_word' id='word_1_591' title='bbox 1822 4469 1956 4544; x_wconf 87' lang='lat' dir='ltr'>adierit,</span> 
     </span>
     <span class='ocr_line' id='line_1_100' title="bbox 1163 4560 1957 4638; baseline 0.011 -18"><span class='ocrx_word' id='word_1_592' title='bbox 1163 4575 1238 4637; x_wconf 89' lang='lat' dir='ltr'>quae</span> <span class='ocrx_word' id='word_1_593' title='bbox 1250 4560 1412 4622; x_wconf 91' lang='lat' dir='ltr'>miracula</span> <span class='ocrx_word' id='word_1_594' title='bbox 1425 4563 1512 4622; x_wconf 89' lang='lat' dir='ltr'>Deus</span> <span class='ocrx_word' id='word_1_595' title='bbox 1525 4563 1677 4626; x_wconf 90' lang='lat' dir='ltr'>oratione</span> <span class='ocrx_word' id='word_1_596' title='bbox 1691 4579 1764 4638; x_wconf 89' lang='lat' dir='ltr'>sua,</span> <span class='ocrx_word' id='word_1_597' title='bbox 1779 4581 1818 4626; x_wconf 92' lang='lat' dir='ltr'>ac</span> <span class='ocrx_word' id='word_1_598' title='bbox 1830 4568 1957 4629; x_wconf 89' lang='lat' dir='ltr'>meritis</span> 
     </span>
     <span class='ocr_line' id='line_1_101' title="bbox 1162 4655 1958 4740; baseline 0.01 -22"><span class='ocrx_word' id='word_1_599' title='bbox 1162 4655 1289 4731; x_wconf 89' lang='lat' dir='ltr'>facerit,</span> <span class='ocrx_word' id='word_1_600' title='bbox 1304 4660 1417 4720; x_wconf 92' lang='lat' dir='ltr'>omnia</span> <span class='ocrx_word' id='word_1_601' title='bbox 1432 4659 1624 4735; x_wconf 87' lang='lat' dir='ltr'>singulatim</span> <span class='ocrx_word' id='word_1_602' title='bbox 1632 4676 1809 4723; x_wconf 87' lang='lat' dir='ltr'>recensere</span> <span class='ocrx_word' id='word_1_603' title='bbox 1825 4661 1958 4740; x_wconf 66' lang='grc' dir='ltr'>111111111-Ι</span> 
     </span>
     <span class='ocr_line' id='line_1_102' title="bbox 1163 4753 1956 4838; baseline 0.011 -24"><span class='ocrx_word' id='word_1_604' title='bbox 1163 4753 1270 4816; x_wconf 89' lang='lat' dir='ltr'>santia</span> <span class='ocrx_word' id='word_1_605' title='bbox 1297 4769 1340 4816; x_wconf 83' lang='lat' dir='ltr'>ex</span> <span class='ocrx_word' id='word_1_606' title='bbox 1365 4754 1532 4830; x_wconf 89' lang='lat' dir='ltr'>locorum,</span> <span class='ocrx_word' id='word_1_607' title='bbox 1560 4773 1610 4818; x_wconf 60' lang='lat' dir='ltr'>ac&#39;</span> <span class='ocrx_word' id='word_1_608' title='bbox 1627 4758 1811 4838; x_wconf 87' lang='lat' dir='ltr'>temporum</span> <span class='ocrx_word' id='word_1_609' title='bbox 1842 4761 1956 4823; x_wconf 91' lang='lat' dir='ltr'>ordina</span> 
     </span>
     <span class='ocr_line' id='line_1_103' title="bbox 1162 4849 1955 4932; baseline 0.011 -21"><span class='ocrx_word' id='word_1_610' title='bbox 1162 4849 1301 4929; x_wconf 88' lang='lat' dir='ltr'>placeat.</span> <span class='ocrx_word' id='word_1_611' title='bbox 1328 4849 1456 4930; x_wconf 81' lang='lat' dir='ltr'>Quippe</span> <span class='ocrx_word' id='word_1_612' title='bbox 1465 4849 1467 4856; x_wconf 80' lang='grc'><em>’</em></span> <span class='ocrx_word' id='word_1_613' title='bbox 1478 4851 1609 4914; x_wconf 87' lang='lat' dir='ltr'>Italiam</span> <span class='ocrx_word' id='word_1_614' title='bbox 1622 4852 1725 4917; x_wconf 85' lang='lat' dir='ltr'>ferme</span> <span class='ocrx_word' id='word_1_615' title='bbox 1740 4871 1882 4932; x_wconf 90' lang='lat' dir='ltr'>omnem,</span> <span class='ocrx_word' id='word_1_616' title='bbox 1900 4859 1955 4920; x_wconf 90' lang='lat' dir='ltr'>at·</span> 
     </span>
     <span class='ocr_line' id='line_1_104' title="bbox 1162 4947 1957 5026; baseline 0.01 -18"><span class='ocrx_word' id='word_1_617' title='bbox 1162 4963 1225 5026; x_wconf 92' lang='lat' dir='ltr'>que</span> <span class='ocrx_word' id='word_1_618' title='bbox 1254 4948 1343 5010; x_wconf 88' lang='lat' dir='ltr'>ultra</span> <span class='ocrx_word' id='word_1_619' title='bbox 1375 4947 1503 5010; x_wconf 88' lang='lat' dir='ltr'>montes</span> <span class='ocrx_word' id='word_1_620' title='bbox 1530 4948 1745 5026; x_wconf 83' lang='lat' dir='ltr'>praedicando</span> <span class='ocrx_word' id='word_1_621' title='bbox 1774 4953 1815 5014; x_wconf 92' lang='lat' dir='ltr'>ad</span> <span class='ocrx_word' id='word_1_622' title='bbox 1844 4955 1957 5016; x_wconf 80' lang='lat' dir='ltr'>Gallos</span> 
     </span>
     <span class='ocr_line' id='line_1_105' title="bbox 1162 5045 1955 5130; baseline 0.01 -23"><span class='ocrx_word' id='word_1_623' title='bbox 1162 5045 1262 5108; x_wconf 87' lang='lat' dir='ltr'>etiarn</span> <span class='ocrx_word' id='word_1_624' title='bbox 1277 5047 1478 5127; x_wconf 87' lang='lat' dir='ltr'>peragravit.</span> <span class='ocrx_word' id='word_1_625' title='bbox 1501 5047 1743 5112; x_wconf 89' lang='lat' dir='ltr'>Praedicatione</span> <span class='ocrx_word' id='word_1_626' title='bbox 1758 5052 1869 5114; x_wconf 87' lang='lat' dir='ltr'>autem</span> <span class='ocrx_word' id='word_1_627' title='bbox 1892 5069 1955 5130; x_wconf 90' lang='lat' dir='ltr'>po-</span> 
     </span>
     <span class='ocr_line' id='line_1_106' title="bbox 1160 5143 1959 5220; baseline 0.008 -15"><span class='ocrx_word' id='word_1_628' title='bbox 1160 5143 1226 5205; x_wconf 89' lang='lat' dir='ltr'>tuit</span> <span class='ocrx_word' id='word_1_629' title='bbox 1240 5143 1391 5218; x_wconf 86' lang='lat' dir='ltr'>multum,</span> <span class='ocrx_word' id='word_1_630' title='bbox 1403 5144 1489 5220; x_wconf 93' lang='lat' dir='ltr'>quod</span> <span class='ocrx_word' id='word_1_631' title='bbox 1502 5161 1541 5206; x_wconf 90' lang='lat' dir='ltr'>ea</span> <span class='ocrx_word' id='word_1_632' title='bbox 1561 5145 1713 5208; x_wconf 90' lang='lat' dir='ltr'>inessent</span> <span class='ocrx_word' id='word_1_633' title='bbox 1727 5147 1802 5220; x_wconf 92' lang='lat' dir='ltr'>sibi,</span> <span class='ocrx_word' id='word_1_634' title='bbox 1816 5165 1891 5210; x_wconf 90' lang='lat' dir='ltr'>cum</span> <span class='ocrx_word' id='word_1_635' title='bbox 1906 5151 1959 5211; x_wconf 92' lang='lat' dir='ltr'>di-</span> 
     </span>
     <span class='ocr_line' id='line_1_107' title="bbox 1161 5225 1956 5324; baseline 0.009 -23"><span class='ocrx_word' id='word_1_636' title='bbox 1161 5225 1298 5317; x_wconf 87' lang='lat' dir='ltr'>ligentia</span> <span class='ocrx_word' id='word_1_637' title='bbox 1312 5243 1346 5324; x_wconf 84' lang='lat' dir='ltr'>et</span> <span class='ocrx_word' id='word_1_638' title='bbox 1358 5241 1467 5303; x_wconf 93' lang='lat' dir='ltr'>studio</span> <span class='ocrx_word' id='word_1_639' title='bbox 1479 5257 1551 5315; x_wconf 90' lang='lat' dir='ltr'>suo,</span> <span class='ocrx_word' id='word_1_640' title='bbox 1564 5243 1633 5304; x_wconf 90' lang='lat' dir='ltr'>tum</span> <span class='ocrx_word' id='word_1_641' title='bbox 1645 5243 1956 5320; x_wconf 85' lang='lat' dir='ltr'>naturaabaneiicio,</span> 
     </span>
     <span class='ocr_line' id='line_1_108' title="bbox 1159 5337 1958 5420; baseline 0.005 -19"><span class='ocrx_word' id='word_1_642' title='bbox 1159 5337 1229 5401; x_wconf 89' lang='lat' dir='ltr'>tum</span> <span class='ocrx_word' id='word_1_643' title='bbox 1246 5339 1346 5401; x_wconf 89' lang='lat' dir='ltr'>etiam</span> <span class='ocrx_word' id='word_1_644' title='bbox 1362 5339 1481 5414; x_wconf 86' lang='lat' dir='ltr'>gratia,</span> <span class='ocrx_word' id='word_1_645' title='bbox 1499 5340 1531 5401; x_wconf 92' lang='lat' dir='ltr'>et</span> <span class='ocrx_word' id='word_1_646' title='bbox 1554 5340 1642 5401; x_wconf 94' lang='lat' dir='ltr'>dono</span> <span class='ocrx_word' id='word_1_647' title='bbox 1658 5341 1729 5414; x_wconf 88' lang='lat' dir='ltr'>Dei,</span> <span class='ocrx_word' id='word_1_648' title='bbox 1746 5343 1818 5403; x_wconf 92' lang='lat' dir='ltr'>sine</span> <span class='ocrx_word' id='word_1_649' title='bbox 1834 5343 1958 5420; x_wconf 91' lang='lat' dir='ltr'>quibus</span> 
     </span>
     <span class='ocr_line' id='line_1_109' title="bbox 1160 5433 1958 5513; baseline 0.01 -17"><span class='ocrx_word' id='word_1_650' title='bbox 1160 5452 1221 5497; x_wconf 92' lang='lat' dir='ltr'>nac</span> <span class='ocrx_word' id='word_1_651' title='bbox 1237 5435 1436 5513; x_wconf 91' lang='lat' dir='ltr'>praedicator</span> <span class='ocrx_word' id='word_1_652' title='bbox 1448 5433 1651 5509; x_wconf 89' lang='lat' dir='ltr'>essabonus,</span> <span class='ocrx_word' id='word_1_653' title='bbox 1665 5453 1727 5500; x_wconf 91' lang='lat' dir='ltr'>nec</span> <span class='ocrx_word' id='word_1_654' title='bbox 1742 5437 1811 5500; x_wconf 90' lang='lat' dir='ltr'>ulla</span> <span class='ocrx_word' id='word_1_655' title='bbox 1829 5441 1865 5501; x_wconf 93' lang='lat' dir='ltr'>in</span> <span class='ocrx_word' id='word_1_656' title='bbox 1877 5443 1958 5504; x_wconf 93' lang='lat' dir='ltr'>doc-</span> 
     </span>
     <span class='ocr_line' id='line_1_110' title="bbox 1159 5533 1959 5617; baseline 0.008 -22"><span class='ocrx_word' id='word_1_657' title='bbox 1159 5534 1248 5595; x_wconf 91' lang='lat' dir='ltr'>trina</span> <span class='ocrx_word' id='word_1_658' title='bbox 1258 5533 1425 5596; x_wconf 86' lang='lat' dir='ltr'>excellere</span> <span class='ocrx_word' id='word_1_659' title='bbox 1436 5535 1610 5612; x_wconf 90' lang='lat' dir='ltr'>quisquam</span> <span class='ocrx_word' id='word_1_660' title='bbox 1619 5537 1736 5616; x_wconf 88' lang='lat' dir='ltr'>polest.</span> <span class='ocrx_word' id='word_1_661' title='bbox 1749 5537 1827 5598; x_wconf 84' lang='lat' dir='ltr'>Erat</span> <span class='ocrx_word' id='word_1_662' title='bbox 1839 5539 1959 5617; x_wconf 89' lang='lat' dir='ltr'>impri-</span> 
     </span>
     <span class='ocr_line' id='line_1_111' title="bbox 1159 5631 1959 5714; baseline 0.01 -23"><span class='ocrx_word' id='word_1_663' title='bbox 1159 5632 1222 5692; x_wconf 90' lang='lat' dir='ltr'>mis</span> <span class='ocrx_word' id='word_1_664' title='bbox 1237 5632 1395 5694; x_wconf 89' lang='lat' dir='ltr'>memoria</span> <span class='ocrx_word' id='word_1_665' title='bbox 1412 5631 1475 5696; x_wconf 92' lang='lat' dir='ltr'>sibi</span> <span class='ocrx_word' id='word_1_666' title='bbox 1495 5631 1578 5695; x_wconf 92' lang='lat' dir='ltr'>adeo</span> <span class='ocrx_word' id='word_1_667' title='bbox 1593 5633 1705 5708; x_wconf 89' lang='lat' dir='ltr'>tenax,</span> <span class='ocrx_word' id='word_1_668' title='bbox 1724 5635 1822 5712; x_wconf 91' lang='lat' dir='ltr'>atque</span> <span class='ocrx_word' id='word_1_669' title='bbox 1836 5651 1959 5714; x_wconf 85' lang='lat' dir='ltr'>perpe-</span> 
     </span>
    </p>
   </div>
   <div class='ocr_carea' id='block_1_6' title="bbox 0 0 2118 6406">
    <p class='ocr_par' dir='ltr' id='par_1_8' title="bbox 0 0 2118 6406">
     <span class='ocr_line' id='line_1_112' title="bbox 0 0 2118 6406; baseline 0 0"><span class='ocrx_word' id='word_1_670' title='bbox 0 0 2118 6406; x_wconf 95' lang='lat' dir='ltr'> </span> 
     </span>
    </p>
   </div>
  </div>
 </body>
</html>
