4184 6410
357 257 418 320 699
777 253 810 311 S.
838 249 1013 312 ANTONII
1044 248 1233 310 PADUANI
1263 247 1402 310 OPERA
1432 247 1579 309 OMNIA.
1958 253 2016 312 ico

358 418 411 480 est
430 416 473 478 ad
494 412 722 479 contusionem
743 410 894 486 inimici;
918 410 952 472 ei
967 409 1043 470 ideo
1066 407 1152 470 bene
1206 408 1393 486 latereejus
1401 408 1599 486 repleamini
1608 409 1866 487 tanquampulli
1875 411 2013 486 aquila,

359 515 497 576 dicitur:
525 509 734 574 convertisti
760 509 937 584 paceium
973 521 1090 568 menni
1115 509 1153 568 in
1207 507 1286 584 quia
1305 505 1368 567 hac
1381 506 1422 567 de
1439 521 1543 568 causa
1562 505 1624 568 sub
1646 505 1752 569 ubere
1767 508 1955 570 lanceatus
1969 514 2016 570 θει

358 610 632 690 pendinmniiht.
1208 604 1370 665 Christus.

400 705 603 770 conscidisti
634 719 774 765 eoccnni
794 715 922 764 picum
955 704 1080 764 Saccus
1103 702 1154 764 est
1248 701 1340 770 Quod
1361 700 1407 763 ibi
1429 701 1745 778 dicitur2Proptcr
1763 708 2015 766 nomentanae

359 804 491 866 habitus
506 802 670 874 laborum,
683 803 716 863 et
729 799 1150 878 iristitiae,etpoenitentiae,
1208 802 1352 862 oedicoes
1370 813 1438 872 me,
1463 804 1517 861 oei
1540 803 1614 862 duic
1631 805 1718 863 milii
1736 805 1820 873 eris,
1849 802 1913 863 hic
1939 802 2016 865 dicit

360 918 425 980 quo
445 901 493 962 uti
515 899 672 962 debemus
692 898 755 960 hoc
774 899 922 976 tempore
937 898 1104 973 dolorum;
1121 899 1154 959 et
1208 896 1398 974 Propheta:
1415 913 1434 957 c
1450 899 1574 958 Ducam
1590 899 1625 958 in
1641 898 1872 961 solitudinem.
1887 917 1908 960 ›
1923 901 2014 962 Unde

358 1001 406 1062 ita
421 999 601 1060 induemur
615 997 745 1069 laetitia,
763 995 850 1058 idest
870 995 1070 1058 vestimento
1085 995 1153 1056 im·
1207 995 1269 1056 tob
1285 993 1349 1073 (39,
1365 995 1407 1056 29
1419 996 1452 1056 et
1465 993 1520 1074 30)
1535 1017 1542 1056 :
1557 1013 1576 1055 c
1591 996 1687 1057 Oculi
1701 997 1823 1075 aquilea
1838 999 2014 1076 aspiciunt
2063 1019 2064 1022 ¹

358 1096 584 1160 mortalitatis.
609 1093 704 1156 Unde
725 1093 823 1154 Isaiae
846 1091 911 1172 (52,
933 1092 964 1173 1)
989 1114 997 1152 :
1020 1111 1039 1153 c
1061 1093 1152 1153 Con·
1209 1090 2014 1172 elongetis)etpulliejuslambentsanguinem.»

360 1210 471 1271 surge,
495 1208 671 1268 consurge,
699 1191 840 1252 induere
861 1189 1057 1252 tortitudine
1081 1192 1151 1261 tua,
1208 1192 1236 1250 A
1249 1189 1348 1265 longe
1363 1190 1522 1252 debemus
1538 1192 1702 1269 aspicere,
1719 1193 1755 1254 ui
1774 1208 1843 1254 non
1867 1195 2012 1271 tigamus

361 1292 460 1367 Sion;
477 1307 496 1352 θ
511 1291 607 1368 quasi
623 1289 712 1352 dicat
735 1311 743 1350 :
765 1290 936 1364 consurge
958 1303 1087 1350 mecum
1112 1287 1153 1348 ad
1208 1289 1341 1350 oculum
1364 1287 1400 1349 in
1425 1289 1580 1360 terrenis,
1608 1290 1676 1351 imo
1701 1290 1737 1350 in
1762 1292 2013 1368 superioribus,

359 1389 520 1461 laborem,
535 1389 567 1450 et
581 1387 734 1464 praelium
749 1386 865 1447 contra
878 1383 1044 1460 inimicos,
1056 1401 1154 1446 mun·
1208 1385 1294 1448 idest
1316 1386 1350 1446 in
1374 1384 1577 1462 coelestibus‚
1598 1385 1783 1450 lambentes
1808 1391 2014 1465 sanguinem

360 1487 449 1559 dum,
466 1499 613 1558 caruem,
630 1483 1009 1546 etdiabolum.lnduere
1021 1497 1151 1544 mecum
1208 1483 1352 1546 Domini.
1373 1485 1413 1546 Et
1437 1485 1528 1556 nota,
1553 1484 1640 1561 quod
1660 1486 1695 1546 in
1717 1485 1782 1547 hoc
1802 1487 1914 1548 verbo
1929 1487 2013 1548 lam-

361 1598 471 1656 sacco,
488 1581 738 1656 etiortitudine,
759 1581 844 1643 idest
863 1580 942 1643 lorti
965 1581 1151 1652 armatura,
1208 1580 1301 1654 bunt,
1337 1581 1389 1643 est
1421 1582 1577 1655 aviditas,
1614 1585 1648 1644 et
1681 1583 1875 1656 delectatio,
1915 1601 2013 1663 quam

359 1696 460 1758 quam
483 1678 580 1741 docet
599 1678 802 1756 Apostolus:
825 1681 1019 1740 induimini
1032 1681 1153 1740 Domi-
1209 1677 1315 1740 sancti
1330 1677 1455 1742 habent
1468 1680 1695 1755 recogitando,
1715 1683 1748 1742 et
1766 1681 1940 1744 imitando
1955 1699 2011 1758 pro

359 1793 445 1840 rium
456 1780 576 1840 iesum
588 1777 765 1839 Christum
776 1773 836 1854 (1).
852 1775 945 1849 Quod
965 1775 994 1835 si
1009 1775 1057 1837 ita
1073 1789 1154 1836 con·
1209 1791 1308 1852 posse
1336 1791 1397 1838 suo
1423 1777 1612 1855 passionem
1641 1777 1776 1840 Christi.
1811 1778 1914 1840 Unde
1948 1781 2011 1840 alia

361 1874 564 1943 surrexeris,
575 1873 609 1935 et
618 1873 757 1934 indutus
766 1871 885 1945 tueris,
908 1871 949 1934 de
969 1871 1057 1934 bello
1073 1889 1155 1934 con·
1209 1873 1320 1936 littera
1335 1871 1436 1937 babet
1449 1873 1497 1956 (6)
1510 1891 1518 1936 :
1535 1893 1554 1936 c
1568 1875 1658 1937 Pulli
1673 1879 1746 1954 ejus
1760 1877 1967 1938 volutantur
1980 1879 2010 1938 in

361 1987 479 2048 surges
489 1971 531 2032 ad
544 1969 781 2048 praemium,de
793 1969 931 2032 miseria
944 1970 985 2030 ad
996 1969 1152 2046 gloriam,
1209 1971 1382 2048 sanguine.
1399 1973 1480 2035 »lta
1494 1973 1589 2035 tincti
1606 1989 1682 2036 esse
1700 1973 1874 2048 debemus,
1894 1979 1933 2038 ut
1946 1978 2011 2038 tota
2065 1979 2066 2050 l

360 2071 394 2132 et
405 2068 557 2131 indueris
570 2066 777 2130 beatitudine
787 2066 1060 2131 immortalitatis.
1209 2071 1324 2130 nostra
1349 2071 1561 2133 conversatio
1595 2073 1731 2134 resonet
1761 2073 1922 2150 passioni
1949 2076 2010 2134 Do-

1209 2166 1303 2242 mini,
1318 2168 1397 2245 quia
1412 2167 1508 2230 nobis
1523 2170 1721 2244 sanguinem
1736 2171 1939 2248 propinavit
1952 2187 2009 2234 ex·

1208 2265 1260 2326 tra
1275 2265 1443 2328 civitatem
1457 2266 1493 2326 in
1514 2268 1625 2329 monte
1646 2267 1893 2330 calvariae.1ta
1918 2286 2008 2330 mor-

1207 2360 1297 2434 tuus,
1310 2363 1344 2422 et
1363 2359 1543 2424 crucifixus
1567 2362 1663 2424 extra
1689 2360 1860 2425 civitatem
1888 2380 2009 2440 passus

1208 2458 1259 2519 est
1276 2472 1337 2536 pro
1354 2456 1466 2534 nobis;
1486 2459 1574 2520 unde
1594 2459 1772 2536 Apostolus
1788 2459 1862 2539 (7):
1883 2465 2008 2524 Enea-

1207 2569 1286 2616 mns
1298 2557 1404 2618 rotro
1416 2554 1664 2636 civitatense),
1680 2557 1775 2635 quasi
1788 2558 1882 2620 dicat
1895 2575 1904 2619 :
1919 2560 2011 2622 Sicut

1208 2653 1304 2714 extra
1327 2653 1496 2716 civitatem
1523 2669 1641 2730 passus
1664 2657 1714 2717 est
1734 2671 1795 2733 pro
1822 2655 1938 2729 nohis,
1968 2659 2012 2720 ita

1208 2765 1268 2827 pro
1280 2764 1320 2810 eo
1335 2750 1563 2830 relinquamus
1579 2754 1693 2814 mundi
1706 2753 1856 2828 divitiae,
1873 2771 2010 2817 exeun·
2066 2791 2067 2830 ι

1207 2848 1257 2910 ιθε
1281 2845 1316 2907 ln
1338 2847 1494 2921 montem,
1515 2848 1603 2912 idest
1620 2851 1656 2911 in
1676 2850 1897 2913 eminentiam
1920 2855 2009 2915 sitm.

1209 2945 1248 3006 st
1261 2947 1397 3021 propter
1413 2945 1478 3007 hoc
1497 2945 1582 3024 quod
1599 2947 1690 3019 dicit,
1708 2951 1894 3022 coioonoe,
1914 2951 2012 3013 docet
2066 3019 2067 3024 ἵ

1208 3057 1270 3103 nos
1294 3041 1381 3120 quod
1406 3043 1510 3104 simus
1534 3043 1633 3116 calvi,
1656 3044 1710 3106 vel
1731 3045 1796 3106 filii
1819 3046 2011 3109 calvorum.

1209 3139 1407 3217 Praecipitur
1421 3141 1511 3202 enim
1534 3142 1568 3202 in
1584 3143 1741 3204 Numeris
1756 3140 1800 3222 (8,
1816 3143 1865 3222 7),
1883 3149 1925 3208 ut
1944 3148 2011 3208 Le-

1207 3235 1285 3298 vitae
1308 3235 1429 3298 radant
1451 3237 1538 3314 pilos
1562 3239 1673 3300 carnis
1697 3255 1766 3302 suae
1788 3263 1796 3302 :
1822 3242 1864 3304 Et
1885 3243 1925 3303 iu
1949 3243 2011 3306 hoc

648 2323 789 2388 SERMO
810 2325 862 2386 LI.

358 2473 484 2544 Qualiter
504 2474 580 2530 licus
594 2479 692 2530 noster
710 2487 760 2530 rex
777 2479 832 2542 esi,
847 2479 876 2530 et
894 2471 969 2544 dux3
988 2480 1019 2530 et
1033 2473 1154 2545 qualiter

395 2577 447 2620 nos
461 2562 557 2634 laetat,
580 2567 609 2619 θι
628 2559 664 2618 ad
684 2575 733 2618 cor
754 2576 805 2634 per
819 2562 1091 2635 mntemplstionom
1109 2562 1152 2620 lo·

393 2649 499 2724 quitur.

360 2793 513 2870 Propior
523 2807 649 2854 iconion
662 2793 759 2853 tunm
772 2793 916 2855 deduces
929 2807 996 2866 nie,
1013 2797 1153 2856 ociciaco

398 2893 566 3070 {Zigiailegig
577 2887 707 3067 (gotio
720 2888 836 2952 littero
849 2907 860 2950 .·
872 2891 906 2952 et
918 2891 1074 2954 enutries
1085 2905 1151 2954 nic.

301 3161 305 3172 ’
398 3145 436 3204 ln
456 3140 509 3202 his
523 3139 635 3202 verbis
654 3153 785 3215 semper
801 3139 875 3200 orat
889 3139 1049 3212 Ecclesia,
1072 3156 1151 3217 spe-

358 3255 440 3302 rans
464 3253 501 3300 se
526 3236 716 3298 habituram
739 3237 914 3298 Dominum
938 3237 1067 3299 ducem.
1094 3239 1152 3300 Si-

358 3333 586 3398 milehabetur
595 3335 680 3394 Osee
690 3331 735 3411 (2,
747 3331 939 3411 14):ciicce
950 3349 1012 3411 ego
1022 3334 1153 3398 lactabo

357 3449 444 3506 eam,
459 3433 493 3494 et
504 3432 623 3492 ducam
638 3431 673 3491 in
686 3430 910 3509 solitudinem,
932 3433 965 3493 et
979 3433 1099 3510 loquar
1111 3433 1151 3494 ad

358 3547 417 3594 cor
428 3533 512 3607 ejus.
528 3545 547 3590 θ
561 3527 653 3602 Quod
675 3527 721 3589 ibi
736 3527 816 3589 dicit
835 3528 1037 3591 Psalmisia:
1056 3534 1154 3592 Επα-

357 3631 444 3692 tries
460 3643 527 3701 me,
552 3626 608 3688 hic
632 3624 825 3702 Propheta:
846 3624 991 3688 Laciabo
1006 3642 1091 3690 eam.
1114 3631 1153 3692 Et

358 3727 435 3805 quia
450 3739 571 3788 nomen
584 3722 716 3786 Domini
728 3723 780 3784 est
794 3723 1003 3798 admirabile,
1020 3725 1061 3786 ad
1077 3741 1152 3788 eum

357 3825 515 3902 tanquam
526 3823 567 3885 ad
580 3837 651 3882 rem
662 3818 894 3882 admirabilem
905 3823 1042 3898 excitat,
1054 3826 1087 3886 et
1099 3839 1154 3886 vo·

358 3926 484 3986 cathos
496 3919 663 3997 Propheta
674 3919 788 3980 dicens
801 3940 808 3980 :
820 3936 840 3978 c
850 3921 934 3981 Ecce
947 3933 1008 3996 ego
1021 3921 1152 3984 lactabo

357 4036 443 4083 eam.
456 4019 560 4080 »Non
573 4017 624 4080 est
636 4017 769 4089 mirum,
784 4016 842 4078 sed
853 4017 1019 4090 naturale,
1036 4019 1072 4080 ut
1086 4035 1154 4082 ma·

356 4119 409 4180 ter
422 4115 522 4178 lactet
535 4113 721 4192 parvulum.
738 4113 802 4176 Sed
818 4114 905 4191 quod
925 4115 1021 4191 pater
1039 4115 1151 4192 lactet,

1207 3333 1303 3395 nobis
1317 3334 1521 3412 praecipitur,
1539 3337 1576 3397 ut
1596 3336 1755 3415 quidquid
1775 3339 1827 3400 θει
1848 3340 1886 3400 in
1912 3341 2010 3403 nobis

1207 3431 1385 3504 mortuum,
1401 3431 1571 3504 radamus,
1587 3434 1738 3496 Christus
1753 3435 1925 3512 siquidem
1941 3439 2012 3499 cal·

1207 3545 1269 3590 vus
1286 3529 1357 3601 luit,
1374 3531 1432 3607 qui
1447 3546 1509 3592 nec
1523 3529 1670 3594 radicem
1692 3533 1849 3608 pilorum,
1868 3550 1935 3598 nec
1949 3553 2009 3598 ca-
2067 3531 2068 3546 ¹

1207 3625 1306 3703 pillos
1321 3625 1447 3699 hahuit,
1464 3627 1552 3690 idest
1570 3640 1631 3692 nec
1653 3630 1800 3707 peccata,
1818 3647 1883 3694 nec
1904 3632 2008 3696 iomi-

1206 3724 1273 3785 tem
1288 3725 1427 3801 peccati.
1443 3724 1506 3787 Sed
1521 3725 1583 3788 boc
1595 3741 1669 3788 esse
1682 3728 1879 3804 nequimus;
1896 3731 2010 3793 tamen

1208 3821 1304 3898 pilos,
1320 3821 1408 3883 idest
1421 3822 1531 3884 motus
1551 3823 1704 3886 carnales
1718 3827 1940 3902 reprimendo
1954 3847 2009 3891 ra-

1206 3917 1336 3991 damus,
1352 3921 1385 3982 θι
1399 3919 1445 3981 iia
1461 3920 1565 3981 simus
1581 3920 1643 3982 tilii
1658 3921 1757 3997 calvi,
1777 3923 1867 3986 idest
1887 3927 2005 3988 imita-

1207 4017 1297 4078 tores
1311 4017 1446 4078 Christi.
1462 4018 1613 4080 Mortuus
1627 4017 1729 4081 etiam
1741 4020 1806 4082 hoc
1821 4022 1924 4084 nobis
1937 4040 2007 4101 pro-

1206 4113 1345 4190 pinauit,
1372 4115 1408 4176 ut
1424 4113 1547 4176 mundo
1568 4115 1778 4178 moriamur:
1803 4119 2005 4192 Crucifixus,

357 4215 479 4274 mirum
488 4213 548 4284 est,
561 4211 594 4274 et
603 4209 818 4286 admirabile;
833 4210 867 4272 et
876 4210 951 4274 ideo
962 4211 1043 4274 dicit
1052 4214 1150 4276 Osee:
1207 4211 1244 4272 ut
1256 4225 1318 4272 nos
1333 4211 1569 4288 crucifigamur
1582 4213 1687 4285 uitiis,
1703 4215 1737 4276 θι
1758 4217 2006 4294 concupiscen-

357 4313 456 4374 Eooe.
469 4308 552 4380 Quia
562 4322 642 4369 vero
653 4322 720 4368 non
731 4322 864 4370 eramus
875 4307 967 4384 digni
978 4309 1152 4372 comedere
1206 4307 1274 4380 tiis,
1289 4311 1326 4370 ut
1339 4307 1451 4371 dicere
1467 4309 1632 4387 possimus
1648 4311 1735 4373 sicut
1749 4312 1880 4374 Paulus
1894 4336 1904 4374 x
1920 4318 2006 4378 iiiiii

356 4405 500 4470 solidum
515 4402 625 4465 cibum
641 4404 855 4480 Angelorum,
877 4421 937 4484 per
956 4406 1151 4470 misericor·
1206 4407 1356 4468 mulidus
1373 4407 1565 4480 cremantis
1582 4407 1646 4482 est,
1668 4409 1703 4470 et
1721 4423 1783 4484 epo
1797 4415 1932 4475 incendo
1947 4412 2005 4492 (9).

357 4505 446 4567 diam
470 4501 652 4578 assumpsit
678 4501 784 4564 Filius
819 4504 880 4564 Dei
915 4518 1062 4572 carnem.
1092 4521 1153 4583 per
1206 4503 1357 4566 Mortuus
1371 4505 1421 4566 θει
1433 4503 1526 4576 mihi,
1543 4504 1577 4566 et
1589 4519 1650 4580 ego
1663 4505 1706 4568 ei.
1720 4507 1826 4569 Vivus
1839 4507 2006 4586 siquidem

357 4615 455 4681 quam
479 4598 631 4664 eumdem
653 4597 762 4660 cibum
783 4599 968 4678 trajiciens,
984 4601 1080 4664 nobis
1099 4603 1152 4665 lac
1207 4599 1498 4674 abominationem,
1539 4603 1573 4664 et
1614 4602 1787 4666 horrorem
1828 4605 1935 4670 babet
1978 4609 2007 4668 si

356 4715 426 4761 sure
447 4695 648 4773 cognitionis
667 4695 867 4773 propinavit.
894 4699 940 4758 De
962 4697 1026 4758 isto
1050 4697 1151 4760 ubere
1206 4700 1337 4776 quando
1351 4699 1468 4776 tangat
1482 4699 1664 4776 mortuum;
1685 4701 1718 4762 et
1732 4701 1779 4762 ita
1793 4703 2007 4768 saeculariter

356 4797 462 4860 isaias
477 4795 618 4872 loquens
636 4791 677 4855 de
690 4792 877 4856 ierusalem
893 4792 958 4872 (66,
975 4795 1014 4856 10
1028 4795 1061 4858 et
1076 4794 1149 4877 iil:
1206 4795 1322 4858 visens
1338 4795 1448 4869 homo,
1464 4796 1521 4874 qui
1543 4799 1676 4859 nonest
1698 4798 1850 4860 mortuus
1867 4803 2004 4874 mundo,

355 4909 375 4955 c
390 4891 538 4955 Gaudete
552 4891 587 4951 in
604 4888 652 4970 (3)
667 4905 707 4952 ea
723 4889 885 4966 universi,
899 4891 955 4968 qui
968 4891 1101 4968 lugetis,
1116 4895 1152 4956 ut
1206 4909 1267 4954 nec
1282 4893 1463 4956 crucitixus
1482 4894 1585 4968 vitiis,
1608 4893 1708 4956 babet
1732 4893 1911 4959 horrorem
1933 4915 2007 4961 cum

356 4991 495 5068 sugatis,
511 4988 545 5051 et
560 4987 758 5066 repleamini
778 4987 821 5049 ab
836 4985 937 5050 ubere
957 4985 1005 5068 (4)
1026 4992 1115 5068 ejus3
1132 5009 1152 5053 a
1205 4989 1512 5068 videtreligiosum.
1526 4991 1619 5054 Unde
1630 4991 1859 5055 Ecclesiastici
1872 4995 1918 5076 (1,
1931 4997 2006 5078 32):

356 5086 442 5150 idest
456 5085 498 5150 ab
518 5083 722 5147 abundantia
744 5085 919 5162 sanguinis
938 5085 1116 5150 defluentis
1131 5105 1150 5150 a
1205 5088 1410 5150 ‹Execraiio
1425 5088 1604 5165 peccatori,
1616 5089 1748 5150 cultura
1759 5090 1833 5151 liei.
1848 5095 2006 5156 »Eodem

393 5227 434 5296 (l)
451 5226 532 5282 Rom.
546 5223 589 5294 li,
607 5223 650 5282 ll.
1241 5227 1281 5301 (e)
1301 5229 1363 5286 Alia
1379 5229 1471 5286 littera
1491 5227 1586 5298 babet,
1610 5237 1664 5286 etc.
1687 5229 1788 5289 versio
1809 5245 1908 5304 greca
1932 5237 2007 5292 ml

392 5297 431 5370 (i)
451 5293 535 5368 Apud
550 5297 577 5353 S.
599 5296 676 5354 llier.
700 5296 889 5378 concentor.
906 5295 936 5352 in
951 5294 1027 5356 hunc
1040 5297 1107 5370 loc,
1123 5307 1151 5357 et
1204 5298 1293 5372 legit:
1310 5300 1383 5356 Pulli
1397 5300 1460 5373 ejus
1474 5307 1705 5389 consperguntur
1719 5301 1920 5376 insanguine.

357 5369 385 5425 ι·
399 5365 928 5580 titiensiu·
1241 5371 1283 5581 ll
1302 5369 1528 5570 ilint-

391 5581 432 5652 (5)
453 5548 541 5650 iulg]
552 5549 609 5635 ido
623 5577 711 5649 longo
726 5549 911 5650 prospiciunt.
1357 5554 1376 5581 ’³
1411 5555 1418 5581 '
1474 5553 1479 5567 ⁸
