4114 6396
101 297 184 362 1029

98 457 191 518 enlm
206 455 286 520 mall
299 456 458 520 inchoent
470 458 671 534 germinare,
688 457 850 523 fluctuant
860 458 895 520 in

99 554 296 626 tentatione,
322 557 355 617 et
378 555 487 619 subito
513 557 669 618 arescunt
688 557 730 618 ad
754 556 895 633 primum

100 650 344 726 persecutionis
354 655 482 714 astum.
495 654 619 718 itcmin
630 653 821 717 Proverbiis
830 652 893 730 (10,

98 746 134 826 7)
152 764 189 808 :c
204 749 366 810 Memoria
382 750 466 826 justi
490 766 565 811 cum
589 750 743 812 laudibus
760 772 768 811 r
785 753 818 814 et
830 766 894 813 no-

100 861 176 906 men
189 846 367 922 impiorum
384 849 590 923 putrescet».

140 942 236 1002 Sicut
271 944 394 1003 cedros
437 946 558 1004 Liboni
596 943 892 1018 mediipttcabtlor.

95 1038 224 1099 cedrus
239 1038 339 1100 altior
353 1040 404 1100 θεῖ
417 1039 495 1100 aliis
511 1039 697 1112 arboribus,
715 1042 748 1102 et
758 1039 896 1100 immar-

95 1134 282 1210 cescibilis3
305 1151 379 1212 quae
399 1139 522 1213 quanto
544 1135 685 1197 interius
710 1135 892 1209 radicatur,

98 1233 192 1294 tanto
204 1231 305 1293 altius
318 1231 495 1294 exaltatur.
513 1233 568 1294 Sic
591 1233 644 1295 vir
660 1235 791 1310 justus3
809 1233 895 1294 unde

95 1327 236 1408 Job(29,
251 1329 302 1408 19)
316 1351 324 1389 :
339 1346 357 1390 c
373 1331 483 1392 Radix
493 1345 567 1391 mea
585 1333 703 1408 aperta
724 1332 775 1393 est
797 1347 894 1392 secus

97 1439 218 1501 aquas,
234 1425 267 1488 et
281 1440 335 1488 ros
351 1425 534 1490 morabitur
553 1426 589 1490 in
608 1427 776 1488 messione
788 1441 894 1490 mea.»

100 1525 166 1584 Per
180 1537 288 1596 oqctos
309 1522 461 1594 fluentes,
483 1539 556 1601 quae
569 1524 725 1588 deorsum
742 1528 831 1596 sunt,
853 1524 896 1584 si·

97 1619 222 1694 guntur
243 1620 364 1696 graba,
388 1636 462 1697 quae
484 1621 521 1682 in
540 1621 698 1697 prasenti
717 1622 894 1698 virojusto

95 1715 270 1779 confertur
283 1716 319 1779 in
332 1716 525 1784 nocexilio.
548 1721 613 1784 Per
634 1718 780 1782 radicem
792 1734 894 1795 aper-

99 1816 168 1875 tam
190 1812 344 1888 signatur
367 1830 461 1878 mens
481 1819 607 1882 nostra.
625 1831 698 1892 quae
711 1815 894 1882 debetesse

97 1912 214 1988 aperta
229 1909 271 1974 ad
293 1901 520 1988 recipiendam
543 1912 696 1988 gratiam,
721 1927 894 1990 quousque

96 2008 212 2069 veniat
236 2007 359 2072 messio
383 2009 517 2074 aterum
539 2009 768 2072 retributionis
782 2032 791 2086 t
807 2008 893 2086 quod

98 2104 128 2165 si
142 2103 382 2182 ineritaperta,
404 2121 461 2166 ros
482 2106 604 2171 divina
624 2107 741 2182 metim
752 2105 896 2184 desuper

99 2201 267 2266 sententis
280 2202 464 2266 morabitur
478 2203 513 2267 in
529 2204 697 2270 messione
720 2224 730 2264 ε
749 2220 818 2267 non
831 2204 896 2266 erit

98 2299 325 2372 transitorius,
341 2303 377 2362 nt
392 2301 478 2364 solet
491 2301 663 2364 emccirca
673 2302 894 2378 tempusmes·

96 2397 197 2468 sium‚
217 2396 275 2458 sed
298 2397 492 2471 morabitur,
507 2413 582 2460 cum
604 2401 743 2464 matura
765 2401 894 2474 segetes

95 2495 297 2569 animarum,
319 2495 353 2560 et
376 2511 552 2572 corporum
572 2499 697 2562 eterra
711 2495 833 2560 decisae
847 2495 888 2556 ad

98 2591 250 2654 coelestia
265 2592 386 2654 horrea
399 2592 641 2669 demigrabunt.
652 2594 746 2656 Unde
761 2594 895 2671 Sapien-

101 2688 157 2750 tiae
171 2686 215 2766 (3,
233 2689 316 2750 15et
328 2687 380 2768 16)
398 2711 405 2749 :
422 2693 622 2755 «Bonorum
642 2691 730 2754 enim
742 2691 894 2754 laborum

97 2784 267 2860 gloriosus
293 2786 344 2848 est
370 2785 510 2860 fructus,
538 2789 572 2848 ct
592 2787 891 2864 radixsapientiae,

96 2898 172 2959 quae
187 2897 253 2943 non
273 2882 397 2946 decidit
421 2881 480 2962 (1).
495 2885 572 2946 Filii
593 2886 705 2946 autem
719 2885 892 2946 adultero-

98 2995 172 3042 rum
195 2979 230 3042 in
246 2981 533 3044 consummatione
549 2984 658 3054 crunt,
675 2985 708 3044 et
721 2981 763 3044 ab
778 2982 893 3060 iniquo

97 3076 196 3138 thoro
218 3091 330 3138 semen
341 3078 643 3142 exterminabitur.
655 3079 762 3142 »Elin
777 3079 892 3142 eodem

100 3172 187 3236 inira
208 3170 289 3250 (4,3
311 3176 345 3236 et
370 3173 403 3252 4)
426 3175 669 3251 :eMultigena
692 3177 802 3246 autem
826 3177 893 3240 im-

95 3271 227 3346 piorum
242 3270 419 3333 multitudo
435 3288 501 3332 non
516 3273 580 3336 crit
594 3273 699 3346 utilis,
716 3274 750 3336 ei
763 3273 894 3336 adulte·

97 3368 182 3430 rinae
202 3367 436 3443 plantationes,
468 3369 522 3430 voi
554 3371 668 3446 spuria
696 3371 892 3434 vitulamina

97 3479 163 3527 non
179 3463 304 3528 dabunt
318 3466 448 3528 radices
464 3466 561 3538 altas,
578 3481 641 3530 uec
650 3465 769 3528 stabile
781 3467 895 3532 iinme-

97 3562 244 3622 mcntum
262 3561 483 3624 collocabunt.
500 3564 539 3625 at
551 3563 580 3622 si
595 3563 630 3623 in
645 3563 748 3624 ramis
763 3564 891 3638 germi-

96 3657 262 3730 naverint,
293 3658 471 3722 infirmiter
504 3659 610 3736 posita
629 3675 650 3720 a
671 3660 770 3723 vento
797 3674 891 3725 com-

96 3754 328 3824 movebuntur,
345 3756 380 3819 et
402 3772 422 3816 a
437 3756 608 3818 nimietate
622 3757 797 3818 ventorum
816 3771 894 3817 era·

94 3851 296 3915 dicabuntur
309 3869 339 3914 ε.
364 3855 559 3915 Peccatores
583 3853 643 3914 lilii
666 3852 892 3914 adulterorum

93 3948 263 4021 dicuntur,
305 3949 362 4026 qui
399 3950 448 4013 tot
486 3949 609 4012 babent
645 3952 775 4026 patres,
813 3953 893 4028 quot

95 4044 219 4108 babent
234 4050 371 4123 peccata
385 4046 553 4118 mortalia,
574 4049 607 4110 et
620 4046 768 4124 quolibet
780 4048 891 4110 tenta-

95 4142 197 4204 tionis
213 4143 388 4208 diabolicae
411 4146 511 4208 vento
525 4147 712 4218 moventur,
729 4145 762 4206 et
774 4143 890 4208 eradi·

93 4240 226 4334 cantur:
253 4242 316 4304 Sed
340 4242 536 4320 viriosius,
566 4245 602 4306 ut
629 4241 748 4304 cedrus
772 4241 891 4304 Libani

96 4335 349 4410 multiplicatur,
375 4355 447 4415 qum
463 4342 513 4402 esi
535 4339 761 4417 imputribilis,
781 4342 815 4400 et
830 4354 891 4402 suo

94 4429 200 4492 odore
221 4430 313 4508 sugat
335 4438 507 4510 serpentes
523 4457 531 4496 ε
547 4437 595 4499 sic
606 4439 718 4513 justus
733 4437 807 4500 siue
826 4453 890 4512 pu·

94 4526 228 4590 iredine
253 4528 423 4602 vitiorum,
450 4531 552 4594 verbo
583 4533 843 4609 predicationis,
858 4533 891 4596 θῖ

94 4625 250 4702 exemplo
270 4624 366 4687 bonae
382 4628 596 4703 operationis,
613 4633 646 4692 et
657 4630 889 4693 conversatio-

95 4721 150 4784 nis
178 4721 271 4798 iuqat
293 4722 481 4799 daemonem
505 4723 592 4786 unde
618 4725 888 4806 isaiae(1i,18):

93 4818 355 4884 ‹Delectabitur
377 4819 487 4884 iulans
508 4821 550 4882 ab
569 4821 672 4884 ubere
686 4837 787 4900 super
801 4822 891 4884 iura·

94 4916 186 4980 mine
213 4918 341 4995 aspidis
368 4920 493 4983 :etin
519 4935 664 4982 caverna
688 4919 807 4996 reguli,
834 4919 890 4998 qui

95 5013 282 5078 ablactatus
293 5016 405 5088 luerit,
419 5017 527 5080 mittet
535 5032 667 5078 manum
679 5032 791 5092 suam;
805 5016 891 5079 idest

94 5110 164 5182 ille,
181 5112 238 5189 qui
262 5115 437 5189 separatus
461 5117 512 5176 θεῖ
530 5114 572 5175 ab
586 5114 744 5176 uberibus
762 5113 888 5184 mundi,

94 5207 226 5270 scilicet
241 5209 282 5270 ab
293 5225 417 5282 amore,
433 5211 596 5273 ettimorc
611 5214 694 5288 ejus,
711 5212 812 5288 ponet
825 5225 891 5272 ma·

95 5319 188 5372 num,
212 5305 300 5369 idest
322 5307 592 5386 pradicationem
619 5323 720 5386 super
740 5307 889 5374 toramen

95 5400 236 5476 aspidis,
265 5401 354 5466 idest
381 5421 482 5481 super
502 5405 603 5470 corda
628 5405 803 5477 malorum,
832 5406 889 5482 qui

95 5498 174 5560 suni
184 5513 328 5560 caverna
348 5502 467 5576 reguli,
484 5503 569 5566 idest
583 5502 718 5564 diaboli.
731 5504 770 5564 Et
784 5503 819 5562 in
832 5515 890 5562 θο-

133 5609 175 5678 (1)
188 5610 272 5684 Vuig.
290 5625 297 5669 :
314 5613 453 5672 concidat.

480 299 589 368 Palis
617 299 763 364 PRIMA.
778 329 818 346 ·-
836 300 1056 367 expositio
1085 299 1129 362 ili
1158 300 1361 371 Psanites.

1666 301 1745 368 ideo

950 457 1025 523 dem
1038 455 1084 536 (v.
1097 456 1133 538 9)
1149 479 1157 518 :
1173 473 1193 520 c
1207 459 1282 522 Non
1306 457 1484 530 nocebunt,
1500 459 1533 522 et
1558 473 1625 522 non
1653 460 1745 524 occi·

950 555 1070 630 dent»,
1083 555 1212 623 scilicet
1230 557 1413 633 serpentes,
1430 556 1483 620 vel
1498 556 1742 624 daemomonia

950 653 1108 714 universo
1129 655 1242 722 monto
1266 655 1382 722 sancto
1405 654 1592 730 mecrquia
1616 654 1743 731 repleta

949 750 1000 814 est
1011 751 1102 816 terra
1116 751 1257 820 scientio
1277 750 1626 828 coniuncturaque
1639 751 1743 816 maris

949 847 1193 923 operientes»,
1219 848 1305 910 idest
1324 848 1591 925 compunctionis
1617 864 1742 926 prove·

949 944 1074 1009 olenus
1087 959 1130 1009 ex
1142 945 1365 1012 amaritudine
1382 945 1503 1016 cordis.
1529 946 1638 1021 ipsum
1657 961 1742 1012 ocn-

949 1039 1127 1111 servantis‚
1143 1055 1186 1104 ne
1198 1039 1469 1107 indescaturiant
1480 1055 1612 1108 vermes
1626 1041 1743 1107 eletio·

949 1135 1015 1208 uia,
1027 1138 1067 1200 iit
1080 1136 1164 1199 bono
1179 1136 1260 1204 dicit
1276 1158 1283 1196 ι
1301 1137 1506 1212 aspreta-est
1527 1139 1617 1206 terra
1633 1138 1745 1206 scien-

948 1232 995 1294 tia
1010 1233 1142 1300 Domini
1154 1236 1219 1302 etc,
1234 1237 1272 1296 In
1288 1233 1391 1299 multa
1404 1235 1570 1310 sapientia
1581 1234 1743 1304 multasti

949 1329 1136 1406 indignatio
1154 1329 1258 1410 (rioci.
1272 1332 1302 1402 1,
1321 1328 1394 1409 18),
1413 1334 1447 1393 et
1468 1331 1555 1394 dono
1569 1332 1743 1408 sapientia

948 1425 1081 1492 additur
1105 1427 1165 1490 illa
1192 1427 1361 1493 beatitudo
1388 1448 1397 1488 ε
1422 1429 1523 1496 Beati
1542 1431 1600 1502 aot
1626 1429 1744 1503 taceat

949 1521 1057 1602 (Mati.
1073 1525 1104 1597 5,
1120 1523 1154 1602 ti)
1171 1567 1179 1586 .
1197 1527 1262 1586 Per
1276 1539 1381 1601 aquas
1399 1525 1514 1596 maris,
1531 1539 1604 1601 quan
1619 1538 1743 1591 amare

949 1621 1037 1692 sunt,
1062 1620 1327 1696 compunctionis
1363 1620 1520 1698 lacrvmae
1558 1620 1742 1696 designari·-

948 1719 1013 1788 tur‚
1027 1733 1104 1793 quaa
1117 1732 1192 1778 cum
1215 1720 1358 1783 mentem
1378 1718 1594 1794 repleverint,
1611 1733 1744 1780 omnem

948 1814 1107 1877 amovent
1118 1813 1275 1877 vitiorum
1287 1814 1512 1890 putredinem,
1528 1815 1561 1874 ei
1580 1830 1743 1884 venenum

948 1909 1150 1986 serpentina
1161 1910 1320 1986 nequitiae
1331 1909 1448 1987 procul
1459 1909 1597 1987 pellunt.

1179 2187 1319 2248 saeuo
1342 2185 1509 2249 onxxvr.
1554 2183 1557 2188 ·
1649 2269 1656 2279 Ι

983 2327 1025 2381 lic
1037 2323 1216 2397 depositione
1226 2325 1348 2381 vestium
1364 2321 1467 2383 Christi
1480 2324 1510 2381 in
1523 2325 1617 2393 omna,
1631 2331 1660 2388 ct
1673 2321 1709 2382 de

1178 2411 1324 2472 ablutione
1344 2412 1513 2484 peccatoris.

948 2548 1307 2624 nomiomacensis,
1328 2549 1485 2608 decorem
1507 2547 1648 2610 indictos
1669 2549 1744 2608 est:

988 2645 1129 2706 tardatus
1160 2644 1215 2706 est
1241 2647 1399 2706 dominos
1424 2645 1683 2718 fortitudinem,
1711 2645 1745 2705 ei

984 2741 1414 2816 praerectissimam
1442 2741 1599 2812 sirntoolt
1626 2744 1743 2802 orbem

987 2835 1616 2917 terroe,quirconcommocebltor.(Ps.
1635 2839 1686 2906 92,
1698 2835 1743 2917 i.)

988 2979 1149 3044 Dominus
1184 2980 1298 3046 noster
1319 2981 1398 3043 tunc
1430 2983 1590 3044 decorem
1621 2979 1742 3054 induit,

948 3077 1079 3154 quando
1100 3077 1227 3153 lepram
1249 3078 1371 3140 nesure
1393 3077 1517 3149 caruis,
1540 3076 1627 3144 idest
1648 3091 1743 3140 mor·

947 3174 1111 3239 talliatam
1133 3175 1338 3250 assumptam
1362 3173 1543 3245 decoravit,
1559 3175 1593 3237 at
1620 3173 1655 3236 in
1669 3173 1743 3249 qlo-

946 3272 1032 3334 riam
1073 3271 1335 3337 immortalitatis
1376 3271 1557 3336 convertit.
1597 3273 1643 3332 lie
1677 3286 1743 3348 qua

947 3368 1039 3446 lepra
1059 3369 1141 3432 dicit
1153 3369 1258 3432 isaias
1283 3367 1348 3448 (53,
1362 3372 1381 3430 l
1395 3369 1429 3430 et
1442 3367 1476 3446 5)
1505 3384 1512 3428 :
1530 3369 1631 3430 «Nos
1644 3371 1744 3445 puta-

947 3467 1056 3530 vimus
1069 3483 1145 3528 eum
1159 3467 1256 3544 quasi
1271 3466 1452 3542 leprosum,
1470 3467 1505 3527 ct
1515 3481 1739 3541 percussuma

947 3565 1026 3634 Deo,
1040 3563 1074 3624 et
1088 3562 1310 3626 humiliatum.
1332 3564 1407 3637 lpse
1422 3562 1533 3626 autam
1546 3562 1742 3628 vulneratus

947 3660 999 3721 est
1025 3660 1161 3734 propter
1184 3658 1379 3734 iniquitates
1406 3659 1615 3728 nostras,etc
1636 3674 1666 3718 ε.
1695 3661 1742 3721 Da

947 3755 1067 3818 decore
1078 3769 1159 3816 vero
1173 3754 1342 3829 assumpto
1358 3755 1432 3830 post
1444 3752 1536 3815 iilam
1548 3754 1676 3830 lepram
1688 3754 1744 3814 in-

946 3851 1166 3920 troducuntur
1187 3851 1222 3911 in
1247 3849 1362 3916 eodem
1382 3847 1741 3928 isaia(os,1).anpeli

946 3948 1163 4020 admirantes,
1194 3947 1229 4010 et
1254 3945 1403 4008 dicentes
1431 3944 1466 4009 in
1498 3947 1704 4011 escensione
1732 3964 1739 4008 :

946 4044 1059 4118 «Quis
1080 4047 1131 4106 est
1148 4044 1222 4115 iste,
1245 4043 1303 4122 qui
1324 4043 1417 4108 venit
1438 4043 1478 4105 de
1499 4042 1613 4116 Edem,
1627 4044 1741 4106 tinctis

946 4142 1095 4206 vestibus
1118 4141 1159 4203 de
1184 4142 1307 4204 Bosrai
1329 4142 1395 4204 Iste
1410 4138 1575 4208 formosus
1599 4141 1634 4202 in
1654 4142 1741 4206 stola

946 4255 1018 4312 sua,
1034 4239 1190 4316 gradiens
1202 4238 1238 4300 in
1253 4237 1465 4304 multitudiue
1478 4237 1611 4301 virtutis
1624 4255 1695 4302 suae
1708 4257 1739 4300 θ.

984 4341 1152 4402 Dacorem
1179 4336 1321 4404 teucrus
1345 4336 1417 4408 est,·
1433 4334 1521 4397 unde
1550 4334 1584 4400 in
1611 4339 1742 4400 Joannc

945 4433 1010 4514 (13,
1032 4433 1066 4512 4)
1092 4454 1101 4493 =
1130 4433 1251 4509 sorori
1276 4449 1299 4496 c
1321 4434 1485 4506 coenosi
1507 4434 1606 4506 potiti
1633 4435 1740 4496 certi-

944 4533 1062 4598 mcnta
1084 4547 1160 4604 scio,
1180 4530 1309 4594 scilicet
1334 4530 1484 4605 signans,
1501 4529 1587 4605 quod
1610 4529 1652 4590 de
1672 4545 1741 4590 cm-

945 4628 1085 4692 lestibus
1096 4627 1279 4698 descendit,
1289 4626 1368 4703 quia
1379 4627 1526 4702 seipsum
1539 4625 1739 4696 exinanivit,

945 4728 978 4786 et
992 4724 1131 4788 formam
1151 4724 1240 4788 servi
1264 4721 1384 4786 induit
1400 4724 1538 4784 ilicum
1553 4725 1739 4797 accepisset

944 4823 1099 4894 tintcum,
1127 4820 1317 4897 maenas
1348 4833 1385 4884 sc
1416 4819 1531 4883 linteo.
1562 4822 1601 4881 ln
1623 4819 1738 4892 linteo,

944 4919 1057 4980 carnis
1078 4916 1242 4980 munditia
1261 4915 1302 4982 ab
1317 4917 1409 4978 omni
1432 4913 1508 4980 labe
1533 4915 1661 4992 peccati
1682 4917 1742 4978 de-

944 5017 1159 5079 monstratur.
1195 5015 1237 5076 ut
1273 5012 1413 5076 servivit
1444 5011 1584 5084 bomini,
1621 5016 1658 5074 nt
1691 5014 1741 5076 sic

944 5111 1167 5174 contundatur
1193 5111 1303 5182 borno,
1320 5111 1353 5172 et
1377 5109 1506 5170 nesciat
1533 5109 1611 5187 quid
1640 5110 1739 5172 dicat.

944 5210 1093 5270 Primum
1119 5208 1320 5284 praeceptum
1342 5206 1433 5268 dedit
1447 5205 1576 5267 homini
1591 5209 1689 5280 Deus,
1709 5211 1742 5271 et

944 5306 1042 5369 bomo
1068 5305 1176 5367 noluit
1201 5303 1232 5365 ei
1252 5303 1407 5376 obedire;
1437 5303 1471 5364 et
1496 5302 1570 5365 ideo
1598 5303 1739 5368 sormam

943 5403 1033 5466 servi
1045 5401 1215 5478 accipiens
1225 5403 1326 5467 nous,
1339 5401 1479 5462 servivit
1489 5401 1626 5462 bomini.
1646 5401 1741 5462 Unde

944 5498 1120 5580 Isaiaettil,
1135 5497 1169 5576 7)
1192 5521 1199 5558 :
1223 5515 1241 5559 c
1263 5500 1343 5559 Hac
1368 5498 1449 5560 dicit
1472 5499 1631 5560 Dominus
1652 5499 1740 5562 Deus
