4152 6388
229 329 330 418 ,aar

310 489 517 555 Saurideavit
539 486 588 570 (i)
600 487 705 549 lilium
712 496 809 548 suum
822 473 960 550 dextere
975 487 1060 565 ejus,

270 593 303 654 et
313 581 486 652 braohinrn
500 589 649 648 sanetum
665 588 747 663 ejus.

309 689 431 750 Notum
445 681 493 764 (2)
508 680 587 745 lecit
601 681 759 744 Dominus
782 681 928 744 salutare
941 692 1060 744 suum:

270 787 306 846 in
328 781 508 860 conspeetu
533 780 682 858 gentium
710 777 873 842 revelavit
896 776 1061 856 justitiam

271 897 376 944 suam.

275 985 278 991 “
307 977 347 1039 In
363 977 487 1038 iliadis
506 973 676 1062 mandavit
690 973 849 1035 Dominus
871 973 1063 1034 misericor-

270 1075 359 1138 diam
374 1085 479 1147 suam,
496 1075 530 1135 et
553 1073 649 1134 nocte
669 1069 835 1133 senticum
851 1072 935 1148 ejus.
956 1069 1060 1150 (Psal.

269 1171 378 1251 me.)

310 1273 388 1330 Haee
401 1268 528 1330 estdies
539 1281 637 1344 quam
652 1264 730 1326 iecit
743 1263 901 1325 Dominus
913 1285 921 1324 ι
932 1256 1063 1324 exulte-

269 1374 354 1439 mus,
371 1369 404 1428 et
418 1363 614 1427 letemur-in
627 1379 678 1424 ea.
695 1360 800 1442 (Paul.
819 1360 888 1432 117,
904 1355 973 1439 24.)

308 1463 505 1526 Benedictus
525 1462 582 1538 qui
603 1460 694 1522 venit
708 1460 743 1520 in
757 1457 892 1520 nomine
905 1455 1037 1546 Domini
1052 1473 1060 1518 ε

268 1565 357 1624 Deus
370 1560 540 1631 Dominus,
555 1558 589 1620 et
600 1556 712 1618 illuxit
723 1553 829 1619 nobis.
843 1551 954 1631 (Ibin,
969 1553 1041 1635 26.)

308 1657 476 1719 Laetantur
499 1653 586 1725 eoeli,
600 1655 634 1715 et
647 1651 776 1733 exultet
788 1653 897 1730 terra3
916 1663 1063 1715 eommo-

268 1755 387 1818 veatur
400 1759 493 1814 mare
516 1753 550 1814 ot
563 1750 737 1840 plenitudo
759 1753 831 1828 ejns
847 1769 855 1811 r
871 1747 1062 1827 gaudebunt

268 1851 389 1930 eampi,
404 1851 439 1912 et
451 1849 564 1913 omnia
579 1861 652 1927 quae
667 1847 703 1910 ln
718 1847 767 1910 eis
784 1847 872 1911 sunt.
889 1845 993 1928 (Psal.
1009 1847 1059 1920 95,

307 2047 433 2108 disemo
455 2043 596 2106 Domino
624 2041 741 2122 patria
757 2041 917 2119 gentium,
944 2039 1061 2105 afferte

268 2143 408 2206 Domino
430 2140 572 2219 gloriam
595 2141 629 2204 et
654 2137 838 2202 honorem:
854 2139 973 2202 afferte
995 2139 1063 2202 Do-

268 2225 511 2316 mineglo'riam
525 2237 653 2300 nomini
664 2239 748 2315 ejus.
766 2235 918 2318 (ibidem,
931 2239 962 2310 7,
974 2235 1021 2317 8.)

305 2323 420 2399 Gloria
440 2335 543 2407 Patri,
558 2335 623 2396 eto.

305 2437 385 2498 Ant.
401 2434 522 2496 Sancta
534 2431 642 2494 Maria
653 2431 768 2508 virgo,
786 2447 852 2495 non
875 2431 926 2494 est
939 2427 1001 2494 tibi
1013 2430 1062 2492 si-

268 2532 357 2594 milis
372 2533 451 2594 nate
464 2531 500 2591 in
515 2529 649 2602 mundo,
666 2529 729 2592 eie.

307 2630 421 2692 Gloria
436 2627 539 2700 Patri,
560 2626 623 2688 ete.

533 2787 588 2853 ,io
613 2788 795 2853 PRIMAM.

306 2928 386 2991 Ant.
409 2927 530 2988 Sancta
545 2925 652 2986 Maria
667 2924 780 3001 Virgo.

306 3030 399 3088 Psoi.
417 3025 576 3087 Miserere
596 3021 774 3093 melliens,
796 3020 957 3081 miserere
980 3019 1057 3089 mei,

268 3119 343 3192 ete,
368 3119 410 3181 ut
436 3131 546 3194 supra
568 3119 614 3178 ad
637 3113 854 3191 proaemio
879 3111 991 3188 emoto
1016 3117 1059 3176 de

268 3216 431 3290 devenere.

284 3402 340 3463 AD
368 3399 571 3471 TERTIAM,
600 3398 767 3460 SEXTAM
795 3398 847 3458 ET
871 3397 1037 3460 Monam.
1090 3451 1091 3454 ,

305 3541 385 3604 Ant.
403 3541 524 3603 Sancta
538 3539 646 3602 Maria
660 3539 774 3614 Virgo.

306 3644 399 3704 Psoi.
444 3637 580 3700 cantate
618 3635 757 3698 Domino
794 3631 960 3698 canticum
998 3651 1058 3699 no-

266 3751 355 3812 vum
376 3737 450 3810 etc„
473 3736 639 3812 utsupra
659 3734 704 3796 ed
717 3733 930 3798 Metellinum
947 3737 985 3796 te
998 3735 1060 3797 hoe

266 3839 378 3914 efflato
389 3837 559 3897 Peseialt.

501 4001 557 4061 AD
579 3999 806 4061 VESPERAS.

247 4137 258 4168 ’
304 4131 383 4198 let.
399 4131 520 4196 Sancta
534 4127 642 4192 Maria
654 4129 768 4206 Virgo.

304 4221 1055 4303 Psal.Omnesgentesplauditemanibus,eto„

264 4331 304 4391 ut
325 4341 435 4404 supra
458 4327 503 4387 ad
534 4327 701 4400 Vesperas
726 4324 764 4383 te
785 4323 895 4396 esitato
910 4321 951 4386 de
965 4325 1056 4388 tem-

261 4441 360 4501 pore.

304 4524 463 4585 Roorteo.
482 4515 682 4587 Notandum,
700 4513 785 4594 quod
803 4513 907 4579 indie
926 4519 1057 4581 Ascen-

265 4619 369 4682 sionis
384 4617 552 4680 adduntur
573 4614 614 4676 ad
630 4613 798 4674 Psalmum
814 4611 968 4688 Claritate,
989 4615 1057 4678 tam

263 4717 300 4779 in
322 4713 496 4784 Matutino,
523 4725 620 4789 quam
643 4710 684 4772 ad
699 4709 856 4784 Tertiam,
873 4711 1007 4775 sextam
1024 4713 1058 4778 et

264 4813 406 4883 Nonam,
423 4808 599 4888 sequentes
615 4803 773 4868 versiculi
789 4829 797 4867 t

304 4911 419 4984 Regna
442 4907 541 4967 terrae
568 4903 699 4966 cantate
722 4905 802 4976 Deo,
832 4902 964 4980 psallite
986 4903 1055 4967 Do-

263 5005 355 5068 mino
372 5024 380 5065 a
397 5002 529 5080 psallite
543 5003 610 5062 Deo
626 5000 683 5078 qui
698 4999 849 5062 aseendit
863 5015 965 5078 super
984 5018 1055 5064 nee-

263 5104 333 5167 lum
346 5099 422 5163 eoeli
434 5099 476 5162 ad
492 5097 671 5160 Orientem.
693 5093 797 5178 (Psal.
812 5099 862 5170 67,
878 5097 929 5170 33,
948 5096 1015 5178 34.)

303 5201 388 5261 Ecce
402 5195 494 5260 dabit
507 5195 581 5258 voci
596 5211 665 5257 suae
685 5211 801 5257 vocem
815 5192 961 5267 virtutis,
979 5195 1055 5258 date

263 5297 405 5374 gloriam
437 5295 505 5356 Deo
533 5304 633 5370 super
664 5291 769 5354 Israel
785 5313 793 5352 ε
809 5292 1055 5368 magnificentia

264 5397 336 5472 ejus
350 5393 384 5457 et
395 5392 501 5454 virtue
519 5392 592 5469 ejus
607 5389 642 5450 in
656 5387 810 5450 nubibus.
826 5387 935 5468 (inid,
947 5388 1015 5469 35.)

591 293 607 320 ‘
701 329 736 390 s.
760 325 980 391 rnanorscr
1000 311 1226 392 issrsurrs
1248 327 1477 392 orosconl.

1818 365 1820 372 ⁴
1849 333 1914 396 ³48

1116 485 1188 565 lpse
1215 484 1307 551 dabit
1330 487 1486 551 virtutem
1510 487 1543 552 et
1569 485 1798 554 fortitudinem
1821 491 1915 569 plebi

1117 601 1185 646 suae
1203 581 1418 648 :benedictus
1434 577 1533 648 Deus.
1547 585 1711 665 (Ibidem,
1727 583 1795 668 36.)

1156 682 1269 744 Gloria
1284 681 1387 756 Patri,
1409 682 1471 745 ele.

1156 779 1235 840 Ant.
1268 779 1390 841 Sancta
1416 780 1522 842 Maria
1551 781 1653 858 Virgo
1681 795 1748 843 non
1777 779 1914 844 esttibi

1117 876 1236 936 similis
1251 879 1330 939 nata
1346 875 1528 951 inmundo,
1545 880 1607 941 ete.

1157 973 1270 1035 Gloria
1286 974 1388 1047 Patri,
1410 977 1472 1037 etc.

1155 1069 1315 1133 Robrica.
1331 1073 1380 1133 nd
1395 1075 1560 1150 vesperas
1578 1069 1677 1135 etlam
1696 1071 1913 1135 ascensionis

1117 1163 1263 1243 quotidie
1278 1184 1383 1247 usqne
1404 1170 1445 1230 ad
1459 1167 1656 1240 Adventum,
1673 1169 1714 1231 ad
1729 1171 1911 1243 Psalmum‚

1117 1263 1241 1327 Omnes
1255 1267 1390 1340 (leniae,
1406 1267 1678 1344 adjungendum
1691 1283 1808 1329 versus
1821 1289 1829 1327 ε

1157 1362 1197 1422 Et
1210 1363 1359 1426 aseendit
1373 1364 1413 1425 ad
1429 1364 1553 1426 coelos:
1569 1365 1602 1428 ei
1618 1365 1710 1426 sedet
1724 1364 1766 1426 ad
1790 1363 1912 1428 dexte-

1116 1471 1188 1520 ram
1203 1457 1406 1524 sanctissimi
1419 1461 1530 1542 Patris
1543 1461 1579 1524 in
1593 1459 1697 1524 ooelis.
1713 1457 1779 1542 (Ex
1794 1462 1906 1542 symb.

1115 1556 1279 1638 apostol.)

1156 1657 1312 1718 Exultare
1323 1671 1423 1734 super
1434 1656 1536 1719 eoelos
1550 1659 1657 1718 Deus:
1674 1656 1707 1719 et
1726 1669 1827 1735 super
1838 1669 1915 1718 om-

1116 1761 1192 1814 nem
1205 1753 1329 1816 terram
1342 1751 1450 1830 gloria
1465 1755 1534 1816 tna.
1552 1751 1656 1833 (Psal.
1675 1751 1725 1826 56,
1741 1753 1790 1833 6.)

1155 1851 1195 1912 Ei
1209 1846 1332 1912 scimus
1348 1847 1505 1929 quonlam
1515 1851 1617 1926 venit,
1633 1851 1789 1928 quoniam
1799 1849 1914 1914 veniet

1111 1947 1277 2026 justitiam
1288 1947 1452 2026 judicare.
1473 1947 1576 2030 (Psal.
1591 1947 1642 2021 95,
1660 1947 1725 2030 13.)

1155 2042 1269 2106 Gloria
1291 2045 1394 2117 Patri,
1407 2045 1471 2108 ete.

1155 2144 1235 2205 Ant.
1264 2143 1385 2206 Sancta
1412 2141 1520 2226 Maria
1543 2141 1658 2220 Virgo,
1685 2158 1752 2204 non
1777 2140 1910 2206 esttibi

1116 2235 1235 2302 similis
1248 2239 1326 2302 nala
1341 2241 1376 2302 in
1391 2239 1525 2314 mundo,
1542 2241 1605 2302 eto.

1156 2335 1269 2400 Gloria
1283 2335 1386 2412 Patri,
1403 2338 1466 2400 etc.

1155 2439 1315 2498 Recortea.
1332 2435 1421 2498 Ordo
1435 2436 1566 2498 dicendi
1581 2433 1726 2498 officium
1742 2435 1777 2496 in
1794 2435 1909 2497 omnl-

1114 2533 1176 2594 hus
1190 2532 1438 2598 Festivitatihus
1454 2531 1693 2611 principalibus
1707 2533 1741 2596 et
1759 2533 1911 2594 Domini-

1115 2630 1164 2692 eis
1180 2627 1307 2703 diebus,
1322 2629 1363 2692 ab
1376 2628 1493 2693 octava
1513 2631 1725 2693 pentecostes
1741 2643 1845 2707 usque
1866 2629 1909 2690 ad

1114 2725 1310 2800 Adventum,
1336 2729 1369 2792 et
1394 2726 1435 2789 ab
1455 2733 1571 2791 octava
1588 2727 1782 2808 Epiphaniae
1804 2741 1910 2804 usque

1115 2825 1155 2886 ad
1170 2821 1428 2903 completorium
1442 2825 1669 2904 ieriaequintas
1685 2825 1719 2886 in
1733 2827 1833 2886 Goena
1848 2823 1911 2885 Do·

1114 2922 1207 2983 mini.

1292 3059 1347 3120 AD
1374 3057 1718 3118 GOMPLETORIUM.

1154 3191 1234 3252 Ant.
1249 3191 1376 3252 Sancta
1382 3189 1490 3252 Maria
1500 3189 1614 3265 Virgo.

1153 3291 1246 3351 Psoi.
1272 3290 1360 3349 Deus
1381 3289 1416 3348 in
1440 3285 1643 3365 adjutorium
1670 3299 1780 3347 meum
1792 3285 1909 3346 inten-

1113 3387 1165 3458 de,
1181 3386 1255 3458 ete„
1272 3387 1311 3448 ut
1324 3401 1433 3462 supra
1447 3389 1484 3448 in
1506 3386 1733 3458 completorio
1755 3384 1910 3458 temnere

1114 3487 1284 3548 Possedit.

1331 3625 1387 3689 Ao
1415 3623 1683 3688 MATUTINUM.

1153 3760 1233 3822 Ant.
1247 3760 1366 3821 Sancta
1380 3757 1488 3820 Maria
1503 3757 1616 3834 Virga.

1152 3861 1246 3919 Psoi.
1285 3857 1421 3918 cantate
1460 3854 1600 3916 Domino
1647 3853 1811 3915 canticum
1846 3867 1910 3913 no-

1112 3969 1201 4026 rum,
1228 3954 1305 4026 ete..
1329 3953 1367 4014 et
1385 3967 1495 4028 supra
1519 3956 1557 4014 ire
1578 3949 1751 4014 Matutino
1771 3953 1908 4012 Resur-

1112 4052 1288 4114 rectionis·

1375 4193 1429 4254 AD
1454 4189 1633 4254 PRIMAM.

1149 4326 1231 4388 Aret.
1246 4326 1367 4388 Sancta
1382 4325 1489 4388 Maria
1504 4326 1617 4402 Virgo.

1150 4427 1243 4487 Psae
1258 4424 1418 4486 Miserere
1433 4423 1498 4484 mei
1513 4424 1612 4494 Deus,
1640 4421 1800 4482 miserere
1826 4419 1906 4492 mei,

1112 4522 1188 4593 ein,
1218 4521 1256 4582 ut
1282 4536 1390 4596 supra
1418 4523 1463 4582 ed
1484 4522 1647 4581 Primam
1672 4522 1709 4580 tn
1734 4519 1846 4592 efficto
1866 4519 1908 4578 de

1113 4621 1289 4692 Tempore.

1366 4733 1421 4794 dl)
1447 4733 1649 4794 TERTIAM.

1150 4857 1229 4919 Aet.
1245 4855 1368 4918 Sanota
1380 4856 1488 4918 Maria
1503 4856 1617 4932 Virgo.

1398 4981 1590 5042 Psalmum.

1147 5101 1294 5166 iubilate
1320 5105 1390 5166 Deo
1413 5103 1521 5165 omnis
1545 5105 1648 5176 terra,
1670 5103 1833 5180 psalmum
1849 5104 1905 5166 di-

1110 5199 1173 5261 cite
1187 5199 1315 5260 nomini
1337 5201 1409 5278 ejus
1426 5220 1434 5260 e
1451 5199 1527 5261 date
1550 5200 1693 5276 gloriam
1712 5201 1805 5263 laudi
1819 5205 1904 5279 ejus.

1148 5295 1254 5358 Dicite
1278 5299 1356 5370 Deo,
1383 5312 1482 5373 quam
1505 5297 1671 5360 terribilia
1701 5299 1779 5360 suut
1802 5314 1904 5376 opera

1108 5394 1176 5466 tua,
1200 5393 1406 5456 Domine:in
1432 5394 1643 5456 multitudino
1676 5397 1810 5458 virtutis
1838 5397 1905 5458 tuse

301 5488 467 5576 Mirabilis
478 5489 566 5550 Deus
577 5487 611 5547 in
621 5487 752 5548 Sanctis
763 5485 845 5558 auis,
855 5487 942 5548 Deus
951 5487 1054 5551 Israel
1109 5490 1311 5552 mentientur
1326 5491 1388 5553 tihi
1401 5491 1529 5554 inimici
1543 5491 1603 5554 tui

296 5621 339 5696 (Ι)
356 5621 433 5679 lilius
445 5616 642 5678 sanetllloovit.

1143 5619 1186 5695 (i)
1196 5621 1276 5680 Alias
1290 5631 1430 5681 sanetum.
