4152 6388
704 267 738 328 s.
761 263 982 331 rnancrscr
1002 267 1229 332 asarsnrrs
1250 269 1479 334 orusonrn.

486 757 627 851 PARS
673 758 975 859 oddara·-
1002 761 1282 858 OFFICIUM
1326 761 1393 853 ΕΤ
1440 761 1722 854 osdrida

1016 980 1157 1008 ’.ξ-Ψ-

710 1178 930 1246 OFFICIUM
955 1178 1191 1252 Praesentia
1219 1178 1472 1244 DOMINIGAE.

304 1389 449 1461 llacpm
464 1393 574 1460 scama,
590 1400 676 1458 quam
688 1385 810 1444 unasub
823 1386 879 1444 hoc
891 1387 971 1445 ritulo
983 1388 1015 1446 P.
1027 1375 1064 1444 de
1117 1388 1212 1464 pater
1234 1389 1402 1462 emeritus,
1426 1388 1509 1453 milri
1533 1387 1720 1460 familiaris
1747 1388 1783 1449 in
1801 1389 1913 1466 primo

268 1478 309 1540 la
333 1477 412 1550 lleye
436 1475 532 1544 edidit,
557 1489 592 1532 fit
617 1475 744 1536 mutinae
763 1489 826 1546 ΨΜ
845 1477 874 1532 S·
895 1475 1064 1536 Fttssttittd
1116 1483 1285 1546 uolumine
1299 1489 1486 1547 Annalium
1505 1499 1613 1561 nuper
1632 1499 1651 1546 a
1673 1501 1710 1546 se
1729 1485 1907 1558 editorum,

266 1564 429 1636 0⁰¹ltl⁰tttii
442 1571 473 1625 ut
486 1569 678 1664 cantarentur.
699 1561 743 1623 Ad
757 1563 849 1632 fflil⁰t
864 1569 894 1630 it
911 1577 1062 1631 numerum
1116 1580 1173 1642 lib.
1188 1583 1214 1654 Ι,
1227 1595 1299 1658 cap.
1307 1583 1338 1642 8.
1348 1582 1445 1644 Aliud
1457 1598 1493 1643 ss
1505 1582 1629 1644 vidisse
1646 1597 1748 1658 penes
1759 1583 1911 1657 augusta

267 1649 408 1724 mim
422 1650 582 1724 Ρθῐῑωὼη·
1117 1679 1285 1740 memoriae
1306 1678 1541 1755 imperatorem
1562 1679 1829 1740 Maximilianum
1846 1683 1909 1756 ju-

281 1764 358 1824 ,sad
371 1766 425 1822 alic
441 1771 509 1823 sunt
522 1780 585 1838 qua
601 1766 746 1827 *infletum
765 1765 910 1824 Ftflsstlitl
931 1780 1002 1838 ⁰tt11³
1018 1764 1061 1824 di·
1117 1775 1256 1847 morem,
1291 1789 1478 1853 magnaque
1510 1775 1685 1836 devotione
1717 1773 1759 1835 ab
1793 1775 1910 1836 eodem

266 1859 380 1922 mutu,
396 1855 436 1918 uti
451 1853 598 1916 canticum
616 1855 698 1924 sctis,
717 1854 771 1914 alia
790 1869 853 1926 que
873 1855 1062 1922 Francisosna
1117 1871 1264 1949 quotidie
1303 1869 1558 1950 frequentatum,
1595 1871 1677 1931 mihi
1708 1872 1824 1933 pepulit
1856 1873 1912 1932 vir

266 1947 379 2001 tantum
403 1941 592 2014 appellantur.
616 1943 715 2015 Neque
738 1942 891 2006 unanimes
906 1948 973 2000 sunt
994 1957 1061 2004 auc·
1117 1984 1211 2045 mque
1225 1969 1300 2046 pius
1316 1985 1356 2030 30
1373 1969 1489 2030 doctus
1504 1971 1543 2030 R·
1561 1971 1597 2030 p·
1621 1969 1784 2030 fleamus
1801 1969 1907 2029 Sedu,

268 2034 355 2091 ‘⁰¹⁰⁵'
1117 2065 1183 2126 lius
1197 2066 1233 2126 in
1253 2065 1323 2127 aede
1338 2069 1453 2128 nostra
1471 2065 1689 2138 Sementiua,
1710 2079 1797 2126 anno
1817 2066 1907 2136 1618,

302 2141 445 2214 Quidquid
459 2143 496 2208 sit
516 2142 552 2206 de
572 2143 618 2208 ille
635 2145 829 2206 controversis
844 2144 875 2202 in
890 2145 1061 2218 rfltfisstlttts
1117 2162 1194 2222 dum
1210 2161 1290 2224 illuc
1305 2179 1379 2224 oum
1393 2163 1523 2224 caeteris
1535 2162 1679 2238 Belgicis
1689 2163 1721 2223 et
1733 2163 1910 2223 Germanis

265 2237 375 2289 certum
395 2231 485 2330 ests.
503 2231 687 2288 Franciscum
700 2230 788 2290 luisse
800 2240 926 2306 poetam,
942 2234 990 2306 qui
1007 2233 1061 2290 lin·
1117 2258 1328 2333 electoribus,
1344 2259 1617 2321 celebrandorum
1633 2259 1840 2320 comitiorum
1856 2274 1912 2335 ge,

265 2332 323 2390 gua
341 2319 451 2392 vulgari
471 2318 613 2380 utebatur.
637 2321 672 2376 lit
690 2327 804 2394 poetam
827 2320 942 2392 quidem
961 2335 1061 2422 recen:
1117 2355 1280 2417 nefastum
1291 2357 1410 2432 gratia,
1427 2357 1526 2432 longa
1538 2355 1707 2418 consectus
1721 2356 1818 2417 ΜΘ
1828 2371 1912 2416 oon,

266 2406 354 2465 tiones
377 2413 509 2465 auctores
532 2406 721 2466 laudaverunt
741 2422 843 2466 omues
865 2410 980 2482 pariter,
1009 2416 1064 2466 etsi
1184 2453 1191 2466 .
1774 2453 1780 2466 .

184 2477 189 2484 ’
264 2492 412 2552 de'sancto
427 2502 455 2554 ct
467 2496 528 2552 viro
541 2496 677 2570 religioso
689 2497 784 2570 plures
799 2511 945 2570 nunquam
959 2497 1062 2555 voluis·
1116 2454 1217 2561 mest'
1241 2454 1316 2514 N⁰¹²
1331 2454 1446 2514 eadem
1461 2453 1580 2514 h⁰rum
1599 2453 1841 2530 exemplamum
1856 2469 1912 2514 ὅθ’

265 2589 330 2642 sent
342 2581 456 2654 audire;
471 2589 581 2640 tantum
597 2583 684 2656 pollet
698 2584 772 2642 inter
787 2584 919 2648 homines
936 2585 1064 2645 ornatius
1116 2563 1194 2658 ¹¹¹0?
1205 2549 1241 2611 in
1262 2549 1465 2660 disp‘ffnend0
1481 2549 1544 2660 ¹¹⁰?
1565 2549 1674 2612 ⁰ffl⁰i⁰
1695 2565 1755 2626 P¹'0
1777 2550 1910 2660 statuti}

266 2666 380 2726 dicendi
393 2683 496 2742 genus,
1117 2661 1197 2706 anns
1211 2647 1426 2724 temporibus.
1443 2649 1544 2709 Parvi
1558 2647 1670 2710 tamar
1684 2649 1736 2708 est
1750 2648 1910 2708 momenti

1118 2741 1358 2820 discrepantia;
1379 2759 1441 2806 nac
1456 2744 1525 2806 ulla
1546 2745 1597 2806 est
1617 2743 1721 2806 ferme
1741 2743 1777 2804 in
1798 2743 1909 2806 verbis

582 2865 751 2914 pompm,
1117 2838 1228 2900 officii.
1246 2840 1429 2902 clariorem
1447 2855 1569 2920 sequor
1587 2840 1718 2902 Codicis
1735 2839 1910 2903 Assisiatis

385 3017 386 3021 Ἰ
1117 2935 1381 3022 dispositionem.

305 3010 436 3082 Quanta
449 3011 674 3080 teneritudine
685 3011 854 3076 serebatur
864 3012 1062 3082 Franciscus

266 3107 303 3171 in
319 3107 486 3172 Christum
496 3108 531 3170 in
545 3124 646 3176 carne
660 3109 852 3186 persumet
866 3126 963 3187 quam
977 3111 1062 3172 mira

266 3205 507 3281 compassionis
528 3205 704 3274 dulcedine
726 3209 798 3287 ejus
816 3207 944 3284 jugiter
967 3222 1063 3274 reco-
1194 3173 1377 3231 odrlclllll
1401 3171 1590 3233 Pislele
1617 3173 1828 3232 mmmm·

266 3299 357 3366 lebat
383 3302 585 3378 passionem,
614 3303 749 3379 scripsit
774 3306 912 3376 Bonan,
940 3319 1011 3381 cap.
1043 3305 1062 3366 9
1156 3341 1243 3404 Ordo

265 3397 299 3458 et
314 3399 352 3460 13
370 3413 439 3463 suaa
454 3402 632 3475 Ledaeam,
654 3401 687 3460 ei
706 3401 742 3461 in
763 3401 928 3478 principio
949 3404 1060 3478 Opus-

266 3493 333 3556 culi
348 3497 390 3560 de
404 3497 586 3562 Miracults
601 3511 621 3561 a
635 3498 671 3560 B.
693 3497 787 3573 patre
807 3497 958 3574 patratis,
975 3499 1061 3574 quod

265 3589 308 3656 ad
331 3592 405 3668 ejus
423 3592 534 3657 Vitam
554 3591 733 3660 subtexuit.
756 3593 799 3662 Ut
822 3609 902 3669 ergo
923 3593 1062 3664 haberet

265 3691 400 3756 sanctus
415 3689 468 3755 sir
488 3705 549 3766 par
569 3689 655 3767 quod
676 3691 819 3754 menam
840 3690 882 3754 ad
902 3694 1061 3769 majorem

266 3785 502 3854 sacratissimae
532 3787 704 3856 Passionis
728 3788 951 3858 reverentiam
981 3789 1064 3852 rati-

263 3881 394 3958 gioeius.
404 3883 578 3953 oscitaret,
594 3885 808 3951 concinuerit
822 3883 887 3954 sibi
901 3885 1061 3962 quasdam

264 3979 425 4057 precandi
439 3980 612 4054 formulas,
625 3981 667 4045 ad
681 3997 753 4046 rem
763 3982 954 4059 compositis
966 3984 1063 4046 Psal’-
1155 3981 1317 4041 liudrico.
1346 3975 1576 4054 Incipiendum
1611 3977 1662 4039 est
1696 3975 1840 4039 officium
1869 3976 1912 4038 ab

265 4077 418 4145 mistam
428 4079 586 4155 religiosa
596 4080 775 4152 structura,
786 4080 915 4144 utnihil
926 4081 1061 4144 aliunde
1116 4075 1268 4137 oratione
1280 4074 1465 4147 Dominica,
1483 4073 1541 4136 sed
1553 4089 1593 4136 eo
1606 4073 1714 4146 modo,
1729 4089 1793 4152 quo
1809 4089 1912 4151 supra

267 4190 366 4251 quam
381 4191 424 4237 ex
443 4176 602 4238 navidicc
622 4176 797 4248 Psalierm,
819 4177 937 4240 aliisve
956 4194 1061 4243 sacrae
1115 4172 1223 4249 posita
1247 4173 1297 4234 est
1318 4188 1394 4233 curn
1416 4172 1528 4248 glossa
1549 4172 1656 4234 sancti
1676 4171 1763 4233 riri:
1788 4169 1911 4232 deinde

266 4270 569 4347 scripturalibus,
592 4273 818 4338 admimuarit.
840 4277 946 4352 uiuus
961 4275 1061 4340 officii
1116 4269 1348 4330 subnectendas
1364 4269 1430 4330 illae
1445 4269 1576 4331 Laudes
1588 4268 1781 4340 neminisse,
1800 4269 1912 4329 sanc-

264 4368 416 4432 meminit
435 4369 551 4432 auctor
572 4370 657 4432 rata
676 4370 807 4434 sauctae
823 4375 946 4444 omre,
963 4389 1061 4450 quam
1115 4369 1179 4438 tus,
1208 4367 1361 4438 sanctus,
1385 4369 1539 4440 sanctus,
1569 4367 1646 4437 etc,
1689 4380 1773 4443 quas
1791 4365 1914 4426 ibidem

266 4465 308 4528 ad
318 4465 502 4530 Alexandri
513 4468 556 4530 IV
568 4465 743 4542 imperium
756 4469 901 4546 scripsit,
918 4473 952 4534 et
963 4486 1061 4547 quam
1116 4463 1267 4524 invenies
1292 4478 1367 4525 cum
1394 4465 1465 4524 suis
1487 4464 1664 4525 versiculis
1690 4463 1724 4524 et
1748 4462 1912 4536 oratione,

267 4565 386 4626 Sarius
401 4563 613 4640 transcripsit
627 4579 699 4640 cap.
714 4565 765 4636 20,
778 4565 831 4631 his
845 4567 975 4630 verbis:
990 4567 1064 4628 onr-
1117 4575 1190 4637 quaa
1212 4559 1253 4620 ad
1274 4575 1389 4621 omnes
1409 4563 1517 4621 Horas
1542 4561 1782 4637 preponuntur
1803 4581 1811 4618 s
1833 4559 1914 4620 tunc

265 4662 353 4724 cium
363 4661 716 4738 Crucisproutssrucis
727 4663 1061 4730 amatorrranascus
1117 4654 1268 4718 absolute
1287 4657 1427 4719 dicenda
1443 4660 1493 4718 est
1507 4657 1698 4733 Antiphone
1719 4659 1753 4720 et
1772 4656 1910 4728 Psalmi,

264 4760 468 4828 instituerat,
491 4757 608 4820 didicit
630 4758 727 4830 beata
746 4761 859 4836 Virgo,
884 4761 917 4824 ct
939 4761 1061 4823 affectu
1116 4769 1155 4824 eo
1169 4753 1265 4816 modo
1279 4771 1343 4832 quc
1359 4755 1414 4818 hic
1428 4755 1667 4832 disponuntur.

265 4856 368 4920 simili
395 4855 629 4933 frequentavit.
656 4857 805 4920 Primum
833 4858 933 4935 hujus
960 4857 1061 4920 oflicii

1265 3341 1428 3404 recitandi
1452 3341 1595 3404 odicium
1619 3342 1800 3407 dominicae
1823 3345 1911 3404 Pss-

1117 3439 1221 3500 sionis
1245 3439 1287 3500 ab
1313 3439 1396 3500 hora
1422 3439 1636 3515 completorii
1660 3439 1753 3500 leriae
1783 3439 1912 3516 quintae

1116 3536 1253 3613 majoris
1269 3534 1497 3608 hebdomada.
1519 3535 1650 3613 quando
1670 3536 1820 3600 Christus
1838 3537 1910 3600 Do-

1116 3634 1227 3704 minus
1240 3631 1383 3696 traditus
1397 3633 1458 3705 est,
1475 3647 1579 3710 usque
1594 3633 1635 3697 ed
1652 3633 1912 3710 completorium

1116 3729 1245 3798 sabbati
1258 3729 1377 3803 sancti,
1390 3731 1425 3794 et
1437 3730 1590 3796 omnibus
1605 3729 1721 3792 diebus
1734 3729 1911 3795 ferialibus

1115 3843 1175 3906 per
1189 3843 1326 3890 annum.

264 4953 435 5030 exemplar
453 4953 697 5016 mihiloccurrit
710 4956 747 5016 in
765 4954 873 5031 primo
893 4955 970 5016 dod.
990 4957 1059 5018 ΜΞ.
1298 4969 1354 5028 pp
1375 4967 1718 5030 compmromupr,

263 5051 457 5124 Assisiensi,
478 5051 602 5128 saepius
621 5067 641 5113 a
665 5067 717 5114 me
739 5051 850 5114 citato.
873 5052 1060 5114 Secundum

265 5149 348 5212 milri
367 5163 410 5210 ex
433 5149 568 5212 civitate
588 5149 791 5212 Bononiensi
806 5149 992 5212 transmisit
1006 5165 1062 5212 re-

263 5247 524 5310 verendissimus
547 5248 641 5324 pater
666 5246 836 5322 Benignus
861 5247 1058 5320 Genuensis,
1382 5291 1385 5298 ·
1427 5227 1600 5284 psalm·

266 5361 441 5423 supremus
456 5345 562 5407 nostri
581 5343 724 5406 instituti
744 5345 865 5416 rector,
887 5359 976 5406 anno
994 5347 1061 5406 Do-
1155 5348 1243 5408 Deus
1257 5347 1360 5407 vitam
1382 5361 1488 5408 meam
1504 5345 1702 5408 annuntiavi
1724 5345 1785 5408 tibi
1809 5361 1816 5406 :
1845 5362 1914 5423 po-

264 5443 346 5504 mini
370 5445 457 5506 1619.
483 5442 631 5505 Tertium
653 5439 774 5503 obtulit
796 5441 1060 5505 Bartholomaeus
1115 5443 1214 5506 suisti
1247 5444 1412 5521 lacrymas
1443 5461 1535 5508 meas
1568 5444 1603 5506 in
1634 5445 1815 5520 conspectu
1839 5446 1912 5507 tue

265 5541 434 5604 Cimarelli
450 5538 631 5618 provinciae
654 5538 785 5599 Picenae
805 5539 857 5600 vir
879 5538 1004 5612 doctus,
1028 5541 1061 5602 et
1117 5539 1220 5620 (Psal.
1238 5542 1288 5614 55,
1303 5539 1350 5618 9.)

1155 5099 1234 5166 Ant.
1250 5100 1373 5160 Sancta
1387 5099 1495 5160 Maria
1507 5099 1620 5176 Virgo.
