4158 6380
197 1079 201 1090 Ι
320 1005 743 1082 minimnmcomplacebat.

320 263 360 322 87
760 259 815 320 ΑΙ)
837 259 975 322 OPERA
998 260 1030 320 S.
1054 259 1276 324 FRANCISGI
1298 263 1526 324 ASSISIATIS
1941 263 1987 323 88

320 421 510 500 quaererent
521 419 631 497 potius
640 418 693 481 ibi
714 435 800 494 esse,
824 421 881 482 ubi
907 423 1116 499 persecutio-
1210 422 1442 486 Crescentihus
1457 422 1760 500 quoquevirtutum
1785 423 1923 486 meritis
1944 425 1986 484 in

320 537 397 583 nem
408 518 600 596 paterentur
615 519 651 578 in
663 515 822 595 {corpora
853 535 952 596 quam
976 521 1033 582 ubi
1054 537 1115 582 co·
1170 519 1319 598 parvulis
1341 520 1477 592 Christi,
1504 520 1586 581 odor
1600 521 1769 596 opinionis
1785 521 1883 582 bonae
1898 522 1986 582 cir-

320 617 413 694 gnita
428 617 603 699 sanctitate
619 616 779 692 ipsorum,
797 617 963 678 mundano
982 619 1116 693 possent
1170 633 1375 695 cumquaqne
1390 617 1542 689 diffusus,
1570 618 1611 678 ad
1628 618 1840 694 praesentiam
1856 620 1984 680 sancti

320 713 460 790 gloriari
474 713 597 774 favore.
612 714 686 788 Ipsa
704 727 834 789 qnoque
849 728 961 774 rerum
974 714 1115 788 penuria
1170 715 1274 792 patris
1291 713 1467 775 videndam
1482 713 1643 790 plurimos
1657 729 1675 776 e
1690 715 1832 777 diversis
1850 716 1981 776 mundi

321 810 596 888 superabundans
611 811 660 871 eis
682 810 859 871 ridebatur
873 810 1019 882 chartae,
1038 811 1115 871 dum
1170 812 1319 888 partibus
1332 811 1530 874 attrahebat.
1548 813 1639 874 Inter
1653 828 1735 889 quos
1749 813 1884 889 quidam
1899 829 1980 874 sae-

320 911 414 984 iuxta
440 907 616 968 consilinm
641 908 807 984 Sapientis
834 923 893 984 pro
915 924 1035 984 magno
1051 908 1115 986 ipsi
1170 910 1332 970 cularium
1346 909 1537 970 cantionum
1550 909 1702 970 curiosus
1718 911 1885 980 inventor,
1912 911 1980 987 qui

1170 1005 1211 1066 ab
1226 1005 1427 1082 imperatore
1451 1009 1628 1082 propterea
1649 1005 1759 1068 fuerat
1773 1009 1976 1078 coronatae,

362 1107 449 1165 Sane
462 1119 536 1165 cum
561 1103 608 1164 ad·
627 1103 810 1164 infidelium
823 1104 938 1180 partes
955 1103 1060 1181 aliqui
1074 1118 1116 1164 ex
1170 1104 1203 1163 et
1225 1102 1346 1164 exinde
1371 1116 1433 1162 rex
1452 1119 1607 1163 versuum
1636 1103 1754 1174 dictus
1769 1104 1879 1164 virum
1905 1105 1977 1164 Dei

321 1201 480 1263 fratribus
491 1201 731 1278 pervenissent,
755 1201 904 1276 contigit,
926 1202 962 1262 ut
983 1201 1115 1277 quidam
1170 1200 1429 1276 contemptorem
1444 1199 1664 1260 mundialium
1673 1199 1767 1262 adire
1780 1201 1975 1277 proposuit

323 1301 538 1369 sarracenus,
566 1297 687 1374 pietate
719 1299 912 1370 commotus,
940 1298 1116 1374 pecuniam
1170 1297 1316 1373 Cumque
1330 1295 1416 1373 apud
1432 1297 1579 1358 castrum
1593 1298 1706 1359 Sancti
1722 1298 1874 1358 Severini
1890 1313 1977 1358 eum

322 1398 372 1460 eis
385 1396 520 1458 offerret
534 1411 593 1471 pro
606 1395 796 1456 necessario
810 1395 911 1456 victu.
925 1395 994 1456 lllis
1005 1397 1115 1456 autem
1171 1393 1405 1470 praedicantem
1418 1394 1598 1470 reperisset
1612 1395 1647 1455 in
1663 1395 1864 1456 monasterio
1878 1411 1976 1473 quo-

322 1492 554 1556 recusantibus
565 1493 727 1568 accipere,
742 1492 925 1553 admiratus
940 1493 990 1554 est
1004 1492 1113 1565 homo,
1170 1492 1257 1563 dam,
1270 1491 1356 1552 facta
1369 1507 1470 1554 manu
1480 1491 1611 1552 Domini
1625 1493 1978 1568 superseviditeum·

322 1607 462 1680 cernens
477 1591 563 1667 quod
579 1590 696 1666 inopes
712 1591 835 1652 essent.
850 1590 1022 1652 Intellecto
1034 1591 1114 1652 tan-
1170 1588 1243 1650 dem
1257 1588 1367 1650 crucis
1387 1588 1510 1649 Christi
1535 1589 1788 1666 praedicatorem
1803 1591 1973 1652 Francis-

320 1690 395 1752 dem
411 1688 496 1766 quod
511 1703 674 1764 pauperes
689 1687 799 1748 eflecti
823 1703 937 1749 amore
961 1688 1031 1760 Dei,
1056 1704 1116 1765 pe-
1170 1703 1244 1748 cum
1260 1685 1602 1748 duobustransversis
1628 1685 1764 1748 ensibus
1785 1687 1883 1748 valde
1897 1687 1976 1748 ful-

321 1788 453 1849 cuniam
482 1786 653 1863 possidere
681 1785 854 1860 nolebant3
872 1786 964 1846 tanta
991 1787 1042 1846 est
1067 1785 1115 1846 eis
1169 1782 1335 1859 gentibus,
1349 1785 1385 1844 in
1404 1783 1535 1844 modum
1558 1785 1668 1844 crucis
1688 1785 1868 1860 signatum,
1882 1799 1977 1862 quo-

321 1885 498 1946 afiectione
512 1885 718 1960 conjunctus,
737 1883 773 1944 ut
785 1883 921 1945 offerret
942 1898 978 1944 se
991 1883 1032 1944 ad
1047 1883 1114 1943 mi·
1169 1896 1243 1944 rum
1259 1898 1345 1942 unus
1361 1897 1379 1942 a
1394 1881 1501 1958 capite
1520 1881 1561 1942 ad
1577 1882 1690 1956 pedes,
1705 1883 1793 1943 alius
1817 1899 1839 1942 a
1861 1899 1973 1944 manu

322 1981 530 2044 nistrandum
569 1971 680 2041 omnia
726 1981 928 2052 necessaria,
960 1980 1116 2057 quamdiu
1169 1979 1205 2038 in
1221 1995 1353 2040 manum
1368 1993 1426 2055 per
1442 1981 1555 2054 pectus
1568 1979 1838 2041 transversaliter
1849 1980 1975 2042 tende·

322 2079 447 2157 aliquid
462 2079 656 2140 facultatum
674 2076 737 2139 sibi
753 2079 952 2154 superesset.
969 2080 995 2139 0
1010 2078 1114 2140 inaes-
1170 2076 1278 2138 batur.
1305 2078 1380 2138 Non
1408 2079 1548 2138 noverat
1571 2077 1656 2138 facie
1680 2093 1812 2140 servum
1828 2079 1971 2147 Christi,

321 2176 481 2240 timabilis
496 2177 686 2253 pretiositas
702 2175 918 2252 paupertatis
936 2179 987 2252 cuj
993 2191 1031 2235 us
1053 2174 1117 2235 mi·
1171 2175 1227 2236 sed
1241 2176 1332 2236 tanto
1348 2176 1566 2236 monstratum
1581 2175 1743 2236 miraculo
1764 2191 1841 2236 mox
1856 2192 1972 2251 agno·

323 2275 430 2337 randa
456 2274 578 2336 virtute
602 2289 695 2334 mens
723 2272 866 2336 feritatis
880 2272 1066 2334 barbaricae
1081 2273 1116 2332 in
1170 2272 1228 2334 vif.
1246 2271 1362 2334 Subito
1375 2271 1577 2348 stupefactus
1592 2272 1633 2332 ad
1648 2273 1756 2334 visum
1771 2272 1890 2350 incipit
1902 2289 1973 2333 me-

321 2373 446 2434 tantem
458 2371 683 2432 miserationis
699 2372 749 2432 est
764 2354 936 2432 immutata
961 2370 1114 2432 dulcedi·
1170 2370 1255 2432 liora
1275 2384 1472 2447 proponere.
1492 2369 1703 2446 Tandemque
1718 2370 1895 2432 verborum
1914 2371 1973 2446 ip-

322 2474 413 2532 nemt
430 2469 638 2531 Horrendum
654 2468 704 2532 est
727 2468 867 2544 proinde
886 2484 926 2529 ac
951 2469 1116 2529 nefarium
1171 2469 1241 2529 sius
1257 2470 1473 2544 compunctus
1497 2469 1631 2535 virtute,
1647 2469 1805 2544 tanquam
1822 2469 1851 2528 si
1875 2469 1971 2530 esset

321 2566 441 2638 scelus,
471 2569 507 2627 ut
533 2566 619 2628 hano
647 2566 862 2640 margaritam
890 2565 1035 2626 nobilem
1065 2566 1117 2626 vir
1170 2565 1567 2642 gladioSpiritusenejus
1578 2579 1636 2626 ore
1646 2565 1846 2642 procedente
1858 2565 1972 2628 trans·

322 2665 526 2726 christianus
541 2663 722 2733 conculcet,
738 2678 836 2738 quarn
858 2663 951 2724 tanta
974 2677 1116 2724 venera·
1171 2661 1268 2734 fixus,
1283 2661 1971 2739 saecularihuspompisomuinocontemp-

322 2762 414 2824 tione
429 2761 548 2822 extulit
564 2763 781 2822 sarracenus.
1170 2760 1225 2833 tis,
1242 2759 1338 2822 heato
1354 2759 1440 2836 patri
1456 2758 1662 2836 professione
1683 2759 1832 2822 cohaesit.
1855 2763 1970 2836 Prop-

257 2891 259 2899 ‚
363 2862 409 2920 Eo
424 2857 761 2935 temporereligiosus
784 2858 919 2934 quidam
943 2858 983 2918 de
999 2858 1117 2918 ordine
1170 2859 1222 2918 ter
1250 2856 1336 2934 quod
1364 2856 1480 2918 videns
1504 2856 1614 2933 ipsum
1635 2857 1838 2918 virsanctus
1854 2857 1896 2917 ab
1912 2857 1970 2916 in-

325 2955 582 3026 Cruciferorum,
606 2955 750 3017 Moriens
777 2957 922 3028 nomine,
945 2955 981 3016 in
996 2955 1115 3032 hospi·
1171 2955 1363 3032 quietudine
1374 2953 1488 3016 saeculi
1503 2954 1545 3015 ad
1555 2953 1678 3014 Christi
1691 2969 1805 3031 pacem
1820 2953 1969 3030 perfecte

322 3055 383 3117 tali
405 3054 546 3132 quodam
566 3069 668 3131 prope
681 3053 846 3114 assisium
870 3054 1032 3130 languore
1047 3054 1115 3114 tam
1170 3068 1379 3120 conversum,
1395 3051 1532 3113 fratrem
1561 3051 1741 3112 Pacificum
1770 3051 1965 3128 appellarit.

322 3153 429 3229 gravi,
457 3153 590 3229 tamque
623 3151 754 3228 prolixo
786 3151 953 3223 laborans,
985 3152 1021 3213 ut
1044 3153 1115 3227 jam
1170 3149 1453 3226 chpostmodum
1482 3149 1517 3210 in
1544 3150 1634 3210 omni
1663 3148 1838 3211 sanctitate
1860 3149 1969 3226 profi-

324 3251 423 3312 morti
445 3250 530 3312 foret
542 3250 750 3325 adjudicatus
764 3265 785 3310 a
800 3249 948 3320 medicis,
969 3250 1041 3310 viro
1056 3249 1115 3310 Dei
1170 3247 1274 3320 ciens,
1291 3248 1469 3323 antequam
1495 3245 1589 3309 fieret
1602 3246 1756 3308 minister
1769 3247 1806 3307 in
1821 3248 1967 3308 Francia

323 3347 464 3424 supplex
487 3345 594 3408 factus
615 3363 675 3423 per
688 3348 840 3408 nuntium
854 3345 1042 3423 postulabat
1056 3345 1114 3408 in·
1170 3343 1349 3423 (siquidem
1365 3343 1491 3420 primus
1517 3342 1639 3405 ibidem
1663 3343 1841 3407 ministerii
1860 3345 1968 3421 gessit

325 3445 462 3515 stanter,
479 3445 515 3505 nt
526 3460 586 3520 pro
602 3459 637 3505 se
650 3445 691 3504 ad
715 3444 892 3505 Dominum
907 3443 1115 3506 intercedere
1169 3439 1330 3520 officium)
1360 3441 1483 3502 meruit
1506 3439 1626 3503 iterato
1650 3457 1807 3517 magnum
1821 3442 1915 3503 Thau
1929 3443 1968 3503 in

324 3541 529 3618 dignaretur.
546 3542 605 3603 Cui
635 3541 751 3604 heatus
775 3542 871 3618 pater
893 3541 1036 3617 benigne
1054 3557 1114 3601 as·
1170 3539 1277 3601 fronte
1288 3539 1459 3600 Francisci
1478 3539 1603 3610 videre,
1621 3539 1705 3616 quod
1735 3540 1883 3601 colorum
1905 3556 1968 3600 ra-

231 3635 235 3642 “
323 3640 481 3712 sentiens,
509 3639 659 3700 oratione
686 3639 870 3717 praemissa,
896 3639 992 3715 panis
1011 3631 1115 3700 micas
1170 3635 1966 3713 rietatedistinctum,faciemipsiusmirovenus·

322 3737 461 3813 accepit,
479 3737 512 3798 et
536 3753 609 3798 cum
633 3737 707 3798 oleo
724 3738 861 3813 accepto
885 3736 924 3798 de
949 3735 1113 3812 lampade,
1169 3734 1261 3796 tabat
1279 3735 1409 3796 ornatu.
1427 3737 1496 3794 Hoc
1512 3734 1633 3811 qnippe
1648 3734 1780 3810 signum
1799 3735 1852 3795 vir
1866 3751 1966 3796 sanc-

322 3849 395 3910 qnae
411 3835 677 3910 coramllirginis
692 3833 830 3896 ardehat
839 3833 950 3905 altari,
965 3832 1117 3895 commis·

322 3947 411 4004 cens,
429 3931 523 4008 quasi
539 3932 701 4008 quoddam
717 3930 947 4003 electuarium,
965 3944 1024 4008 per
1039 3945 1115 3990 ma-

322 4044 386 4089 nus
402 4028 541 4091 fratrum
556 4029 739 4092 infirmanti
752 4029 949 4100 transmisit,
974 4028 1090 4089 dicens
1106 4049 1113 4088 ε

322 4126 522 4188 Medicinam
536 4127 624 4188 hanc
638 4127 734 4187 fratri
757 4126 871 4188 nostro
891 4125 1015 4187 deferte
1039 4127 1114 4186 Mo-

322 4223 404 4294 rico,
431 4239 495 4298 qna
516 4223 625 4298 ipsum
650 4223 773 4284 Christi
797 4223 990 4284 virtus'non
1010 4223 1116 4282 solum

322 4319 431 4395 plenae
445 4319 581 4380 sanitati
592 4320 757 4391 restituet,
765 4336 881 4381 verum
892 4320 993 4380 etiam
1004 4319 1117 4382 robus·

322 4416 392 4476 tum
406 4415 601 4477 bellatorem
614 4416 779 4489 eflectum,
797 4417 882 4478 aciei
900 4417 1022 4478 nostrae
1039 4431 1117 4494 per-

323 4515 516 4576 severanter
531 4515 699 4592 adjunget.
725 4515 842 4577 Statim
857 4515 970 4576 autem
992 4516 1028 4576 ut
1051 4531 1116 4576 an-

286 4625 291 4634 ·
321 4613 461 4675 tidotum
473 4612 568 4685 illud,
586 4613 699 4674 Sancti
716 4613 859 4689 Spiritus
879 4613 1116 4676 adinventione

322 4710 518 4783 confectum,
559 4727 648 4787 aeger
681 4711 779 4772 homo
814 4711 973 4787 gustarit,
1013 4726 1116 4772 sanus

322 4822 517 4883 exsurgens
530 4809 657 4870 tantum
671 4808 791 4870 mentis
802 4812 834 4870 et
849 4809 999 4886 corporis
1014 4825 1033 4868 a
1049 4811 1116 4868 Deo

322 4905 470 4980 vigorem
486 4905 638 4980 obtinuit,
657 4909 692 4968 nt
704 4908 803 4983 paulo
825 4909 901 4986 post
924 4906 989 4968 viri
1010 4906 1115 4967 sancti

322 5002 517 5079 religionem
529 5004 753 5080 ingressus,et
765 5007 999 5066 unicatanturn
1011 5005 1117 5080 operi·

321 5102 414 5162 retur
427 5101 587 5170 tunicula,
602 5102 662 5163 sub
676 5119 740 5180 qua
754 5104 852 5180 longo
867 5105 1014 5178 tempore
1030 5102 1115 5163 lori-

322 5211 393 5256 cam
418 5195 571 5274 portahat
594 5198 635 5258 ad
660 5213 807 5270 carnem,
828 5198 861 5259 et
875 5193 986 5258 crudis
1016 5197 1115 5256 dum-

321 5294 415 5354 tanat
426 5293 574 5364 cibariis,
583 5295 697 5356 herbis
713 5295 879 5366 videlicet,
893 5293 1117 5371 leguminibus

323 5389 551 5469 fructibusque
561 5394 815 5471 contentus,per
825 5393 921 5470 plura
931 5393 1116 5468 temporum

322 5489 441 5562 lustra,
468 5505 529 5551 nec
555 5505 674 5567 panem
699 5492 861 5566 gustaret,
890 5505 951 5551 nec
978 5491 1114 5551 vinum:

323 5587 418 5650 fortis
433 5587 545 5650 tamen
560 5589 593 5650 et
607 5587 784 5649 incolumis
800 5603 1027 5664 perseverans.

1169 3835 1223 3894 tus
1248 3847 1368 3908 magno
1387 3831 1610 3894 venerabatur
1638 3831 1770 3904 aflectu,
1798 3831 1965 3908 frequenti

1171 3929 1422 3992 commendabat
1445 3930 1588 4008 eloquio,
1618 3932 1651 3992 et
1664 3929 1700 3990 in
1724 3930 1773 3990 eis
1787 3945 1869 4006 quas
1882 3930 1966 3991 diri-

1170 4027 1269 4104 gebat
1292 4027 1460 4098 litterulis,
1478 4043 1579 4088 manu
1598 4027 1733 4104 propria
1750 4027 1962 4100 inscribebat,

1170 4127 1327 4203 tanquam
1347 4124 1376 4186 si
1396 4140 1492 4186 omne
1506 4125 1612 4201 ipsius
1630 4125 1774 4186 studium
1791 4125 1877 4187 foret
1890 4125 1963 4202 sig-

1171 4239 1251 4286 nare
1261 4223 1365 4294 Thau,
1374 4223 1471 4300 Juxta
1483 4222 1605 4284 dictum
1617 4223 1856 4299 propheticum,
1866 4239 1966 4301 super

1170 4319 1297 4382 frontes
1321 4321 1468 4382 virorum
1489 4321 1690 4395 gementium
1711 4321 1744 4383 et
1768 4320 1965 4392 dolentium,

1171 4419 1212 4480 ad
1227 4419 1395 4480 Christum
1410 4421 1427 4480 J
1430 4433 1522 4478 esum
1536 4419 1703 4482 veraciter
1715 4434 1961 4480 conversorum.

1171 4520 1334 4578 Processu
1347 4531 1476 4598 quoqne
1489 4515 1647 4593 temporis
1659 4515 1887 4592 multiplicatis
1894 4520 1967 4593 jam-

1171 4613 1340 4685 fralribus,
1358 4615 1457 4690 coepit
1469 4629 1526 4674 eos
1541 4616 1654 4690 pastor
1667 4614 1831 4676 sollicitus
1844 4615 1879 4674 in
1894 4616 1963 4675 loco

1172 4715 1301 4774 Sanctae
1316 4711 1432 4772 ltfariae
1448 4712 1488 4772 de
1505 4712 1721 4774 Portiuncula
1740 4710 1782 4772 ad
1809 4712 1964 4788 generale

1171 4809 1358 4888 Capitulum
1371 4824 1568 4877 convocare,
1584 4810 1621 4870 ut
1640 4809 1674 4870 in
1687 4810 1836 4871 funiculo
1847 4809 1962 4870 distri-

1170 4907 1317 4970 butionis
1328 4907 1450 4970 divinae
1466 4907 1600 4968 interra
1617 4908 1823 4983 paupertatis
1838 4924 1967 4979 eorum,

1172 5007 1351 5082 unicuique
1371 5005 1532 5068 tribueret
1553 5004 1751 5066 obedieutiae
1767 5005 1959 5083 portionem.

1173 5104 1236 5166 Ubi
1252 5105 1330 5166 licet
1344 5103 1491 5164 omnium
1516 5103 1784 5164 necessariorum
1808 5105 1897 5165 esset
1908 5119 1970 5181 pe-

1173 5201 1284 5274 nuria,
1301 5201 1506 5277 fratrumque
1523 5200 1705 5262 multitudo.
1716 5201 1803 5263 ultra
1819 5200 1961 5278 quinque

1174 5299 1281 5362 millia
1300 5299 1505 5369 conveniret,
1528 5297 1641 5359 divina
1657 5299 1768 5360 tamen
1784 5298 1966 5375 opitulante

1171 5396 1360 5469 clementia,
1379 5397 1411 5458 et
1425 5395 1534 5458 victus
1550 5395 1754 5458 sufficientia
1775 5395 1920 5468 suberat,
1933 5397 1964 5458 et

1172 5495 1264 5555 salus
1288 5493 1509 5556 comitabatur
1532 5509 1704 5570 corporea,
1729 5494 1762 5555 et
1782 5493 1963 5571 spiritualis

1167 5589 1361 5668 jucunditas
1377 5587 1546 5650 affluebat.
1560 5589 1722 5666 Capitulis
1738 5605 1817 5651 vero
1830 5590 1964 5666 proriu-
