4152 6388
108 239 164 302 lot
668 225 991 300 Pronnoollsltl.
1011 257 1054 282 ,-
1074 233 1183 298 vrrs.
1273 265 1274 268 κ
1689 231 1747 290 162

106 399 183 460 bant
202 390 430 460 incolumitate
446 395 643 474 jucundum.
667 397 716 458 Ad
730 407 813 473 qnos
828 395 900 468 illc,
956 394 1058 457 fluvio
1082 395 1317 472 lacrymarum.
1334 392 1455 454 Mirum
1470 391 1574 452 certet
1591 389 1752 452 Incredn-

108 498 161 573 qni
176 496 284 556 factus
297 494 407 556 fuerat
423 510 526 556 sanus
543 516 550 554 :
567 494 679 555 Nolite
696 495 828 565 timere,
849 493 903 553 in·
956 493 1049 554 litate
1071 493 1217 569 projecta
1246 491 1453 552 sanationem
1476 489 1595 550 mentis
1620 487 1750 548 sanatio

109 595 186 671 qnit,
207 593 311 655 nolite
334 592 470 653 credere
494 592 606 660 inane,
631 591 718 668 quod
751 591 901 662 cernitis,
957 591 1108 666 sequitur
1130 589 1325 664 corporalis.
1350 587 1464 648 Omnis
1484 586 1625 663 quiescit
1644 585 1749 656 dolor,
1785 638 1798 652 ,,

109 692 184 768 quia
197 691 230 751 S.
246 690 445 750 Franciscus
459 679 589 750 modo'a
605 689 677 749 loco
698 689 848 760 recessit,
871 689 904 748 et
958 687 1106 763 frigescit
1130 687 1241 754 ardor,
1260 686 1388 746 nullum
1411 687 1561 746 remanet
1575 684 1752 758 vestigium

108 787 241 849 illarum
255 803 428 848 sacrarum
449 803 607 848 manuum
630 787 732 857 tactu,
748 802 799 847 me
814 785 903 846 inte·
958 799 1168 862 percussurae
1185 805 1193 842 :
1210 784 1325 860 sicque
1351 781 1473 843 factum
1498 783 1559 853 est,
1585 782 1622 842 ut
1644 782 1754 842 latens

109 901 166 962 gre
192 885 233 946 ab
260 884 350 944 omni
377 884 474 960 plaga
508 884 647 945 curavit.
685 883 903 944 crebescente
958 883 1078 945 mentis
1103 881 1291 952 infirmitas,
1307 896 1368 956 per
1382 879 1499 956 patens
1517 879 1755 940 carniscaute-

108 983 239 1046 tandem
251 981 352 1060 hujus
367 981 456 1042 fama
475 981 641 1052 miraculi,
658 981 825 1042 accelerat
843 996 905 1056 po·
958 980 1056 1050 rium,
1074 993 1218 1054 superna
1234 978 1428 1055 providente
1445 977 1631 1047 clementia,
1648 991 1751 1037 cura-

108 1081 206 1158 pulus
222 1080 341 1150 omnis,
359 1081 392 1142 et
406 1079 558 1140 videntes
570 1079 605 1138 in
619 1080 688 1141 tam
703 1079 819 1155 aperto
832 1093 905 1154 pro·
958 1077 1061 1147 retur,
1078 1078 1252 1152 menteque
1266 1078 1385 1137 sanata
1398 1075 1517 1150 etipsa
1536 1089 1614 1136 caro
1629 1075 1755 1151 pariter

111 1178 223 1254 digio,
254 1178 444 1252 stigmatum
470 1179 507 1237 B.
535 1176 706 1237 Francisci
735 1176 902 1246 virtutem,
959 1177 1145 1236 sanaretur.
1169 1174 1221 1235 Fit
1240 1174 1339 1234 homo
1361 1173 1496 1233 humilis
1522 1175 1589 1232 Deo
1604 1172 1752 1244 devotus,

109 1275 331 1337 admiratione
353 1273 452 1334 simul
473 1275 506 1335 et
528 1273 651 1349 gaudio
678 1272 902 1349 replebantur,
960 1271 1074 1332 sancto
1090 1271 1122 1332 et
1136 1270 1276 1332 fratrum
1292 1271 1407 1331 ordini
1423 1271 1582 1346 perpetua
1603 1269 1753 1330 familia-

109 1373 297 1450 Gbristique
312 1371 509 1448 signiferum
522 1371 654 1447 magnis
669 1371 804 1430 laudum
823 1383 906 1448 prae·
959 1369 1058 1430 ritate
1073 1367 1252 1445 subjectus.
1264 1370 1370 1446 Hujus
1382 1368 1432 1430 rei
1448 1369 1515 1428 tam
1529 1367 1676 1428 solemne
1691 1367 1757 1426 mi-

111 1471 218 1532 coniis
249 1469 464 1530 extollebant.
496 1469 601 1544 Digne
631 1469 761 1545 quidem
788 1467 905 1528 beatus
959 1465 1121 1535 naculum,
1130 1466 1332 1542 juramentis
1347 1465 1512 1528 firmatum
1530 1463 1602 1536 fuit,
1615 1466 1648 1527 et
1659 1465 1754 1526 litte*

112 1571 217 1646 pater,
244 1569 433 1644 carrajam
457 1567 618 1638 mortuus,
643 1568 676 1629 et
694 1567 810 1626 virens
831 1581 905 1625 oum
960 1563 1007 1623 ris
1040 1563 1143 1639 sigilli
1180 1562 1328 1639 episcopi
1363 1563 1546 1624 munimine
1575 1562 1752 1634 roboratis,

112 1666 256 1738 Christe,
271 1665 460 1741 praesentiae
474 1679 544 1724 suae
555 1664 746 1726 ostensione
760 1661 906 1723 mirabili
960 1661 1066 1737 ipsius
1091 1661 1132 1722 ad
1161 1676 1221 1721 nos
1245 1661 1361 1722 notitia
1387 1661 1495 1722 delata
1520 1661 1681 1736 pervenit.
1708 1662 1754 1720 De

113 1765 314 1842 ctmanunm
328 1777 499 1836 sacrarum
515 1761 704 1838 palpatione
719 1760 908 1830 suavinub
961 1758 1066 1819 sacris
1087 1773 1168 1833 ergo
1196 1757 1418 1834 stigmatibus,
1446 1757 1559 1818 nullus
1583 1758 1626 1819 sit
1648 1757 1756 1818 ambi*

112 1861 229 1922 nerato
249 1859 418 1920 lethaliter
436 1860 509 1920 viro
529 1858 705 1919 sanitatem
729 1858 904 1926 concessit,
961 1855 1078 1930 guitati
1092 1855 1201 1930 locus3
1219 1855 1345 1915 nullius
1356 1857 1391 1914 in
1404 1856 1478 1927 hoo,
1496 1855 1573 1932 quia
1589 1858 1676 1916 Deus
1690 1855 1754 1917 bo·

114 1975 188 2020 rum
204 1958 296 2018 illius
310 1956 411 2019 etiam
430 1957 466 2016 in
485 1971 520 2016 se
534 1955 689 2031 stigmata
707 1953 833 2026 tulerit,
850 1955 907 2031 qui
961 1969 1025 2014 nus
1039 1953 1099 2024 est,
1128 1967 1270 2029 nequam
1295 1955 1339 2014 sit
1364 1954 1491 2024 oculus,
1518 1953 1613 2029 quasi
1638 1952 1756 2030 hujus-

114 2053 379 2117 misericorditer
398 2054 556 2126 moriens,
573 2055 606 2114 et
621 2051 818 2114 mirabiliter
831 2067 908 2112 sur*
961 2049 1050 2110 modi
1063 2050 1141 2110 doni
1154 2049 1288 2126 largitio
1302 2051 1511 2127 sempiternae
1530 2050 1671 2114 bonitati
1688 2066 1755 2112 non

113 2153 427 2230 gens,rulneratum
443 2165 549 2226 genus
564 2151 745 2212 humanum
761 2150 908 2211 etsemi-
961 2149 1132 2223 congruat.
1164 2147 1199 2209 Si
1228 2149 1317 2209 enim
1345 2149 1404 2210 illo
1433 2163 1547 2210 amore
1579 2149 1754 2224 seraphioo

112 2253 228 2314 virum
250 2249 403 2312 relictum
429 2249 602 2326 plagarum
628 2263 763 2308 suarum
784 2248 907 2310 virtute
962 2245 1066 2306 multa
1092 2244 1240 2306 membra
1266 2245 1367 2322 capiti
1390 2245 1596 2307 cohaererent
1610 2245 1752 2317 Christo,

112 2348 255 2411 sanavit.
963 2342 1043 2403 utet
1056 2343 1091 2404 in
1105 2342 1193 2403 bello
1208 2342 1309 2404 simili
1335 2346 1504 2403 armatura
1525 2342 1756 2403 invenirentur

132 2445 227 2522 Apud
237 2444 558 2520 Potentiamhpuliae
569 2441 828 2514 civitatem,erat
839 2441 908 2518 qui·
962 2439 1136 2515 condigna,
1167 2439 1200 2501 et
1228 2441 1262 2501 in
1289 2455 1394 2516 regno
1418 2440 1459 2501 ad
1488 2438 1629 2500 similem
1647 2439 1756 2502 forent

112 2543 188 2603 dam
204 2541 345 2603 clericus
364 2544 515 2616 Rogerus
535 2541 679 2613 nomine,
695 2541 748 2600 vir
762 2539 909 2601 bonora—
961 2537 1103 2614 gloriam
1118 2537 1343 2609 subvehenda,
1360 2538 1472 2598 nullus
1487 2538 1550 2598 boc
1565 2553 1655 2598 sanae
1667 2553 1756 2597 men=

112 2640 202 2711 bilis,
224 2641 257 2700 et
282 2638 432 2700 ecclesias
459 2638 597 2714 majoris
624 2636 815 2699 canonicus.
846 2637 907 2697 llic
961 2635 1015 2707 tis,
1033 2634 1098 2696 nisi
1114 2636 1155 2697 ad
1179 2635 1303 2698 Christi
1328 2636 1480 2711 gloriam,
1506 2628 1632 2696 diceret
1652 2635 1756 2712 perti-

112 2753 189 2798 cum
213 2735 406 2799 infirmitate
422 2737 610 2812 quassatus,
626 2735 679 2796 die
695 2734 836 2812 quadam
852 2749 908 2794 ec*
962 2747 1052 2794 nere.

113 2834 251 2896 alesiam
285 2835 440 2895 oraturus
461 2833 633 2906 intrasset,
660 2833 787 2910 inqua
816 2832 908 2893 erat-

112 2932 224 3007 imago
245 2933 281 2992 B.
294 2929 465 2992 Francisoi
491 2928 631 3007 depicta,
663 2930 809 3006 gloriosa
824 2928 930 3004 stig-¹
1320 2991 1324 3000 ,
1459 2989 1460 2994 ,

112 3029 203 3088 mata
221 3028 479 3103 repraesentans,
505 3027 605 3103 coepit
626 3025 666 3087 de
687 3025 779 3087 illius
801 3025 909 3086 subli·
1135 2993 1185 3062 De
1198 2997 1347 3061 mmm
1361 3001 1547 3064 Wfl'lafss*

112 3121 229 3183 mitate
243 3119 407 3191 miraculi,
424 3121 582 3197 tanquam
595 3119 635 3181 de
649 3135 687 3181 re
702 3118 837 3183 omnino
858 3119 909 3180 inb

115 3219 227 3290 solita,
240 3219 273 3279 et
284 3217 484 3293 impossibili
498 3217 660 3278 dubitare.
1002 3223 1039 3281 ln
1054 3221 1163 3282 castro
1177 3220 1297 3282 montis
1312 3221 1442 3282 Marani
1455 3227 1556 3299 prope
1576 3225 1754 3286 Beneven-

153 3315 270 3376 Snbito
285 3315 397 3390 igitur,
414 3314 492 3375 dum
507 3316 617 3376 mente
639 3315 792 3391 plagatus
814 3315 906 3376 inte·-
961 3319 1040 3389 tum,
1051 3319 1331 3396 mulierquaedam
1346 3321 1377 3380 S.
1392 3321 1571 3383 Franolsco
1591 3321 1752 3398 peculiari

111 3412 185 3472 rius
221 3412 383 3488 cogitaret
409 3412 535 3484 inania,
559 3412 594 3474 iu
621 3413 731 3489 palma
763 3413 907 3474 sinistrae
962 3415 1137 3477 devotione
1156 3416 1339 3487 cohaerens,
1358 3417 1444 3478 viam
1459 3419 1625 3480 universae
1641 3422 1751 3480 carnis

110 3525 233 3570 manus
261 3509 321 3570 sub
346 3509 548 3582 chirotheca,
570 3510 717 3586 graviter
742 3525 779 3572 se
805 3511 909 3572 sensit
961 3512 1753 3589 intravittlonvenientibusautemclericisnoete

112 3622 188 3668 esse
203 3621 408 3682 percussum,
437 3607 581 3668 sonitum
608 3607 747 3668 audiens
771 3622 908 3684 percus-
962 3610 1003 3670 ad
1014 3610 1173 3688 exequias
1183 3611 1216 3672 et
1226 3610 1358 3686 vigilias
1369 3627 1443 3672 cum
1454 3612 1621 3689 psalteriis
1633 3613 1758 3675 decan*-

111 3703 905 3781 surae,velntcumspiculumprosilitdebalista;
961 3706 1090 3777 tendas,
1119 3705 1227 3768 subito
1253 3707 1382 3768 cunctis
1411 3708 1623 3769 cernentibus
1648 3711 1756 3771 erexit

110 3815 256 3878 moxque
270 3803 338 3862 tam
351 3802 785 3878 vulneresauoiatus,quam
796 3801 907 3863 sonitu
962 3819 998 3864 se
1020 3803 1140 3864 mulier
1154 3818 1255 3879 super
1269 3803 1400 3875 lectum,
1416 3805 1449 3866 et
1469 3821 1570 3865 unum
1586 3806 1626 3867 de
1641 3809 1756 3868 astan-

110 3897 327 3974 stupefactus,
337 3898 562 3960 chirothecam
574 3899 723 3959 demanu
738 3898 854 3967 traxit,
871 3899 908 3959 ut
963 3900 1050 3962 tibus
1066 3900 1283 3972 sacerdotem,
1294 3900 1461 3976 patrinum
1475 3902 1629 3965 videlicet
1644 3921 1752 3976 suum,

70 4029 73 4034 .
109 3995 189 4057 risu
204 3994 425 4070 dignosceret,
449 3995 642 4072 quodtactu
657 3997 860 4072 perceperat,
875 3996 908 4056 et
962 3997 1147 4068 advocavit,
1174 3996 1289 4058 dicens
1310 3997 1418 4059 :Volo
1444 3999 1611 4073 confiteri,
1648 4005 1752 4080 pater.

109 4091 241 4153 auditu.
253 4094 397 4168 Cumque
410 4093 503 4153 nulla
513 4092 631 4155 fuisset
642 4093 735 4169 prins
747 4093 782 4152 in
798 4092 908 4169 palma
962 4097 1030 4171 Ego
1053 4096 1143 4157 enim
1158 4095 1299 4167 moitue,
1315 4095 1397 4156 duro
1408 4111 1499 4157 eram
1519 4100 1647 4160 carceri
1660 4117 1755 4161 man-

108 4189 297 4266 percussio,
314 4189 489 4265 conspexit
513 4189 548 4250 in
567 4189 675 4250 medio
697 4205 814 4250 manus
830 4191 906 4266 pla·
962 4193 1114 4270 cipanda,
1131 4192 1287 4270 quoniam
1302 4194 1483 4268 peccatum,
1499 4197 1585 4273 quod
1596 4195 1656 4259 tibi
1672 4215 1757 4275 pan-

107 4301 201 4362 gam,
216 4287 311 4362 quasi
323 4285 455 4362 sagittae
466 4287 680 4364 percussione
692 4287 853 4349 inflictam
864 4303 908 4348 ex
961 4291 1048 4362 dam,
1065 4290 1204 4352 necdum
1224 4289 1376 4352 confessa
1395 4291 1533 4354 fueram.
1549 4293 1612 4355 Sed
1626 4301 1752 4371 orante,

107 4399 179 4475 qpa
199 4383 292 4444 tanta
310 4383 362 4444 vis
385 4384 584 4460 procedebat
599 4385 740 4456 ardoris,
758 4385 794 4446 ut
808 4385 905 4446 ride·
961 4389 1078 4466 inquit,
1095 4399 1153 4465 pro
1168 4403 1221 4450 me
1233 4390 1265 4448 S.
1282 4389 1473 4462 FranciscO,
1488 4391 1554 4460 oui,
1570 4392 1648 4453 dum
1662 4373 1757 4455 viress

89 4482 207 4542 ‘retur
220 4494 264 4541 ex
281 4480 340 4541 illo
362 4479 514 4542 deficere.
531 4481 684 4542 Mirabile
700 4482 805 4542 diotul
822 4481 908 4544 Nul-
961 4501 1042 4558 rem,
1064 4485 1181 4547 devota
1201 4487 1311 4548 mente
1326 4487 1462 4559 servivi,
1480 4488 1590 4550 redire
1608 4505 1696 4552 nuuc
1712 4493 1752 4551 ad

105 4577 233 4638 lumin
257 4576 449 4639 chirotheca
467 4578 644 4653 vestigium
659 4579 849 4656 apparebat,
872 4578 907 4640 ut
961 4597 1082 4659 corpus
1101 4583 1266 4644 indultum
1285 4585 1337 4644 est
1359 4584 1457 4670 mibi,
1475 4585 1582 4646 utillo
1605 4587 1753 4650 revelato
1860 4645 1875 4670 Ι

106 4673 231 4734 latenti
243 4674 350 4751 plagae
365 4675 487 4742 cordis,
503 4675 645 4736 latenter
657 4675 784 4738 indicta
809 4690 906 4752 poena
960 4682 1108 4758 peccato,
1124 4679 1360 4756 sempiternam
1377 4695 1569 4756 promerear
1582 4682 1696 4748 vitam.
1715 4688 1756 4747 Et

104 4771 264 4832 vulneris
291 4772 516 4849 responderet.
545 4773 673 4834 Clamat
697 4773 819 4834 exinde
846 4789 907 4850 per
960 4791 1037 4838 ecoe
1060 4775 1154 4838 vobis
1175 4776 1375 4847 videntibus,
1399 4778 1572 4854 postquam
1599 4780 1680 4842 illud
1694 4784 1754 4844 de-

98 4867 197 4930 duos
218 4867 300 4939 dies,
324 4867 357 4929 et
378 4869 467 4944 rugit
491 4864 604 4930 dolore
632 4868 830 4944 gravissimo
845 4869 906 4930 sti·
958 4875 1085 4942 texero,
1116 4873 1157 4935 ad
1179 4873 1377 4950 promissam
1391 4875 1540 4951 requiem
1555 4879 1751 4955 properabo.

104 4963 269 5036 mulatus,
293 4968 327 5026 et
340 4965 504 5026 increduli
529 4966 640 5027 cordis
661 4965 823 5038 velamen,
845 4982 906 5028 ex·
958 4971 1224 5046 Trementerego
1239 4969 1404 5032 sacerdoti
1418 4971 1571 5035 trementi
1587 4977 1750 5052 confessa,

104 5061 216 5139 plicat
230 5061 411 5135 universim
425 5061 560 5123 credere
575 5077 612 5122 se
621 5063 796 5131 veraciter,
808 5077 904 5124 sacra
959 5055 1033 5145 post
1053 5067 1294 5130 absolutionem
1322 5071 1507 5144 receptam,
1532 5073 1642 5148 quiete
1663 5092 1700 5137 se
1719 5079 1753 5140 in

103 5159 269 5233 stigmata
293 5158 397 5219 fuisse
420 5159 455 5219 in
478 5161 511 5220 S.
528 5159 706 5220 Francisoo
722 5160 854 5232 fatetur,
872 5161 905 5222 et
958 5165 1043 5227 lecto
1058 5165 1202 5240 collegit,
1216 5166 1249 5226 et
1266 5165 1301 5224 in
1316 5165 1454 5226 Domino
1469 5165 1612 5231 feliciter
1627 5167 1751 5236 nudor-¹

98 5256 202 5332 jurat
220 5255 410 5345 contesmns
425 5255 532 5316 omnis
542 5255 904 5318 dubitationisabsces-
958 5262 1063 5323 misit

104 5353 198 5412 sisse
212 5352 455 5428 phantasmata.
466 5353 904 5429 Oratsupplicitersanctum
998 5361 1035 5418 ln
1051 5359 1160 5420 castro
1176 5361 1351 5430 Pamaroo,
1372 5360 1407 5420 in
1427 5363 1592 5424 montanis
1621 5367 1749 5444 Apuliae

102 5449 183 5520 Dei,
213 5463 273 5526 per
293 5464 390 5510 sacra
411 5449 475 5511 sibi
495 5449 654 5525 stigmata.
667 5450 854 5524 subvenire,
872 5453 905 5514 at
958 5455 1076 5532 posito,
1097 5455 1184 5532 patri
1198 5457 1232 5517 et
1246 5456 1343 5516 matri
1359 5457 1458 5518 unica
1473 5461 1546 5521 erat
1561 5461 1629 5522 fllia
1642 5462 1676 5522 in
1692 5465 1746 5525 te-

103 5532 235 5606 mettas
250 5546 359 5606 cordis
374 5561 489 5622 preces
505 5548 609 5608 multo
627 5548 905 5625 impinguat-pro-
958 5566 1038 5612 nera
1057 5552 1163 5624 aetate,
1176 5552 1290 5613 tenere
1306 5553 1508 5628 praedilecta.
1523 5558 1592 5628 Qua
1604 5558 1748 5623 infirmi-

257 5691 371 5734 mracu.
390 5693 465 5734 rous
485 5680 531 5736 Vl.
1214 5711 1215 5714 ¹
1570 5688 1586 5744 o
