4204 6402
366 303 425 364 911
788 305 822 366 S.
849 303 1023 366 ANTONll
1054 300 1240 365 ribuarii
1268 299 1406 366 OPERA
1433 299 1580 366 OMNIA.
1927 311 1972 376 lu

367 477 428 540 per
450 462 562 526 carnis
576 461 874 536 mortificationem,
896 463 929 524 et
940 461 1085 523 libamen
1099 471 1158 538 per
1211 460 1564 526 sicuturmamentum
1584 462 1660 525 coeli
1688 459 1808 527 dividit
1832 479 1929 540 acuas
1945 475 1975 533 cb
2040 480 2041 503 ³

367 561 487 622 mentis
503 560 726 634 devotionem3
743 561 777 622 et
791 559 870 621 talis
889 575 967 622 vere
982 558 1157 636 potestdi-
1211 561 1320 630 caute,
1342 557 1470 619 scilicet
1498 560 1690 635 superiores
1711 560 1753 621 ab
1775 561 1975 640 interioribus,
2040 636 2041 647 χ

366 672 444 718 oere
460 676 467 715 ε
483 657 581 718 Salus
596 671 680 718 mea.
1212 655 1260 714 sic
1273 654 1336 730 ipsi
1356 654 1476 717 debent
1496 657 1687 732 superiores
1701 657 1840 720 delicias
1856 660 1975 724 diuidere
2040 660 2041 673 ,

404 756 514 830 Rupes
528 755 691 824 Arabum,
707 754 742 814 et
757 755 846 814 Saba
864 756 954 816 douc
976 751 1155 814 adducent.
1212 748 1399 820 aterrenis,
1414 750 1449 810 in
1461 751 1581 828 seipsis
1593 753 1773 830 operando,
1788 755 1822 816 et
1839 754 1871 816 in
1885 755 1976 818 subdi-
2040 754 2041 757 ’

365 849 488 910 Arabia
502 850 739 926 interpretatur
753 849 905 925 humilis;
922 849 1009 912 unde
1030 846 1157 908 Arabes
1213 845 1255 906 tis
1279 845 1485 919 instruendo,
1511 863 1531 908 a
1557 849 1790 924 similitudine,
1814 851 1883 914 sive
1896 853 1977 915 tirmi-

366 946 520 1010 humlles.
536 947 579 1007 Hi
594 947 1069 1016 offeruntbominoaurum,et
1083 959 1159 1006 con·
1212 943 1280 1003 tate
1302 943 1507 1006 denominati
1530 945 1650 1008 debent
1671 961 1728 1009 eos
1750 949 1978 1020 confirmaret

364 1059 467 1119 grue;
482 1047 608 1104 Aurum
625 1044 713 1105 enim
737 1044 916 1120 pretiosius
932 1043 985 1104 est
1005 1040 1157 1103 omnibus
1213 1039 1388 1132 multiplici
1410 1041 1573 1104 varietate
1587 1041 1716 1119 fulgere
1733 1045 1978 1116 minianum

364 1140 519 1211 metallis,
537 1140 569 1202 et
585 1141 696 1216 aptius
715 1139 756 1200 ad
776 1153 859 1216 opus
880 1138 1049 1215 quodlibet
1063 1137 1105 1198 de
1117 1151 1157 1198 eo
1213 1135 1455 1199 firmamentum
1474 1138 1646 1201 stellarum
1661 1141 1884 1214 multitudine,
1896 1145 1979 1204 etra-

364 1236 564 1299 iaciendum.
589 1237 644 1297 Sic
664 1235 835 1297 humilitas
860 1234 1056 1297 obedientiae
1075 1249 1157 1310 pre·
1212 1232 1342 1294 rietate.
1363 1233 1457 1296 Unde
1478 1235 1543 1312 ipsi
1563 1235 1685 1300 debent
1706 1253 1785 1300 esse
1803 1242 1841 1299 tu
1862 1243 1978 1302 summis

362 1334 483 1396 tiosior
509 1335 560 1395 est
591 1332 745 1394 omnibus
775 1331 966 1406 virtutibus,
991 1334 1024 1394 et
1051 1329 1158 1406 magis
1211 1331 1393 1402 monitum,
1417 1331 1505 1394 idest
1530 1349 1630 1410 super
1651 1333 1737 1397 alios
1762 1335 1898 1406 montes,
1916 1336 1978 1398 idest

364 1429 487 1492 habilis
498 1429 537 1491 ad
548 1429 717 1507 quodlibet
726 1445 808 1505 opus
817 1429 1023 1492 meritorium
1037 1427 1159 1490 lacien-
1212 1426 1358 1490 minores
1372 1429 1574 1502 sacerdotes,
1584 1431 1619 1492 in
1630 1431 1781 1493 Ecclesia
1793 1431 1975 1506 exculcntis.

364 1527 454 1588 dum.
470 1527 532 1600 Qui
542 1525 630 1588 hanc
644 1526 779 1598 habent,
795 1541 874 1589 vere
886 1527 1026 1588 Domino
1039 1539 1157 1586 aurum
1215 1523 1276 1584 Sed
1292 1525 1481 1588 invenimus
1506 1527 1593 1588 inter
1608 1528 1767 1604 praelatos
1792 1529 1896 1592 nosti
1913 1531 1977 1590 ten-

365 1623 519 1686 offerunt.
540 1623 602 1686 Hic
622 1626 673 1685 est
687 1624 825 1686 effectus
845 1623 1008 1696 caritatis,
1028 1621 1085 1699 qui
1099 1635 1159 1698 per
1213 1621 1304 1698 poris
1324 1638 1448 1699 paucos
1468 1623 1565 1686 tales.
1581 1627 1665 1687 Fere
1689 1641 1808 1687 omnes
1828 1626 1901 1688 huic
1918 1643 1978 1687 sen·

363 1721 440 1783 auri
456 1721 601 1783 colorem
620 1721 815 1797 designatur
831 1743 838 1782 :
854 1721 966 1782 Vincit
983 1719 1070 1782 enim
1090 1719 1158 1778 hu·
1213 1718 1326 1780 tentiae
1340 1719 1592 1795 contradicunt;
1609 1721 1797 1783 undeOsee
1812 1721 1977 1800 (5,1ett):

364 1819 488 1880 militas
519 1833 617 1880 omne
648 1819 793 1892 malum;
819 1819 907 1880 unde
936 1817 1092 1878 Salomon
1123 1817 1158 1876 in
1212 1814 1331 1877 Audite
1351 1815 1424 1884 hoc,
1446 1818 1649 1890 sacerdotes,
1667 1822 1700 1880 et
1717 1819 1978 1882 attenditadonus

363 1916 538 1978 Parabolis
562 1914 626 1994 (21,
647 1914 724 1994 28):
747 1919 806 1976 Vir
825 1918 984 1978 obediens
1002 1915 1159 1987 mouetur
1214 1913 1330 1985 lsrael,
1350 1915 1382 1976 et
1396 1915 1512 1976 domus
1527 1915 1617 1991 regis
1629 1916 1819 1978 auscultate
1833 1937 1840 1976 ε
1856 1917 1978 1993 quiam-

364 2010 726 2091 uutomcsutarabia
736 2012 975 2088 interpretatur
985 2009 1156 2082 Occidens,
1213 2009 1340 2070 hiscum
1356 2009 1401 2088 (2)
1426 2013 1479 2072 est
1500 2011 1674 2088 judicium,
1687 2013 1847 2090 quoniam
1869 2013 1978 2089 laqueus

366 2112 399 2171 et
410 2109 516 2172 Arabs
540 2107 780 2182 Occidentalim
797 2108 881 2186 quod
904 2109 989 2170 bene
1004 2107 1160 2184 competit
1213 2105 1292 2168 iacti
1305 2107 1387 2168 estis
1401 2109 1632 2185 speculationi,
1648 2112 1681 2175 et
1694 2109 1785 2173 sicut
1797 2111 1868 2172 rete
1879 2125 1978 2185 expau-

364 2205 493 2278 humili,
510 2207 543 2268 et
557 2206 724 2268 obedienti
740 2206 889 2282 pauperi,
904 2206 958 2267 cui
973 2205 1062 2267 totus
1075 2205 1161 2266 occi·
1214 2219 1286 2264 sum
1302 2219 1403 2280 super
1420 2205 1565 2277 Thabor,
1581 2207 1614 2268 et
1637 2207 1794 2269 victimas
1818 2207 1978 2268 declinastis

363 2303 412 2364 dit
426 2302 536 2379 fulgor
557 2304 670 2364 inanis
688 2304 817 2379 gloria,
838 2303 871 2364 et
889 2303 1094 2380 temporalis,
1109 2302 1160 2363 si·
1213 2301 1249 2360 in
1266 2301 1476 2376 protundum.
1497 2319 1517 2363 r
1538 2304 1660 2366 Audite
1678 2304 1755 2376 hoc,
1773 2319 1866 2367 ovos
1878 2307 1978 2364 Sacer·

364 2402 420 2464 cut
448 2401 483 2463 in
515 2401 694 2462 Occidente
718 2401 878 2478 splendor
904 2400 1027 2462 decidit
1053 2397 1160 2462 nostri
1213 2399 1318 2470 dotes,
1332 2398 1416 2460 idest
1430 2399 1571 2476 praelati,
1588 2400 1645 2478 qui
1655 2401 1738 2464 estis
1755 2402 1872 2463 domus
1889 2399 1977 2466 lsrael,

366 2499 464 2560 solis.
479 2500 541 2570 Qui
562 2499 648 2560 tales
670 2501 758 2569 sunt,
778 2513 879 2574 repes
902 2501 1055 2560 Arabum
1069 2496 1157 2568 sunt,
1215 2494 1272 2570 qui
1285 2495 1528 2558 sidentesestis
1543 2511 1603 2574 per
1617 2498 1802 2574 Scripturae
1816 2497 1979 2572 intelligen-

365 2595 437 2657 sive
455 2596 581 2656 Arabes
603 2598 681 2657 sunt
701 2618 709 2655 :
732 2611 811 2658 vere
833 2595 921 2656 euim
947 2610 1077 2666 aurum,
1096 2593 1161 2655 hoc
1214 2591 1310 2667 tiam3
1337 2595 1370 2653 et
1393 2591 1508 2655 domus
1533 2596 1633 2670 regis,
1656 2595 1736 2672 quia
1759 2591 1978 2673 positiestisnd

365 2696 416 2755 est
431 2692 734 2755 virtutumodorem
748 2693 888 2755 Domino
901 2692 1054 2754 offerunt.
1071 2694 1160 2753 Saba
1213 2689 1395 2764 regendum
1417 2690 1500 2752 alios
1524 2707 1532 2752 :
1555 2695 1729 2754 uobiscum
1745 2695 1910 2765 judicium
1933 2689 1979 2758 est,

365 2790 604 2866 interpretatur
623 2790 787 2861 incenle,
809 2789 862 2851 rel
887 2790 1076 2860 conversio,
1089 2788 1161 2850 sive
1214 2787 1291 2863 quia
1303 2789 1394 2862 justo
1410 2788 1538 2868 judicio
1556 2790 1633 2864 aget
1645 2788 1822 2850 vobiscum
1839 2787 1977 2850 Dominus.

366 2887 455 2960 rete;
476 2901 550 2963 quae
576 2885 641 2946 tria
668 2888 827 2947 notantur
850 2887 886 2946 in
910 2887 998 2946 lsaia
1014 2883 1078 2963 (60,
1100 2885 1158 2963 6):
1215 2884 1379 2946 heberent
1413 2885 1576 2962 siquidem
1615 2887 1808 2948 sacerdotes
1838 2886 1979 2947 victimare

362 2987 517 3045 «Omnes
537 2983 579 3044 de
604 2983 690 3044 Saba
712 2983 860 3055 venient,
881 2997 1012 3055 aurum,
1028 2984 1061 3044 et
1082 2982 1161 3043 thus
1214 2980 1363 3044 subditos
1395 2983 1464 3043 Deo
1496 2999 1556 3060 per
1591 2985 1852 3046 macerationem
1883 2981 1979 3050 camis,

364 3079 563 3152 deierantes,
574 3080 746 3142 etlaudem
757 3079 1159 3142 Dominoannunciantes.
1191 3075 1192 3082 ’
1215 3093 1313 3154 quam
1339 3079 1374 3138 in
1395 3080 1485 3155 ipsos
1506 3080 1619 3155 serbo,
1634 3083 1668 3142 et
1688 3079 1979 3159 exemploatfunde-

365 3180 428 3251 Qui
450 3179 538 3239 enim
564 3178 840 3250 desudaverit,
869 3176 945 3238 dum
970 3191 1028 3238 cor
1055 3177 1161 3253 ipsius
1214 3175 1300 3246 rent,
1318 3175 1352 3236 et
1371 3175 1493 3238 siccos
1514 3177 1556 3237 ad
1574 3178 1723 3240 coelestia
1739 3172 1979 3241 elevarent:sed

366 3288 460 3337 amor
475 3275 607 3336 diuinus
618 3273 780 3346 accendit,
798 3274 828 3336 ei
845 3275 922 3336 thus
941 3274 1068 3336 devora
1083 3289 1163 3334 ora·
1215 3271 1282 3348 ipsi
1305 3287 1463 3348 perverso
1485 3289 1595 3350 opere,
1611 3276 1645 3337 et
1666 3291 1775 3352 prava
1789 3275 1927 3337 anchira
1939 3283 1981 3331 eos

365 3372 467 3434 tionis
482 3371 589 3434 offert.
607 3373 709 3442 Quem
730 3385 810 3431 vere
833 3373 921 3432 Deus
940 3370 1115 3441 convertit,
1129 3371 1160 3432 ei
1215 3368 1388 3430 victimant
1402 3369 1547 3445 diabolo,
1562 3374 1596 3434 et
1616 3372 1652 3432 in
1673 3371 1871 3448 protundum
1884 3367 1980 3432 interni

367 3485 411 3531 ex
422 3468 531 3530 debito
553 3468 670 3529 laudes
690 3468 802 3529 solvit.
817 3468 879 3540 Qui
898 3471 1008 3528 autem
1020 3467 1084 3529 hoc
1105 3465 1158 3528 ia·
1215 3465 1405 3542 declinant,
1427 3467 1515 3530 unde
1526 3471 1611 3542 tacti
1631 3471 1708 3532 sunt
1719 3476 1872 3543 eaqueus,
1885 3469 1914 3528 et
1925 3465 1981 3526 rete

368 3567 424 3641 cit,
439 3567 472 3628 in
487 3568 569 3638 rete,
582 3566 653 3626 sive
669 3565 703 3626 in
715 3567 906 3642 compedem
919 3565 1034 3642 pedem
1050 3565 1159 3641 ponit;
1215 3563 1340 3626 diaboli
1363 3577 1548 3640 expansum
1574 3581 1675 3642 super
1706 3566 1851 3629 Thabor.
1876 3561 1981 3626 Thabor

367 3663 449 3726 dicit
462 3662 551 3724 enim
562 3661 817 3724 Ecclesiasticus
832 3661 878 3738 (6,
889 3661 943 3742 25)
959 3683 966 3722 :
982 3662 1091 3733 «Fili,
1103 3662 1160 3722 in·
1215 3662 1454 3738 interpretatur
1469 3663 1607 3724 veniens
1622 3663 1747 3725 lumen.
1765 3665 1823 3725 list
1835 3677 1908 3739 ergo
1920 3673 1980 3720 sen·

363 3751 433 3842 J'ic'e
447 3760 575 3838 pedem,
592 3757 710 3821 »idest
730 3759 851 3822 mentis
872 3759 1023 3830 affectus,
1040 3759 1160 3837 quibus
1216 3773 1294 3822 sus:
1313 3761 1416 3832 V0s‚a
1428 3759 1548 3836 quibus
1558 3759 1672 3822 debuit
1681 3761 1797 3822 uenire
1816 3761 1927 3828 lumen,
1941 3769 1980 3816 ex-

367 3860 473 3922 tertur
486 3859 586 3920 homo
598 3857 828 3935 spiritualiter,
845 3861 1110 3932 «incompactas,
1126 3861 1162 3920 et
1216 3857 1378 3934 pandistis
1387 3859 1459 3918 rete
1467 3858 1620 3918 avaritias
1628 3860 1748 3920 vestrae
1764 3860 1798 3921 et
1812 3853 1978 3932 iniquitatis,

367 3961 488 4018 mltum
502 3955 600 4016 tatum
614 3955 802 4027 intorques
815 3955 936 4027 ipatus,
952 3953 1068 4015 »idest
1083 3969 1160 4014 ser·
1216 3969 1280 4032 quo
1309 3954 1504 4031 laqueastls,
1531 3955 1584 4015 vel
1616 3956 1770 4018 retuistis
1795 3954 1939 4023 subditos,
1957 3950 1981 4007 et

368 4067 484 4114 mones
498 4055 586 4122 tuos,
601 4049 679 4128 quia
694 4049 816 4110 collum
833 4049 889 4110 via
910 4049 1076 4110 sermonis
1089 4052 1159 4124 est;
1216 4051 1264 4112 sic
1276 4050 1468 4113 declinastis
1480 4050 1633 4114 victimas
1655 4053 1690 4114 in
1705 4053 1909 4130 protundum,
1923 4044 1979 4124 quit

369 4150 437 4227 qui,
462 4149 611 4225 inquam,
637 4145 714 4207 talis
739 4145 856 4215 tuerit,
882 4147 918 4208 ut
942 4147 1077 4208 nonnisi
1102 4163 1162 4224 per
1215 4164 1273 4210 eos
1287 4147 1485 4208 uictimastis
1500 4147 1644 4209 diabolo.
1657 4149 1718 4210 Vel
1734 4147 1884 4210 :Thabor
1897 4146 1978 4204 inter·

370 4246 569 4323 sapientiam
583 4246 662 4320 agat
675 4241 813 4320 aliquid,
827 4241 880 4304 vel
900 4243 1067 4320 loquatur,
1088 4242 1162 4322 prc-
1217 4237 1365 4322 pretatur
1385 4245 1478 4321 lepra
1494 4245 1644 4307 veniens.
1664 4248 1772 4323 Lepra
1785 4246 1913 4308 veniens
1924 4253 1981 4316 pec-

369 4344 455 4406 iecto
487 4355 605 4404 aurum
637 4340 811 4418 sapientiae
843 4342 1069 4418 competenter
1093 4345 1161 4405 Deo
1216 4345 1325 4406 catum
1341 4343 1492 4419 irrepens
1502 4346 1563 4414 est,
1580 4344 1676 4420 quasi
1691 4343 1731 4420 de
1746 4345 1802 4406 via
1816 4345 1851 4406 in
1863 4342 1980 4403 minores

369 4441 478 4505 offert.
1124 4467 1126 4474 v
1216 4440 1315 4501 rudes
1348 4438 1472 4501 veniat.
1509 4440 1783 4516 Superexorescit
1815 4445 1917 4501 tamur
1938 4443 1980 4510 per

595 4601 735 4663 suu
757 4599 933 4662 amm
1216 4528 1979 4714 titillatustliitlhilt

626 4741 729 4800 Contra
753 4739 898 4798 Prolatos.
1215 4731 1358 4794 Thabor.
1379 4750 1399 4794 r
1419 4733 1458 4794 st
1481 4732 1565 4793 bene
1592 4731 1715 4794 dicitur
1742 4745 1934 4808 saporosum,
1954 4721 1979 4780 ll

1217 4831 1327 4907 plures
1351 4829 1481 4906 capiat;
1506 4830 1586 4906 quia
1611 4831 1700 4907 capit
1723 4830 1835 4908 plures
1856 4821 1978 4888 diabolus

1215 4942 1274 5004 per
1299 4926 1424 4988 malum
1444 4927 1632 5004 exemplum
1657 4927 1880 5004 prelatorum,
1903 4929 1976 4998 lilim

1215 5027 1424 5088 caeterorum.

1253 5121 1419 5184 Deberent
1442 5121 1542 5184 etiam
1565 5137 1640 5184 esse
1664 5124 1792 5185 montes
1817 5118 1974 5192 inminui

366 4877 446 4940 Erit
477 4875 738 4950 firmamentum
764 4875 803 4936 tu
826 4875 925 4936 terra
949 4877 987 4936 tu
1014 4877 1161 4937 summis

405 4975 592 5046 montium·
614 4973 904 5048 superextolletur
923 4986 1030 5046 super
1054 4971 1159 5034 Libu‘-

405 5088 490 5136 uum
507 5071 643 5147 tructus
661 5076 757 5144 ejus:
769 5069 802 5130 et
826 5069 995 5142 florebunt
1014 5071 1055 5132 de
1069 5072 1158 5130 ctut-

406 5171 477 5234 tate
494 5171 582 5232 W
605 5169 737 5242 soe'mm
759 5168 877 5230 ‘eme'
901 5164 1005 5246 (Μ’
1021 5168 1072 5238 ⁷1⁹
1094 5164 1158 5244 Μ’)
1214 5219 1345 5290 lubrici,
1363 5221 1451 5281 sicut
1464 5221 1593 5282 montes
1608 5218 1742 5292 Gelhoe,
1757 5220 1812 5298 qui
1824 5211 1930 5278 lubrici
1941 5208 1976 5266 iu·

404 5323 507 5384 Terra
522 5321 587 5381 ista
603 5320 654 5378 est
670 5317 831 5390 Ecclesia,
843 5320 938 5392 cujus
951 5319 1158 5389 dulcomen-
1212 5318 1449 5394 terpretantur,
1477 5316 1598 5395 quibus
1628 5318 1801 5380 maledixit
1828 5309 1928 5378 David,
1950 5301 1975 5362 ui

365 5417 567 5483 tumdebent
580 5429 653 5477 esse
668 5414 863 5492 presbyteri,
877 5416 910 5478 et
925 5415 1158 5492 praelati3quia
1213 5415 1355 5478 habetur
1371 5414 1405 5475 in
1427 5415 1573 5478 secundo
1597 5415 1685 5479 libro
1709 5421 1832 5494 Regum
1852 5412 1891 5494 (1,
1905 5397 1972 5468 isal

401 5624 441 5694 (l)
457 5619 542 5692 Vulg.
556 5618 714 5676 victoriam.
1247 5619 1288 5691 (t)
1307 5618 1392 5692 vulg.
1410 5613 1501 5704 robis.
