4184 6410
311 294 369 356 rat
739 287 972 350 S.ANTON11
1000 285 1188 349 PADUANI
1214 286 1352 350 OPERA
1378 287 1526 350 OMNIA.
1897 289 1962 352 732

312 451 414 518 terite
427 451 510 524 dies,
527 448 567 510 de
579 463 645 528 qua
657 447 739 512 dicit
749 446 811 512 Job
827 445 872 528 (3,
887 445 943 528 3);
960 446 1131 510 «Pereat
1168 445 1320 508 Samaria
1350 445 1408 519 ita,
1435 444 1521 528 quod
1553 445 1651 522 egeni
1680 443 1835 510 emebant
1865 463 1956 526 capu

316 549 432 612 diesin
444 563 508 626 qua
521 547 620 608 natus
635 561 753 608 sum.»
776 545 958 611 Delectatio
979 544 1112 621 peccati
1166 543 1254 605 asini
1275 543 1443 619 octoginta
1457 542 1639 620 argenteis,
1665 545 1698 606 et
1716 546 1872 623 quartam
1887 561 1973 622 par-

317 646 404 729 perit
418 644 616 708 adveniente
635 644 756 720 gratia,
773 645 807 707 et
823 643 966 706 vertitur
980 643 1016 704 in
1031 657 1113 706 con·
1166 641 1233 706 tem
1258 640 1332 702 cabi
1363 640 1522 702 stercoris
1554 640 1784 702 columbarum
1820 643 1973 720 quinque

315 744 486 822 temptum,
509 743 543 804 et
567 743 700 818 exaret3
724 741 812 806 unde
832 741 917 804 bene
936 741 1111 818 sequitur:
1166 736 1335 814 argenteis
1345 735 1406 818 (2).
1424 738 1542 798 Fames
1556 736 1616 798 illa
1632 736 1796 800 defectum
1808 753 1900 798 verm
1917 753 1972 798 sa-

314 841 486 904 Peroussit
507 839 678 913 hederam,
707 841 741 903 et
762 839 905 900 exaruit.
930 837 1008 900 Ideo
1028 838 1113 901 bene
1166 834 1293 896 tietatis
1313 831 1490 912 significat.
1515 833 1578 896 Hic
1594 833 1744 896 defectus
1762 837 1814 896 est
1826 835 1863 896 in
1878 850 1970 912 quo-

317 937 530 1016 subjungitur
546 953 586 1000 :a
600 939 765 1014 Praecepit
780 937 976 1000 benevento
991 934 1111 1006 calido,
1166 931 1248 994 libet
1261 933 1447 1010 peccatore,
1469 930 1526 1010 qui
1550 931 1761 1008 compellitur
1780 947 1852 1010 prae
1867 931 1970 993 famis

317 1038 352 1099 et
363 1035 473 1098 urenti
486 1052 493 1090 τ
505 1035 539 1098 et
549 1033 713 1112 percussit
724 1034 772 1096 sol
785 1035 994 1112 supercaput
1005 1035 1111 1104 lonae,
1167 1028 1321 1106 angustia
1336 1043 1532 1106 comparare
1547 1029 1650 1102 caput
1664 1032 1767 1090 αεῖηῖ.
1787 1032 1853 1090 Per
1862 1030 1971 1106 cupiit

317 1135 351 1196 et
364 1133 529 1198 aestuabat
545 1155 552 1194 :
567 1134 607 1194 Et
618 1131 715 1208 petiit
729 1131 850 1194 animae
868 1147 938 1194 suae
953 1132 989 1195 ut
1004 1145 1115 1192 more·
1168 1130 1259 1190 arou
1282 1125 1492 1202 significatur
1516 1125 1638 1189 mentis
1659 1128 1784 1204 torpor,
1812 1128 1848 1188 et
1869 1127 1971 1188 stoli-

316 1232 440 1293 retur»
468 1227 528 1310 (1).
557 1229 619 1290 Hic
640 1227 725 1290 bene
749 1229 948 1307 exprimitur
973 1227 1114 1289 affectus
1167 1223 1266 1285 ditas.
1280 1226 1414 1286 Stercus
1427 1223 1652 1286 columbinum
1670 1225 1722 1287 est
1736 1223 1967 1296 immunditia,

318 1327 465 1392 bominis
489 1321 692 1405 poenitentis.
709 1329 838 1390 Ventus
864 1326 915 1388 est
935 1323 1113 1403 inspiratio
1168 1322 1201 1384 et
1214 1320 1372 1387 foetiditas
1385 1322 1609 1400 peccatorum.
1625 1323 1736 1398 Turpe
1751 1322 1863 1384 astuti
1878 1327 1971 1384 sten-

320 1426 463 1504 Spiritus
486 1425 611 1498 Sancti,
636 1423 692 1502 qui
719 1424 843 1486 dicitur
861 1422 1009 1495 calidus,
1036 1422 1115 1504 quia
1168 1417 1302 1482 curibus
1317 1419 1546 1496 peccatorum
1563 1418 1621 1480 sed
1639 1419 1771 1496 turpius
1789 1418 1965 1482 delectari.

317 1523 445 1586 mentes
458 1521 620 1594 accendit,
637 1523 671 1584 θῖ
691 1520 885 1601 gelicidium
907 1521 1035 1600 peccati
1050 1519 1116 1582 tol·
1170 1515 1263 1578 Unde
1275 1519 1359 1580 Osee
1382 1515 1495 1596 (7,14)
1514 1537 1521 1575 ι
1543 1519 1650 1596 Super
1669 1515 1849 1590 frumento,
1871 1517 1966 1589 vino,

318 1620 374 1693 lit,
398 1621 431 1682 et
463 1635 560 1681 omne
588 1618 726 1682 noxium
755 1617 931 1680 consumit.
957 1619 997 1682 Et
1023 1617 1113 1688 ηοῖθ,
1169 1613 1289 1676 etoleo
1307 1611 1355 1694 (3)
1380 1613 1604 1676 ruminabant.
1630 1614 1814 1676 Ruminare
1832 1614 1971 1675 anima-

318 1717 407 1798 quod
424 1732 492 1780 non
518 1715 614 1789 dixit,
628 1715 821 1789 irradiavit,
835 1716 890 1778 vel
911 1712 1116 1776 illuminavit
1169 1709 1251 1774 lium
1266 1712 1327 1781 est,
1350 1713 1383 1776 et
1394 1726 1435 1774 ea
1454 1711 1677 1784 ruminantur,
1698 1727 1772 1790 quae
1784 1712 1970 1774 transeunt

317 1816 387 1892 sol;
402 1815 475 1888 sed,
492 1814 658 1892 percussit
678 1811 744 1887 sol;
760 1828 820 1890 per
837 1813 924 1890 quod
950 1810 1115 1888 intelligi·
1168 1809 1203 1869 in
1219 1807 1379 1872 stercora.
1394 1811 1433 1872 nt
1446 1810 1535 1872 certe
1549 1809 1807 1884 foetidissimum,
1827 1813 1864 1872 et
1888 1811 1972 1871 tur-

317 1929 392 1974 mus
420 1927 535 1974 veram
569 1911 813 1987 cognitionem,
835 1925 909 1986 quae
939 1910 991 1972 est
1019 1909 1115 1986 quasi
1168 1905 1343 1984 pissimum
1356 1910 1408 1970 est
1421 1907 1594 1970 revolvere
1608 1906 1650 1968 ad
1672 1906 1871 1970 memoriam
1885 1922 1970 1984 pern

318 2008 482 2088 quoddam
512 2007 693 2084 flagellum.
721 2005 858 2080 Quando
891 2007 981 2068 enim
1015 2005 1115 2068 bomo
1169 2007 1291 2078 catum,
1308 2005 1342 2067 et
1356 2003 1516 2068 delectari
1531 2005 1566 2066 in
1580 2019 1632 2078 eo,
1647 2005 1734 2083 quod
1745 2005 1897 2067 transire
1906 2003 1971 2066 de-

319 2106 405 2170 bene
426 2103 596 2182 cognoscit
619 2103 835 2180 fragilitatem
859 2119 965 2175 snam,
981 2102 1114 2181 quando
1168 2101 1224 2166 bet
1237 2101 1273 2162 in
1288 2101 1503 2178 egestionem.
1520 2102 1644 2164 ntideo
1654 2102 1805 2164 dicamus
1822 2103 1971 2164 :Anima

317 2201 481 2267 beneficia
494 2199 1111 2272 sibiaDeocollatabeneconsiderat,
1169 2201 1284 2263 nostra
1307 2200 1530 2262 delectabitur
1556 2203 1594 2262 tn
1623 2204 1780 2264 Domino.
1806 2201 1847 2262 nt
1882 2215 1972 2278 quo
2081 2199 2082 2220 ¹

318 2303 398 2364 tunc
413 2315 489 2362 eum
503 2299 553 2362 sol
566 2299 719 2380 percutit,
734 2299 767 2360 et
778 2299 888 2361 oritur
902 2298 934 2360 ei
946 2298 997 2360 sol
1007 2298 1113 2376 justi·
1169 2296 1266 2360 modo
1290 2296 1530 2360 delectabiturt
1552 2299 1665 2374 Super
1682 2299 1837 2360 satutare
1852 2298 1973 2360 salva-

319 2399 405 2462 tiae:
428 2399 509 2460 tunc
543 2396 692 2476 poenitet,
718 2397 752 2459 et
785 2395 932 2474 seipsum
964 2397 1112 2458 accusat.
1168 2394 1282 2467 lionis,
1304 2394 1572 2468 resurrectionis,
1602 2396 1636 2458 et
1663 2394 1887 2459 divinitatis:
1922 2399 1972 2460 Et

320 2495 416 2560 Unde
433 2495 520 2558 bene
544 2496 723 2574 sequitur:
748 2494 787 2556 ut
808 2493 982 2557 aestuabat.
998 2495 1116 2556 AEstus
1169 2492 1391 2554 delectabitur
1405 2495 1443 2556 tn
1458 2495 1525 2554 Deo
1538 2493 1688 2556 emulari
1709 2507 1784 2555 sao.
1808 2495 1849 2556 Et
1863 2511 1973 2573 super
2081 2503 2082 2532 ³

320 2595 373 2656 est
387 2593 564 2655 commotio
586 2592 706 2654 mentis
722 2591 961 2668 cogitationum
985 2591 1114 2670 seipsas
1170 2589 1318 2652 salutare
1339 2605 1437 2652 suum
1464 2589 1629 2653 exultabit
1653 2591 1871 2654 vehementer
1901 2590 1968 2672 (4).

319 2689 563 2762 accusantium,
591 2691 624 2751 et
650 2703 717 2750 non
743 2687 1000 2751 defendentium.
1032 2689 1116 2750 Ecce
1171 2689 1253 2750 Ecce
1273 2686 1411 2749 verbum
1434 2686 1581 2764 plenum,
1606 2703 1680 2750 cum
1701 2688 1783 2750 dicit
1799 2705 1835 2752 se
1861 2689 1969 2752 exul-

319 2787 459 2850 affectus
475 2785 678 2866 poenitentis,
697 2785 754 2864 qui
779 2785 1020 2864 consequenter
1034 2785 1118 2862 petit
1170 2786 1242 2846 tare
1269 2799 1376 2858 super
1405 2785 1570 2856 soluturo,
1601 2785 1634 2847 et
1666 2769 1900 2850 venementer.
1929 2789 1972 2850 Et

322 2883 444 2946 animae
466 2897 547 2956 suae,
564 2883 601 2945 ut
622 2882 796 2954 moriatur,
817 2880 903 2944 idest
926 2881 1116 2944 animalitas
1170 2881 1249 2944 nota
1266 2902 1273 2942 :
1291 2883 1356 2943 Per
1377 2881 1442 2944 boc
1468 2881 1554 2960 quod
1579 2881 1659 2943 dicit
1673 2883 1709 2942 in
1729 2883 1882 2958 salutari,
1912 2884 1969 2944 si-

322 2996 382 3042 sua
398 2981 433 3042 in
448 2995 488 3042 ea
503 2979 730 3056 extinguatur.
759 2978 853 3040 Unde
867 2978 902 3040 in
917 2978 1116 3042 Ecclesiaste
1169 2975 1348 3055 gnificatur
1370 2979 1520 3041 salutare
1547 2979 1744 3042 salvationis
1772 3001 1780 3040 r
1805 2983 1871 3042 Per
1887 2981 1967 3054 hoc,

322 3076 366 3158 (4,
378 3079 399 3140 2
412 3079 445 3140 et
457 3076 490 3156 3)
509 3098 517 3138 r
534 3093 552 3138 c
568 3075 715 3138 laudavi
726 3074 833 3152 magis
844 3077 1004 3148 mortuos,
1017 3091 1115 3156 quam
1170 3091 1271 3154 super
1284 3075 1443 3152 salutare,
1458 3075 1669 3154 significatur
1680 3077 1827 3140 salutare
1841 3093 1969 3140 resur-

320 3175 483 3250 viventes,
498 3175 530 3236 et
541 3173 724 3236 feliciorem
740 3172 1046 3251 utroquejudicavi,
1059 3174 1116 3252 qui
1169 3171 1347 3236 rectionis:
1365 3175 1429 3236 Per
1445 3171 1509 3238 boo
1523 3173 1644 3252 ipsum,
1659 3175 1886 3244 vehementer,
1902 3191 1968 3238 sa-

322 3271 463 3334 necdum
487 3270 586 3332 natus
610 3270 706 3332 est.»
727 3269 928 3332 Laudandus
953 3269 1116 3349 siquidem
1169 3271 1279 3333 lutare
1295 3269 1491 3333 divinitatis.
1507 3272 1656 3334 Primum
1671 3273 1722 3334 est
1736 3272 1885 3334 salutare
1895 3274 1969 3335 sal-

322 3369 383 3440 est,
400 3367 457 3447 qui
472 3367 622 3430 mortuus
637 3368 688 3430 esf
701 3367 856 3444 peccato;
872 3368 907 3429 et
919 3365 1049 3430 felicior
1059 3368 1116 3446 qui
1169 3368 1315 3431 rationis
1328 3367 1369 3429 ab
1382 3366 1643 3442 infirmitatibus,
1656 3371 1688 3431 et
1702 3369 1967 3433 adversitatibus

322 3465 470 3528 nondum
494 3464 667 3540 natusest,
685 3465 771 3528 idest
790 3464 846 3544 qui
873 3464 1019 3526 nondum
1038 3480 1117 3542 pec-
1170 3463 1394 3542 bnjussaecull
1411 3485 1419 3526 ε
1435 3465 1616 3528 secundum
1633 3467 1965 3546 estgloridcationis;

322 3565 397 3626 caio
417 3561 601 3636 consensit,
620 3562 674 3624 vel
697 3561 752 3623 cui
775 3561 923 3626 nondum
944 3565 1116 3640 peccatum
1170 3563 1203 3626 et
1216 3563 1263 3626 ita
1279 3562 1334 3626 bic
1346 3561 1507 3626 babemus
1521 3563 1681 3636 salutare,
1697 3565 1732 3627 et
1748 3580 1849 3642 super
1864 3565 1963 3626 salu-

322 3661 464 3740 placuit;
492 3659 533 3721 de
559 3662 655 3737 cidus
676 3658 865 3732 nativitate,
887 3659 950 3722 Job
968 3676 976 3717 ι
997 3660 1117 3723 Pereat
1169 3660 1242 3723 tare
1256 3681 1263 3721 r
1279 3660 1313 3722 in
1329 3659 1744 3724 futuroverobabebimus
1758 3663 1896 3726 tertium
1915 3677 1969 3726 sa·

322 3759 405 3832 dies,
419 3759 453 3820 in
469 3773 533 3838 qua
548 3758 746 3831 natussum,
762 3757 849 3822 idest
864 3756 993 3836 peccati
1005 3756 1117 3820 deleo·
1169 3757 1279 3821 lutare
1291 3756 1326 3819 in
1340 3755 1500 3822 fruitione
1513 3758 1712 3822 divinitatis.

323 3857 418 3922 tatio.

361 3953 448 4018 Dicit
459 3968 539 4030 ergo
556 3973 564 4014 ε
581 3955 708 4016 Arsinia
719 3967 799 4015 meu
812 3952 979 4016 aaattobtt
993 3954 1116 4016 talio·
1425 3999 1566 4062 SERMO
1589 3999 1690 4062 LXIV

321 4055 428 4124 mino,
442 4049 756 4130 etnoninpeccato,
772 4065 839 4111 non
856 4049 892 4111 in
915 4049 1117 4112 mandolla
1692 4043 1701 4060 ⁸

322 4154 418 4230 cnjus
426 4147 656 4220 delectatione,
669 4146 888 4209 Ecclesiastes
899 4143 943 4224 (7,
952 4145 986 4226 7)
1003 4145 1118 4209 :Sicut
1205 4146 1330 4217 Quanta
1344 4145 1432 4206 Filius
1448 4155 1585 4222 provocat
1596 4149 1710 4208 Panem
1727 4147 1928 4222 adjudicium.

323 4242 1117 4420 {illdllitlffflfldlfiliii..
1152 4294 1326 4368 aa...
1365 4291 1400 4354 r
1431 4293 1571 4355 ...aa
1589 4295 1723 4366 aaa.
1868 4299 1966 4357 oeus

323 4437 1118 4516 nae,dumignestrideot,consumuntur.stridor
1208 4403 1318 4462 'm'
1355 4390 1388 4452 ec
1416 4391 1584 4452 mmmm
1611 4405 1725 4463 mr
1757 4394 1795 4454 ιη
1819 4406 1966 4454 emm

322 4554 449 4612 earum,
476 4538 527 4599 est
550 4535 758 4612 consumptio
779 4549 907 4596 earum.
929 4536 985 4597 Sic
1008 4537 1116 4598 omnis
1209 4485 1603 4568 mcum.(1>sal.34,23,)

322 4637 471 4716 gaudens
492 4633 527 4696 ln
551 4631 685 4695 mundo.
711 4633 952 4710 Ipsavoluptas
972 4633 1115 4712 seipsam
1209 4635 1315 4700 nitius
1349 4639 1510 4716 provocat
1543 4639 1688 4712 Patrem,
1736 4637 1774 4702 ut
1811 4639 1967 4703 intendat

323 4733 499 4799 consumit.
514 4733 584 4794 Nec
600 4745 660 4808 pro
673 4731 809 4807 peccato
824 4730 1034 4806 gaudendum
1053 4733 1114 4794 est.
1161 4737 1295 4808 jodae
1310 4748 1381 4809 suo,
1405 4737 1439 4798 et
1461 4737 1603 4812 exurgat
1623 4735 1665 4798 ad
1684 4751 1829 4799 oausam
1848 4753 1963 4813 suam;

321 4830 566 4910 Turpissimum
580 4826 874 4891 etfoetidisslmum
887 4830 948 4901 est,
961 4829 1116 4906 cumquts
1169 4847 1243 4910 quae
1256 4847 1358 4894 causa
1379 4832 1475 4894 nobis
1491 4831 1692 4912 explanatur
1716 4831 1758 4894 ab
1777 4834 1881 4908 isaia,
1907 4833 1965 4896 ubi

323 4929 506 4992 delectatur
528 4927 564 4989 in
585 4941 638 5000 eo,
663 4924 749 5004 quod
782 4923 928 4988 transire
956 4923 1053 4988 debet
1079 4925 1115 4988 in
1170 4928 1963 5007 PaterFiliosuotalepromissumfacit,dicans:

323 5024 615 5094 abominationem,
626 5023 659 5085 et
675 5021 837 5096 foetorem,
848 5022 882 5084 et
897 5021 1113 5097 egestionem.
1168 5025 1235 5086 «Si
1251 5026 1399 5104 posuerit
1411 5027 1556 5088 animam
1572 5042 1667 5088 suam
1682 5043 1742 5104 pro
1756 5031 1906 5105 peccato,
1918 5029 1967 5089 vi·

322 5123 402 5186 Tale
426 5123 477 5184 est
497 5123 679 5198 peccatum,
705 5118 792 5198 quod
812 5118 926 5196 egredi
946 5119 1042 5183 debet
1056 5135 1116 5197 per
1168 5121 1259 5185 debit
1272 5138 1385 5186 semen
1401 5123 1588 5200 longaevum
1598 5121 1663 5204 (5);
1680 5125 1743 5189 boc
1757 5127 1809 5188 est
1824 5146 1832 5186 ε
1850 5127 1887 5187 Si
1902 5126 1965 5188 Fi-

323 5217 578 5292 uonfessionem,
595 5217 683 5298 quod
697 5217 828 5280 scilicet
841 5215 938 5280 debet
952 5215 1026 5278 fieri
1040 5233 1116 5280 con·
1167 5220 1234 5284 lius
1255 5237 1349 5284 meus
1362 5223 1511 5284 mortuus
1523 5221 1635 5294 fuerit,
1650 5237 1711 5300 pro
1732 5222 1965 5300 redemptione

325 5316 458 5382 fitendo.
476 5313 743 5378 Undereb'acta
758 5312 925 5377 esttamen
945 5329 1064 5391 magna
1079 5315 1114 5376 in
1168 5319 1302 5395 generis
1327 5317 1464 5380 humani
1486 5319 1652 5394 videlicet,
1689 5319 1815 5382 ridebit
1850 5335 1965 5382 semen

360 5477 402 5548 (f)
422 5473 551 5544 lonast,
565 5473 592 5530 8.
1205 5475 1245 5546 (l)
1266 5473 1340 5534 Psal.
1362 5475 1406 5546 20,
1420 5477 1446 5534 2.

359 5548 401 5620 (2)
422 5547 461 5605 1v
475 5547 545 5618 fleg.
560 5543 588 5614 6,
603 5542 649 5600 25.
701 5614 706 5625 Ι
865 5615 871 5628 .
1037 5625 1040 5630 Ι
1205 5547 1247 5624 (5)
1268 5548 1381 5620 leudi,
1399 5547 1432 5606 l0
1446 5547 1528 5607 etll.

358 5619 400 5692 (3)
421 5617 506 5690 vulg.
522 5631 528 5672 :
546 5617 636 5688 Super
651 5613 784 5684 atticum,
802 5623 830 5672 et
846 5629 952 5672 vinum.
