4226 6406
766 279 1089 344 PROLEGOMENA.
1105 309 1146 326 -
1160 281 1268 342 VITA.
1777 281 1839 340 482

194 287 254 350 481

191 446 262 520 tua,
278 446 315 509 ut
337 459 411 523 ques
432 443 604 506 didicisset
630 441 743 513 semel,
759 457 799 504 ea
817 456 987 517 nunquam
1045 441 1191 514 sanctus,
1207 438 1439 516 Apostolorum
1455 439 1489 500 in
1505 438 1649 514 modum,
1663 439 1837 502 scientiam

193 537 988 610 oblivionededisceret.Eratliberaliumartium‚
1045 537 1234 612 linguarum
1261 536 1408 598 omnium
1440 535 1621 608 habuisset,
1651 537 1684 598 et
1704 536 1744 617 ¹in
1772 551 1838 612 qua

193 641 266 702 erat
303 638 534 716 philosophiae,
566 638 638 699 erat
673 636 852 712 Scripturas
885 649 990 694 sacrae
1045 635 1133 695 esset
1164 636 1263 702 natus
1297 633 1452 710 quisque,
1481 633 1596 694 eadem
1623 633 1694 710 ipse
1724 633 1838 710 lingua

193 737 305 813 ampla
321 737 477 812 cognitio.
492 738 572 797 Erat
583 733 768 811 paedicandi
783 732 869 794 ratio
884 732 989 802 tanta,
1045 729 1175 792 locutus
1202 731 1300 792 esset.
1328 729 1363 790 Id
1393 733 1503 792 autem
1522 730 1634 791 multis
1656 730 1691 792 in
1717 731 1837 794 civita-

195 833 283 912 quod
298 833 370 894 sive
391 833 582 895 hortaretur
596 831 637 892 ad
649 831 826 908 jejunium,
843 828 883 889 ad
899 828 991 889 elee-
1045 826 1145 900 tibus,
1172 843 1212 888 ac
1240 842 1329 903 saepe
1357 827 1480 889 factum
1515 843 1575 888 sua
1604 827 1840 904 praedicatione

196 945 380 1007 mosynam,
408 929 449 991 ad
474 929 714 1005 poenitentiam,
740 925 781 986 ad
802 923 993 1002 hujusmodi
1047 926 1185 996 constat,
1198 926 1234 987 ut
1248 925 1304 1001 qui
1319 925 1484 997 audirent,
1502 927 1693 1002 peccatores
1708 925 1749 989 ad
1763 941 1837 1002 poe—

195 1027 337 1104 reliqua,
358 1042 430 1103 quaa
450 1025 491 1086 ad
513 1025 597 1086 hene
619 1040 659 1085 ac
673 1023 788 1085 sancte
811 1020 991 1084 vivendum
1047 1021 1220 1083 nitentium
1235 1021 1458 1098 pervenirent,
1471 1023 1618 1084 usurarii
1631 1038 1750 1084 usuras
1762 1027 1841 1085 red-

196 1124 331 1196 ducunt,
349 1123 517 1200 vitamque
537 1123 696 1183 aeternam
712 1136 751 1181 ac
769 1118 910 1181 salutem
923 1117 993 1179 ani·
1047 1118 1173 1191 dorent,
1193 1119 1384 1180 meretrices
1397 1118 1571 1191 nuberent,
1599 1120 1762 1182 carcerati
1780 1120 1841 1181 ab-

195 1238 258 1284 mae
275 1220 495 1299 pollicentur,
510 1219 580 1280 sive
594 1217 810 1280 inueheretur
824 1216 859 1277 in
875 1231 993 1293 super·
1048 1215 1266 1284 solverentur,
1278 1217 1406 1278 inimici
1420 1216 1687 1293 pacificarentur.
1699 1215 1841 1280 Confes-

194 1318 295 1390 biam,
307 1319 343 1378 in
357 1317 545 1390 avaritiam,
562 1315 597 1376 in
609 1314 841 1386 libidinem,in
856 1313 993 1390 peccata
1048 1315 1175 1375 sionem
1199 1329 1278 1376 vero
1307 1313 1392 1388 fieri,
1416 1315 1588 1390 tantopere
1609 1313 1842 1387 suadebatur

195 1417 328 1488 caetera,
346 1429 419 1492 quae
430 1413 548 1475 noxios
564 1411 604 1474 ad
624 1410 733 1473 intera
747 1411 905 1485 trabunt,
923 1410 994 1471 slve
1048 1411 1213 1473 interdum
1236 1411 1345 1474 clerus
1360 1411 1468 1472 omnis
1481 1411 1708 1473 confitentium
1723 1411 1841 1474 multi-

196 1513 354 1592 paginam
377 1527 507 1574 sacram
533 1509 602 1571 ullo
622 1509 657 1570 in
678 1523 802 1584 genere
821 1506 991 1584 aperiret;
1047 1507 1155 1570 tudini
1179 1524 1245 1570 non
1261 1509 1343 1570 satis
1358 1511 1456 1570 esset.
1474 1508 1599 1584 Quippe
1614 1508 1719 1572 auditi
1733 1509 1841 1586 pleri-

198 1610 270 1672 sive
292 1608 527 1672 testamentum
554 1607 650 1668 vetus
671 1605 713 1668 ad
734 1621 853 1666 novam
871 1603 993 1666 Christi
1049 1621 1113 1682 que
1123 1607 1209 1677 sunt,
1221 1606 1277 1683 qui
1288 1621 1324 1668 se
1334 1621 1393 1682 per
1401 1605 1544 1682 quietem
1560 1606 1746 1668 admonitos
1762 1606 1841 1669 iate·

195 1707 305 1784 legem
318 1704 594 1776 accommodaret,
611 1718 651 1767 ea
663 1703 788 1765 sensim
796 1701 879 1763 adeo
890 1701 992 1770 clare,
1048 1702 1176 1771 rentur,
1188 1705 1222 1764 ut
1233 1717 1306 1780 quae
1320 1703 1381 1764 Vir
1393 1702 1452 1764 Dei
1463 1703 1598 1775 diceret,
1609 1703 1840 1781 adimplerent.

197 1820 237 1868 ac
252 1803 396 1866 dilucide
410 1802 605 1880 explicaret,
618 1799 904 1878 interpretaretur,
916 1813 995 1859 6611-
1089 1799 1125 1862 Id
1140 1815 1269 1877 quoque
1288 1801 1491 1874 institutum,
1512 1802 1648 1862 auctore
1662 1802 1842 1879 16666666-
1910 1833 1916 1846 κ

197 1902 337 1973 clearet,
364 1900 450 1978 quod
480 1899 565 1960 nihil
589 1897 765 1959 dicendum
790 1895 992 1967 remaneret,
1048 1895 1129 1970 tum,
1153 1897 1242 1958 hunc
1268 1896 1369 1958 istum
1387 1896 1423 1958 in
1444 1896 1533 1958 diem
1548 1899 1669 1970 manet,
1683 1900 1720 1960 ut
1733 1899 1844 1960 homi-

198 1999 256 2062 sed
270 1999 413 2060 trucium
440 1995 529 2059 docti
545 1995 691 2057 simulet
709 1993 835 2056 indocti
851 1993 993 2068 collige-

197 2097 282 2167 rent,
306 2095 488 2173 portarent,
510 2092 681 2154 haberent.
698 2093 826 2166 Nempe
848 2106 923 2151 cum
938 2089 994 2158 di-

197 2184 337 2256 cendum
352 2195 434 2264 erat,
452 2192 511 2252 aut
533 2189 574 2252 de
594 2189 752 2266 potentia,
773 2188 827 2250 161
857 2187 994 2248 1616611-

198 2290 312 2354 cordia
322 2288 450 2366 optimi,
462 2304 502 2350 ac
512 2287 629 2349 aeterni
639 2285 710 2358 Dei,
723 2286 781 2346 aut
792 2285 832 2346 de
842 2283 995 2344 habenda

198 2386 448 2450 interhomines
469 2384 605 2462 pietate,
628 2383 815 2454 clementia,
842 2381 994 2451 caritate,

199 2486 260 2546 aut
281 2482 351 2544 ulla
365 2482 406 2542 de
420 2481 556 2552 virtute,
575 2495 635 2540 seu
654 2479 695 2540 de
712 2478 793 2540 vitio
808 2477 932 2554 aliquo,
948 2477 995 2538 ita

199 2578 342 2652 dicebat,
357 2579 404 2650 ut,
420 2575 696 2654 quemadmodum
718 2575 824 2646 erant,
851 2575 898 2636 ita
923 2590 996 2635 esse

200 2676 404 2756 peritissimo
426 2676 459 2738 et
482 2674 596 2736 sancto
612 2688 632 2735 a
646 2673 738 2744 Viro,
755 2687 816 2734 nec
831 2671 962 2749 quidem
978 2686 996 2734 6

201 2772 335 2845 rivulis,
349 2771 406 2835 sed
429 2770 565 2848 proprio
580 2768 701 2832 eionte
715 2784 844 2845 magnae
857 2769 995 2846 sapien-

200 2872 255 2936 tiae
271 2870 391 2931 hausta
407 2869 518 2930 omnia
532 2867 736 2929 viderentur.

240 2968 320 3029 Erat
330 2981 460 3044 quoque
471 2965 505 3026 in
519 2980 559 3026 eo
576 2962 741 3025 mirabilis
753 2961 905 3040 quaedam
918 2977 998 3023 sua-

202 3063 314 3137 dendi,
344 3061 623 3139 dissuadendique
650 3060 802 3134 facultas,
825 3074 865 3121 ac
885 3057 998 3121 fervor

204 3160 338 3240 quidam
354 3176 428 3222 cum
443 3160 597 3222 amoreet
607 3157 745 3220 caritate
758 3155 996 3234 dicendi,quod

202 3259 417 3324 vehementer
445 3242 650 3318 audientium
679 3255 808 3316 animos
822 3254 995 3328 excitaret,

203 3356 363 3427 alliceret,
391 3354 623 3417 commoveret.
652 3354 732 3416 Erat
750 3351 839 3412 fama
853 3351 997 3412 nominis

203 3453 291 3514 docti
306 3452 339 3514 et
351 3451 458 3512 sancti
472 3449 556 3521 Viri,
578 3465 653 3526 quse
672 3447 771 3510 facile
794 3449 932 3526 populos
955 3449 997 3510 ad

204 3565 242 3612 ee
275 3548 465 3617 videndum,
501 3546 535 3608 et
566 3545 769 3606 audiendum
802 3545 997 3608 attraheret.

202 3647 282 3710 Erat
297 3661 372 3708 cum
386 3659 426 3706 eo
448 3643 557 3720 gratia
573 3643 653 3714 Dei,
670 3659 735 3720 qua
762 3658 852 3719 saepe
869 3644 998 3719 magnis

203 3741 376 3805 miraculis
391 3740 595 3803 coruscaret.
616 3741 696 3802 Erat
718 3739 933 3813 venerabilis,
959 3753 999 3804 ac

203 3841 341 3904 devotus
366 3839 540 3915 aspectus;
566 3837 603 3899 ut
626 3853 699 3914 quae
724 3834 766 3898 ab
788 3851 827 3898 eo
843 3836 942 3912 dicta,
958 3853 999 3900 ea

203 3937 300 4018 quasi
326 3935 473 4014 proiecta
492 3948 572 3997 1616
597 3935 630 3995 61
654 3933 722 3996 alto
746 3936 861 4006 abeo,
878 3949 999 4010 magna

204 4051 279 4098 eum
314 4032 514 4104 reverentia,
551 4031 585 4092 et
619 4030 753 4092 silentio
789 4030 997 4093 audirentur.

204 4133 284 4194 Erat
295 4131 411 4206 lingua
426 4129 467 4190 ad
483 4128 767 4208 pronuntiandum
783 4128 949 4204 expedita,
967 4129 1001 4192 et

203 4228 308 4292 clara.
323 4226 426 4299 Adde,
450 4225 535 4303 quod
556 4225 750 4302 loqueretur
772 4225 819 4286 ita
834 4224 949 4300 latine,
961 4242 1001 4288 ac

206 4339 359 4388 sermone
376 4322 521 4398 vulgari,
544 4323 580 4385 ut
602 4321 824 4400 praedicando,
842 4338 1003 4400 quacum-

207 4437 271 4502 que
294 4422 331 4483 in
357 4421 451 4498 parte
479 4418 584 4482 Italiae
609 4421 709 4494 esset,
744 4418 1000 4498 haudquaquam

207 4535 282 4582 esse
302 4518 476 4595 hispanus,
493 4515 550 4578 sed
577 4515 714 4590 latinus,
730 4517 959 4595 enutritusque
981 4533 1002 4580 a

206 4615 332 4694 pueris,
346 4615 446 4690 atque
459 4614 558 4674 natus
572 4613 607 4673 in
623 4612 731 4688 ltalia,
752 4615 785 4675 et
796 4613 855 4674 illa
867 4613 952 4691 ipsa,
965 4614 1002 4678 in

207 4727 273 4791 qua
286 4711 493 4790 praedicaret,
510 4709 646 4771 civitate
667 4710 801 4787 propria
820 4711 1000 4774 videretur.

207 4809 244 4871 Id
268 4808 401 4886 quidem
423 4805 598 4868 mirabile:
616 4805 674 4868 sed
698 4806 786 4869 istud
801 4807 1001 4882 mirabilius,

208 4906 296 4984 quod
322 4908 435 4966 Romae
462 4918 590 4972 summo
618 4918 639 4964 a
667 4903 831 4965 Pontldce
854 4905 896 4966 ad
918 4903 1003 4968 festa

208 5002 348 5065 Paschae
363 5000 548 5079 praedicare
567 5002 693 5076 jussus,
708 4999 754 5062 ita
770 5001 920 5063 elocutus
939 5004 1001 5075 est,

208 5101 246 5161 ut
263 5098 501 5176 praedicantem
520 5097 641 5175 ipsum,
657 5112 732 5173 quae
752 5097 868 5160 aderat
881 5099 1003 5161 omnic

208 5198 307 5272 gente
332 5195 478 5256 maxima
498 5195 532 5256 et
545 5193 810 5270 peregrinorum,
826 5195 859 5256 et
876 5197 1003 5258 Roma-

209 5307 329 5355 norum
340 5291 462 5354 civium
475 5289 660 5362 multitudo,
678 5290 809 5354 audiret
818 5290 929 5368 plane,
943 5307 1005 5356 nec

210 5387 414 5464 intelhgeret
428 5387 600 5464 quisquam
613 5387 841 5465 minus,quam
850 5389 879 5450 si
892 5393 1005 5454 noster

1049 2011 1128 2057 num
1141 1994 1316 2056 societates
1331 1997 1411 2072 quot
1425 1993 1618 2056 solennibus
1634 1994 1727 2057 festis
1738 1996 1842 2057 disci·
1954 2073 1963 2080 ν

1050 2093 1175 2169 plinam
1200 2093 1312 2168 agant,
1340 2108 1380 2154 ae
1403 2091 1552 2154 vestibus
1566 2093 1703 2154 mutatis
1723 2097 1842 2155 euntes

1049 2187 1120 2250 bini
1135 2188 1176 2250 ad
1195 2188 1255 2250 Dei
1274 2189 1396 2266 templa
1409 2205 1482 2251 sese
1497 2190 1633 2254 scutieis
1654 2189 1841 2254 verberent.

1050 2285 1239 2347 Eccelinum
1252 2288 1375 2359 autem,
1396 2287 1451 2363 qui
1469 2286 1583 2347 hocin
1598 2286 1719 2363 angulo
1737 2287 1843 2350 Italiae

1050 2382 1288 2452 dominaretur,
1299 2398 1339 2443 ac
1352 2383 1554 2444 saevissimus
1564 2384 1726 2462 tyrannus
1740 2387 1841 2458 esset,

1050 2481 1110 2541 Vir
1128 2480 1199 2552 Dei,
1213 2481 1355 2541 Veronae
1370 2480 1433 2541 hoc
1444 2479 1516 2552 luit,
1531 2495 1651 2556 magna
1661 2481 1702 2542 ob
1715 2482 1844 2544 scelera

1051 2576 1225 2653 intrepide,
1254 2576 1423 2653 animique
1453 2577 1661 2641 vehementia
1688 2579 1841 2657 quadam,

1051 2689 1090 2736 ac
1111 2673 1288 2735 minatorie
1316 2672 1512 2750 increpavit.
1535 2673 1596 2736 1116
1616 2675 1725 2737 autem
1747 2676 1843 2752 quasi

1051 2785 1157 2854 agnus
1186 2785 1264 2831 mox
1289 2785 1308 2831 6
1333 2769 1411 2847 lupo
1442 2769 1561 2846 iactus,
1589 2771 1841 2848 patientissime,

1051 2883 1124 2943 quae
1139 2867 1274 2929 sanctus
1288 2867 1425 2941 diceret,
1441 2867 1615 2943 toleravit;
1633 2883 1845 2948 appensoque

1051 2964 1093 3026 ad
1108 2964 1229 3028 collum
1250 2964 1395 3040 cingulo,
1412 2981 1452 3027 ac
1472 2965 1611 3042 genibus
1626 2965 1797 3031 humiliter
1810 2969 1846 3030 in

1051 3064 1174 3124 terram
1201 3061 1310 3134 flexis,
1337 3062 1470 3124 veniam
1495 3063 1600 3141 petiit.
1628 3065 1750 3126 Postea
1765 3082 1846 3128 1616

1051 3157 1335 3235 interrogantibus
1350 3159 1467 3221 amicis
1484 3181 1492 3220 ε
1511 3176 1571 3222 cur
1589 3162 1682 3223 tanta
1704 3162 1845 3225 humili-

1051 3256 1131 3325 tate,
1154 3258 1188 3318 et
1208 3256 1369 3334 patientia
1393 3273 1474 3319 usus
1492 3259 1593 3331 esset,
1614 3275 1689 3320 cum
1701 3261 1769 3338 pati
1784 3276 1847 3323 au-

1052 3352 1135 3425 dire,
1153 3353 1193 3414 de
1212 3369 1248 3415 se
1272 3353 1338 3416 dici
1362 3354 1591 3428 contumelias,
1618 3371 1684 3418 non
1700 3357 1847 3422 sclerati

1052 3451 1256 3528 Respondit:
1272 3466 1310 3512 se
1336 3451 1409 3513 Viri
1435 3453 1543 3514 sancti
1567 3452 1686 3515 faciem
1714 3455 1848 3532 fulgen·

1051 3549 1118 3612 tam
1134 3547 1217 3610 mire
1231 3549 1367 3622 vidisse,
1381 3551 1480 3626 atque
1492 3549 1570 3614 inde
1585 3567 1621 3612 se
1635 3552 1846 3629 perterritum

1052 3645 1148 3718 adae,
1165 3645 1252 3723 quod
1266 3645 1387 3723 siquid
1406 3646 1541 3709 sinistre
1562 3650 1680 3709 contra
1693 3651 1846 3711 sanctum

1053 3741 1261 3812 intentasset,
1278 3742 1453 3804 confestim
1465 3757 1502 3804 ss
1514 3759 1534 3804 a
1545 3743 1749 3806 daemonibus
1759 3746 1845 3822 rapi,

1053 3856 1093 3901 ac
1107 3839 1233 3917 portari
1245 3839 1287 3901 ad
1299 3839 1436 3912 interos,
1453 3839 1664 3918 cruciatique
1679 3843 1768 3904 omni
1783 3845 1849 3905 tor-

1053 3937 1164 4000 mento
1190 3937 1332 4014 putaret.
1359 3937 1515 3998 Sanctum
1530 3937 1631 4010 enim,
1651 3955 1749 4016 quem
1764 3955 1848 4002 con-

1053 4031 1221 4095 temnebat
1230 4033 1335 4111 prius,
1347 4048 1468 4110 magna
1479 4034 1598 4096 deinde
1609 4035 1645 4097 in
1659 4038 1848 4101 1616166116

1054 4129 1181 4194 habuit.

1094 4227 1320 4291 Inhaereticos
1330 4243 1421 4304 vero,
1433 4244 1642 4310 quacumque
1652 4233 1849 4309 praedicaret

1055 4325 1090 4386 in
1109 4325 1256 4400 civitate,
1273 4327 1400 4389 exarsit
1420 4328 1559 4392 multum
1578 4331 1732 4404 Sanctus,
1749 4336 1849 4410 atque

1056 4422 1174 4485 ineos
1201 4423 1352 4486 invectus
1385 4424 1515 4499 acerbe,
1549 4425 1683 4489 illorum
1718 4443 1850 4492 errores

1056 4535 1177 4596 magna
1196 4531 1327 4597 semper
1349 4523 1492 4597 ratione,
1516 4525 1729 4597 auctoritate,
1750 4529 1850 4604 atque
1896 4535 1911 4558 ⁸

1056 4617 1222 4680 interdum
1236 4617 1407 4681 miraculis
1422 4617 1588 4697 patefecit,
1609 4620 1717 4692 diluit,
1733 4624 1851 4685 convi—
1886 4617 1896 4630 “

1057 4715 1112 4777 611.
1129 4717 1223 4778 Hanc
1236 4716 1325 4776 enim
1340 4716 1382 4778 ob
1406 4731 1487 4789 rem,
1516 4717 1603 4794 quod
1618 4717 1694 4778 illos
1715 4720 1850 4783 assidue

1057 4811 1278 4888 impugnaret,
1309 4811 1343 4873 id
1369 4815 1542 4874 assecutus
1568 4816 1630 4886 est,
1661 4815 1698 4876 ut
1720 4831 1850 4892 cogno·
1954 4873 1957 4880 ,

1057 4909 1167 4970 mento
1188 4908 1308 4987 ipsum,
1326 4911 1543 4984 indefessum
1556 4915 1717 4973 malicum
1736 4916 1852 4991 appel-

1057 5005 1176 5068 larent.
1193 5005 1320 5082 Quippe
1340 5005 1494 5080 Arimini,
1508 5023 1582 5084 quae
1597 5023 1663 5070 una
1679 5010 1850 5074 civitatum

1059 5102 1275 5174 Romaniolae,
1293 5101 1416 5165 iniecta
1434 5103 1566 5176 haeresi,
1582 5121 1783 5184 magnopere
1795 5124 1853 5171 or-

1057 5197 1204 5260 thodoxa
1227 5198 1269 5260 ab
1295 5199 1445 5261 Ecclesia
1460 5199 1660 5276 dissentiret,
1682 5203 1767 5267 adeo
1781 5206 1854 5268 hae-

1057 5295 1159 5357 resim
1181 5294 1410 5372 impugnavit,
1435 5296 1472 5358 nt
1501 5312 1567 5358 non
1600 5287 1698 5363 modo
1731 5302 1851 5380 vulgus

1058 5391 1152 5465 rude,
1180 5391 1238 5454 sed
1259 5392 1453 5454 Bononinus
1478 5391 1525 5473 (1)
1543 5395 1614 5472 ipse
1629 5399 1686 5474 qui
1698 5399 1750 5459 111
1764 5403 1853 5463 esset

246 5517 287 5590 (l)
307 5516 472 5576 Bonovlllus
485 5516 593 5573 (1161161
606 5517 641 5574 61
654 5521 770 5576 auctore
787 5519 911 5594 Vitoeop.
925 5521 1004 5594 sor,
1014 5535 1079 5594 cap.
1094 5522 1331 5594 17;Β6661166,6
1345 5523 1512 5595 liedulptio,
1530 5523 1578 5584 161.
1591 5527 1637 5597 80,
1648 5535 1677 5587 61
1689 5529 1724 5585 61
1738 5512 1853 5587 amore

212 5587 461 5660 Consormitctum,
477 5584 556 5644 Geni.
572 5587 601 5644 8.

354 5723 468 5767 rinnon.
488 5723 561 5768 roua
580 5711 627 5769 Vl.

1639 5681 1803 5779 16Ι
