4152 6388
670 235 994 299 Pnonncomnrlh.
1017 265 1058 282 -
1078 239 1187 301 vira.
1695 237 1754 301 186

108 247 170 310 185

106 421 171 467 nus
194 403 236 466 ad
254 402 363 465 colum
378 396 582 471 extenderet,
597 399 630 460 ei
644 397 757 474 digitis
772 412 897 474 aliie·
954 419 1004 479 Dc
1019 419 1220 490 quibasdam
1239 417 1316 478 altis
1336 417 1519 479 miraculis
1532 419 1753 480 diversorum

106 501 272 564 henderet
291 499 411 571 iusum,
426 495 711 573 obrigescentibus
732 495 899 567 manibus,
1265 529 1445 591 ymerum,

107 600 284 676 coeperunt
298 597 393 672 digiti
408 595 539 670 magnis
552 593 728 655 ardoribus
744 590 899 654 cruciari.

106 700 216 774 Igitur
241 711 338 773 poena
358 695 509 764 docente,
530 691 638 753 000011
659 705 903 766 recognoscens
997 695 1034 754 ln
1049 694 1157 754 castro
1171 693 1304 755 Galieni
1316 694 1491 756 valvensis
1506 694 1670 768 dioecesis,
1684 711 1753 757 mu·

106 797 285 865 virtutem,
314 791 413 854 corde
442 790 654 866 compuncta,
683 789 832 848 cucurrit
861 788 902 847 ad
958 791 1022 852 lter
1044 791 1194 868 quaedam
1218 791 1352 852 nomine
1376 793 1495 863 Maria,
1526 809 1599 869 quae
1622 794 1754 857 Christo

107 893 245 955 iratres.
257 893 404 966 Cumque
414 904 474 966 pro
488 887 595 949 salute
607 885 831 962 ipsiusdevoti
843 883 903 944 lilii
957 890 1048 960 lesu,
1066 889 1098 950 et
1111 891 1146 948 B.
1162 888 1342 949 Francisco
1356 889 1516 952 famulatu
1537 890 1654 952 devoto
1670 891 1752 952 sub-

106 990 217 1052 000011
233 988 336 1065 patris
352 986 561 1048 clementiam
576 985 803 1060 precarentur,
815 983 905 1042 inco·
954 985 1054 1062 jecta,
1064 985 1264 1046 unadierum
1271 985 1754 1062 aestivotemporeexiit,utma·

106 1088 209 1149 lumis
234 1086 352 1148 effecta
377 1085 427 1144 est
447 1083 582 1144 statim:
604 1097 665 1142 nec
687 1080 813 1157 aliquid
839 1080 903 1142 100-
958 1082 1753 1160 nibusconquireretpropriisnecessariumvic·

106 1186 216 1248 sionis
237 1183 398 1245 remansit
418 1181 453 1241 in
477 1179 642 1251 manibus,
671 1180 737 1239 0101
762 1177 803 1238 01
824 1176 905 1238 iacti
958 1183 1039 1243 tum.
1056 1183 1135 1242 Cum
1149 1182 1252 1257 igitur
1265 1181 1559 1243 tercentenimium
1575 1184 1668 1255 aestu,
1679 1185 1753 1247 sitis

106 1282 316 1352 memoriam,
355 1280 463 1341 solum
478 1277 654 1352 vestigium
670 1275 902 1338 combusturae.
959 1278 1101 1340 delicere
1123 1279 1280 1356 coepisset
1302 1278 1489 1352 ardoribus,
1511 1280 1601 1340 omni
1623 1280 1752 1355 privata

109 1380 221 1444 Simili
248 1379 348 1440 etiam
373 1376 469 1438 modo
502 1376 538 1436 in
566 1375 746 1452 Campania
772 1372 902 1450 majori,
959 1375 1120 1439 beneflcio
1136 1376 1326 1456 poculi,pro
1339 1391 1378 1438 eo
1391 1377 1478 1453 quod
1490 1377 1526 1436 in
1538 1379 1648 1438 monte
1659 1379 1754 1440 arido

107 1477 233 1540 mulier
256 1474 473 1553 quaedamst
496 1474 531 1534 in
552 1473 634 1534 villa
659 1471 759 1564 Oletti
785 1470 906 1532 mulier
960 1473 1142 1546 001000001,
1160 1475 1256 1552 quasi
1276 1475 1441 1535 exanimis
1466 1474 1558 1536 humi
1573 1478 1751 1553 prostrata,

107 1576 233 1646 altera,
259 1574 352 1635 etin
382 1573 493 1633 castro
526 1570 651 1648 Pyllei,
682 1567 797 1652 tertia,
827 1567 905 1628 dum
960 1573 1136 1650 patronum
1151 1588 1246 1632 suum
1261 1574 1412 1634 sanctum
1426 1573 1642 1634 Franclscum
1657 1575 1756 1636 invo-

106 1673 202 1735 beati
224 1671 329 1749 patris
353 1669 474 1731 testum
509 1668 678 1730 celebrare
714 1666 908 1728 contemne·
961 1669 1122 1746 cabatpio
1132 1671 1253 1731 mentis
1269 1670 1401 1732 affectu.
1419 1672 1502 1731 Dum
1515 1673 1625 1732 autem
1640 1687 1757 1749 perse-

105 1772 200 1841 rent,
230 1768 488 1846 praevaricantes
531 1767 674 1842 primum
709 1763 907 1824 mirabiliter
960 1767 1093 1828 vereret
1127 1767 1247 1828 mulier
1281 1767 1316 1827 in
1352 1767 1544 1834 affectuosa⁸
1565 1770 1599 1830 et
1635 1770 1755 1831 humili

108 1868 190 1930 sunt
211 1867 347 1944 punitae,
374 1864 431 1925 sed
460 1863 668 1940 postmodum
695 1861 905 1937 poenitentes.
961 1881 1070 1942 prece,
1098 1864 1222 1936 labore,
1250 1865 1318 1936 siti,
1336 1866 1368 1926 et
1381 1867 1464 1926 aestu
1479 1865 1617 1942 fatigata
1633 1883 1753 1943 quam-

109 1964 294 2044 persancti
318 1961 488 2024 Francisci
512 1961 631 2022 merita
653 1957 839 2020 mirabilius
859 1957 905 2018 li·
961 1963 1152 2039 plurimum,
1177 1961 1347 2039 paululum
1374 1962 1587 2039 ohdormivit;
1618 1965 1650 2026 et
1678 1981 1756 2027 ecce
1786 1960 1794 1976 '

109 2062 248 2125 neratae.
962 2063 995 2121 S.
1012 2061 1211 2121 Franciscus
1224 2060 1417 2130 adveniens,
1432 2061 1465 2121 et
1479 2075 1552 2121 eam
1567 2077 1690 2122 vocans
1712 2079 1756 2124 ex

154 2159 251 2224 Miles
280 2157 414 2236 quidam
452 2155 493 2218 de
527 2157 636 2231 Burgo
668 2155 704 2216 in
734 2152 906 2231 provincia
962 2158 1095 2218 nomine
1112 2175 1119 2218 :
1138 2160 1254 2234 Surge,
1265 2157 1383 2235 inquit,
1396 2159 1429 2220 et
1442 2157 1517 2219 1110
1531 2175 1662 2236 aquam,
1681 2177 1755 2238 quae

112 2259 248 2328 Massae,
263 2255 354 2316 beati
379 2253 550 2315 Francisci
568 2250 906 2328 00001100,0101100-
962 2256 1073 2317 divino
1089 2271 1227 2316 munere
1246 2255 1307 2316 tihi
1331 2271 1371 2316 ac
1390 2255 1540 2334 pluribus
1564 2256 1752 2320 exhibetur.

112 2355 266 2420 culorum
280 2352 385 2430 signis
400 2350 685 2428 impudentissime
700 2347 904 2410 detrahebat.
961 2353 1010 2416 Ad
1025 2353 1124 2429 hujus
1139 2352 1230 2414 vocis
1246 2353 1395 2413 auditum
1415 2354 1563 2415 surrexit
1589 2355 1711 2416 mulier
1732 2371 1752 2417 a

112 2451 283 2515 inferebat
318 2449 422 2510 multa
448 2446 626 2525 opprobria
649 2446 848 2522 peregrinis,
865 2445 906 2505 ad
963 2465 1090 2522 somno,
1114 2465 1180 2510 non
1202 2449 1367 2510 modicum
1391 2449 1587 2523 0001011010,
1605 2453 1637 2513 01
1661 2453 1755 2514 acci-

113 2551 223 2628 ipsius
237 2547 431 2608 memoriam
444 2543 666 2616 venientibus,
676 2544 709 2605 et
723 2541 909 2604 contraire·
963 2547 1057 2623 piens
1081 2547 1219 2620 silicem,
1244 2561 1317 2622 quae
1328 2548 1426 2623 juxta
1441 2561 1477 2608 00
1492 2550 1579 2619 erat,
1594 2549 1755 2612 radicitus

113 2650 185 2710 tres
202 2645 334 2723 publica
348 2642 518 2720 garriebat
541 2642 685 2703 insania.
702 2641 908 2701 (tumentem
963 2645 1084 2706 evulsit
1107 2645 1242 2716 eterra,
1260 2643 1486 2720 effodiensque
1504 2644 1595 2720 ligno
1617 2648 1757 2723 parvulo

116 2745 222 2807 semel
239 2742 345 2804 000011
369 2741 510 2817 gloriam
533 2737 755 2816 impugnaret,
781 2736 909 2798 addidit
963 2742 1232 2818 circumquaque,
1266 2741 1433 2802 viventem
1470 2743 1596 2818 reperit
1622 2759 1755 2821 aquam,

114 2858 218 2920 super
236 2841 371 2918 peccata
393 2855 454 2900 sua
477 2835 717 2914 blasphemiam
735 2835 907 2896 detestan-
963 2852 1036 2913 quae
1061 2835 1264 2912 cumprime
1290 2836 1461 2897 videretur
1486 2837 1627 2914 parvula
1654 2839 1755 2912 stilla,

114 2940 212 3000 dam:
230 2939 389 2999 Siverum
407 2935 468 3006 est,
486 2932 699 3010 inquit,qnod
710 2930 908 2992 Franciscus
964 2933 1072 2994 subito
1087 2933 1202 2994 divina
1216 2933 1339 2995 virtute
1355 2935 1460 2996 crevit
1471 2935 1506 2995 in
1520 2934 1651 2997 iontem.
1670 2936 1758 3000 Bibit

111 3038 178 3098 iste
203 3036 248 3096 sit
267 3033 413 3104 sanctus,
436 3031 548 3108 gladio
564 3029 660 3092 cadat
674 3029 773 3090 hodie
789 3043 909 3104 corpus
964 3032 1075 3108 itaque
1088 3030 1219 3102 mulier,
1242 3033 1275 3093 et
1294 3031 1414 3092 satiata
1437 3032 1551 3092 oculos
1565 3033 1657 3101 lavit,
1675 3049 1757 3111 quos

112 3149 242 3206 meum;
259 3132 287 3193 si
302 3146 381 3193 vero
395 3130 529 3192 sanctus
544 3143 610 3189 000
623 3127 684 3195 001,
702 3126 840 3188 evadam
855 3125 911 3186 in-

113 3231 266 3294 columis.
275 3231 349 3290 Non
365 3227 493 3288 distulit
507 3226 559 3287 ira
575 3225 633 3286 Dei
647 3223 847 3300 condignum
857 3223 911 3284 in-

114 3330 205 3390 ferre
220 3325 430 3404 supplicium,
454 3340 528 3385 cum
548 3325 618 3400 jam
642 3321 730 3384 iacta
755 3320 911 3382 fuisseto-

114 3426 204 3488 ratio
219 3425 254 3485 in
280 3424 462 3500 peccatum.
484 3422 577 3480 Mora
601 3419 690 3480 enim
711 3417 840 3478 modica
854 3417 911 3478 in-

115 3522 267 3599 terjecta,
285 3519 362 3580 dum
374 3517 590 3594 blasphemus
605 3514 716 3591 nepoti
732 3530 791 3576 suo
801 3513 910 3576 inler-

115 3623 169 3682 ret
181 3618 350 3695 inJuriam,
368 3615 498 3691 accepit
511 3614 568 3675 1110
583 3612 730 3689 gladium
746 3613 778 3672 et
801 3611 912 3688 patrui

115 3715 302 3780 visceribus
322 3711 521 3774 cruentavit.
550 3709 672 3772 Eodem
688 3707 741 3769 die
761 3709 912 3769 mortuus

117 3815 169 3876 est
181 3812 374 3883 sceleratus,
389 3809 511 3871 inferni
539 3806 752 3882 mancipium,
770 3806 803 3867 et
824 3805 913 3865 iilius

116 3910 345 3980 tenebrarum,
374 3909 411 3969 ut
438 3906 551 3968 caeteri
571 3903 738 3966 discerent
761 3901 914 3964 miranda

117 4007 291 4070 Francisci
306 4020 419 4083 opera,
437 4020 502 4065 non
525 4000 817 4078 blasphematoriis
831 4013 914 4062 ver-

117 4106 171 4168 bis
182 4105 352 4182 impetere,
368 4102 425 4164 sed
436 4101 563 4162 devotis
575 4098 913 4160 laudibushonorare.

159 4205 178 4266 J
182 4201 268 4263 udex
284 4201 417 4278 quidam
432 4199 566 4260 nomine
579 4194 780 4266 Alexander,
805 4194 882 4255 dum
896 4209 915 4255 a

121 4300 211 4362 beati
223 4298 395 4360 Francisci
409 4296 595 4366 devotione,
613 4309 695 4370 ques
709 4293 840 4368 poterat
853 4307 915 4354 ve-

123 4399 246 4459 nenata
276 4396 390 4471 lingna
424 4393 621 4463 retraheret,
647 4390 759 4451 divino
788 4389 916 4466 judicio

122 4495 239 4571 lingua
263 4493 423 4570 privatus,
448 4505 507 4568 per
526 4505 586 4552 sex
614 4503 720 4549 annos
742 4486 915 4549 obmutuit.

124 4592 188 4664 Qui
206 4607 280 4654 cum
296 4591 329 4650 in
351 4605 391 4650 eo
411 4587 496 4666 quod
512 4587 719 4663 peccaverat,
740 4586 917 4661 torquere-

123 4691 191 4760 tur,
209 4687 276 4749 alta
289 4685 494 4763 poenitudine
518 4684 694 4744 revocatus
716 4681 857 4753 dolebat,
883 4697 919 4742 se

125 4785 242 4848 contra
267 4783 373 4844 sancti
399 4779 561 4842 miracula
583 4777 779 4839 oblatrasse.
804 4779 920 4854 ltaque

126 4898 194 4944 non
211 4880 354 4958 perstitit
363 4877 591 4940 misericordis
601 4873 787 4949 indignatio
800 4874 919 4946 sancti,

127 4978 186 5040 001
202 4976 426 5054 poenitentem,
444 4990 483 5036 ac
505 4989 541 5034 se
565 4971 738 5032 humiliter
762 4971 922 5032 invocan-

127 5074 373 5144 tem,restituta
395 5071 539 5148 loquela,
558 5068 684 5146 recepit
707 5067 747 5130 ad
767 5068 920 5144 gratiam.

129 5175 180 5234 Ex
194 5174 273 5235 tunc
294 5170 442 5245 linguam
464 5167 692 5244 blasphemam
716 5164 924 5227 consecravit

130 5268 285 5332 laudibus
299 5267 417 5339 sancti,
433 5265 639 5328 devotionem
653 5263 751 5324 simul
776 5263 809 5326 et
822 5262 925 5324 disci-

131 5367 258 5446 plinam
273 5364 439 5441 recipiens
453 5379 511 5440 per
524 5361 704 5437 flagellum.

965 3145 1037 3192 cum
1054 3129 1152 3205 longa
1168 3129 1260 3206 prius
1275 3128 1413 3190 haberet
1427 3130 1623 3206 aegritudine
1638 3131 1757 3192 ohum-
1879 3191 1885 3201 ,

964 3226 1087 3298 bratos,
1104 3242 1190 3288 nova
1204 3243 1246 3288 ex
1266 3228 1345 3288 tunc
1369 3228 1474 3288 sensit
1493 3227 1567 3288 luce
1593 3227 1755 3304 pertusos.

965 3324 1149 3386 Festinavit
1168 3325 1209 3384 ad
1232 3324 1364 3384 domum
1387 3323 1519 3396 mulier,
1534 3326 1601 3386 tam
1617 3328 1756 3402 stupen-

966 3423 1043 3483 dum
1054 3421 1251 3483 miraculum
1261 3422 1301 3482 ad
1314 3423 1456 3498 gloriam
1469 3424 1575 3485 sancti
1586 3425 1759 3485 Francisci

966 3520 1171 3582 denuncians
1202 3521 1380 3581 universis.
1413 3523 1660 3583 concurrerunt
1692 3537 1759 3582 nn-

966 3619 1065 3695 dique
1078 3617 1171 3680 multi
1181 3617 1221 3678 ad
1236 3618 1388 3678 miraculi
1400 3617 1533 3686 lamam,
1552 3620 1759 3695 experientia

967 3717 1126 3792 magistra
1150 3715 1315 3776 discentes
1338 3715 1525 3776 mirabilem
1549 3715 1640 3776 illius
1665 3731 1759 3794 aquae

966 3814 1134 3884 virtutem,
1160 3812 1237 3872 dum
1259 3810 1300 3871 ad
1323 3812 1429 3887 ipsius
1454 3813 1653 3884 contactum,
1679 3829 1762 3875 con-

969 3909 1113 3972 fessione
1128 3908 1312 3985 praemissa,
1329 3909 1466 3969 averiis
1481 3909 1671 3970 morborum
1686 3910 1761 3972 cla-

969 4007 1064 4068 dibus
1080 4006 1214 4084 plurimi
1227 4004 1465 4066 liberabantur.
1489 4009 1686 4070 Perseverat
1699 4025 1760 4069 us·
1841 4077 1846 4082 ,

969 4121 1033 4183 que
1049 4103 1227 4165 hodielons
1242 4103 1544 4180 ibiperspicnus‚et
1556 4105 1761 4167 inhonorem

969 4204 1058 4265 beati
1074 4201 1244 4263 Francisci
1260 4201 1380 4262 ibidem
1396 4201 1579 4262 oratorium
1594 4205 1644 4264 001
1664 4219 1763 4264 cons-

970 4303 1125 4364 tructum.

1011 4401 1049 4461 In
1075 4396 1237 4474 Hispania
1266 4396 1350 4473 apud
1375 4397 1530 4458 Sanctum
1557 4395 1761 4471 Facundum,

972 4496 1037 4559 viri
1078 4496 1250 4573 cujusdam
1295 4509 1447 4555 cerasum
1486 4493 1682 4566 arefactam,
1723 4497 1764 4556 ad

973 4595 1117 4655 virorem
1154 4582 1338 4662 frondium,
1370 4591 1489 4651 florum
1524 4593 1557 4650 et
1598 4590 1765 4653 fructuum

974 4693 1088 4752 contra
1126 4705 1217 4767 spem
1259 4687 1457 4750 mirabiliter
1493 4688 1674 4748 revocavit.
1709 4691 1794 4774 ln-x

975 4788 1065 4850 00100
1088 4803 1218 4864 queque
1240 4787 1339 4848 terrae
1362 4784 1448 4860 apud
1472 4784 1629 4852 Vilesios,
1650 4799 1670 4845 a
1689 4801 1768 4848 ver-

976 4885 1078 4947 mium
1099 4885 1192 4961 peste
1217 4881 1462 4944 corrodentium
1488 4882 1604 4942 vineas
1629 4883 1768 4946 circum·
1852 4931 1867 4942 ,

976 4999 1117 5060 quaque,
1134 4979 1334 5042 miraculoso
1347 4977 1508 5054 sullregio
1523 4979 1689 5042 liberavit.
1706 4984 1768 5044 Sa-

977 5079 1120 5142 cerdotis
1145 5077 1316 5153 cujusdam
1334 5078 1431 5153 juxta
1460 5075 1645 5138 Palentiam
1682 5078 1766 5142 hor-

977 5193 1070 5239 reum
1096 5175 1271 5254 quoddam,
1295 5173 1380 5251 quod
1418 5173 1586 5235 vermibus
1619 5175 1770 5238 irunien-

978 5275 1074 5338 tariis
1099 5274 1221 5350 repleri
1244 5272 1391 5350 quolibet
1412 5287 1499 5332 0000
1528 5271 1663 5334 solitum
1685 5277 1768 5347 erat,

980 5372 1044 5434 0111
1059 5371 1202 5432 fideliter
1214 5369 1477 5431 commendatum
1497 5369 1628 5446 penitus
1644 5385 1771 5447 expur-

979 5471 1081 5545 gavit.
1098 5471 1235 5530 Terram
1251 5481 1381 5545 quoque
1395 5466 1520 5529 domini
1535 5466 1708 5543 cujusdam
1730 5467 1772 5528 de

980 5566 1170 5630 Petramela
1194 5566 1229 5627 in
1252 5581 1355 5642 regno
1379 5564 1527 5642 Apuliae,
1554 5563 1618 5624 sibi
1644 5563 1772 5640 snppli-
