4226 6406
158 241 218 304 433
620 237 728 304 PARS
750 239 919 312 QUINTA.
940 271 981 288 -
1003 239 1343 304 BENEDICTIONES.
1592 250 1597 259 ’
1636 297 1639 302 ,
1742 243 1802 306 434

158 411 245 470 quarn
271 409 387 469 semper
414 394 512 470 magni
540 393 607 454 leoit
636 411 687 456 suo
718 411 805 457 manu
828 404 955 468 exarata,
1011 397 1087 458 illius
1104 397 1258 472 possidete,
1281 397 1799 473 4144414441414414.1414444444-

158 499 214 558 qua
229 499 295 542 eum
312 484 347 542 ab
365 485 444 542 omui
465 484 584 542 absolvit
599 486 765 546 tentatione.
789 507 800 536 ι
818 487 849 542 Τ.
867 485 954 543 bene·
1008 487 1089 559 juaet
1103 488 1238 559 potentia,
1255 489 1317 546 14141
1332 504 1384 546 444
1399 487 1504 562 dirigat
1518 489 1669 561 sapientia,
1681 487 1800 561 etSpiri·

156 571 233 632 dicat
251 573 302 630 tibi
317 571 465 640 Dominus,
485 580 513 630 et
533 573 675 631 custodiat
694 581 721 632 tc
736 591 742 630 :
760 575 891 631 ostendat
913 573 954 630 la·
1010 576 1801 649 144844414444144441414444144,14444.»44444444

155 663 232 720 44444
246 675 329 720 auam
344 660 403 730 tibi,
424 667 453 718 41
471 662 641 719 misereatur
659 661 709 720 tui.
726 663 878 720 4444444141
895 663 955 727 vul·
1010 678 1079 721 vero
1092 666 1139 736 qul
1153 679 1204 736 per
1215 665 1426 738 proprietatem,
1441 667 1572 740 pecuniae
1596 666 1800 737 receptionem,

155 758 217 808 turn
232 764 316 812 44444
331 748 367 806 44
386 757 423 818 14,
440 757 468 807 41
487 749 535 807 441
553 749 603 807 tibi
625 764 735 823 pacem.
756 751 894 808 Dominus
904 750 962 808 444·
1009 754 1056 810 vel
1067 753 1144 810 41444
1152 753 1350 826 quodcumque
1361 763 1510 828 peceatum
1521 756 1638 828 Regula
1649 755 1800 828 puritatem

155 837 272 896 4444441
286 837 402 896 fratrem
417 839 542 896 Leonem
558 858 569 888 r
585 837 638 912 (1).

419 1028 490 1084 BEN
494 1026 638 1086 ablutio
655 1027 692 1085 ll.

335 1141 417 1199 Sacri
431 1145 580 1199 4444441114
595 1141 773 1212 4414444444.

190 1267 321 1338 Quinque
334 1266 373 1323 illi
386 1273 525 1340 martyras
538 1280 554 1322 a
569 1265 737 1326 llarroelriis
751 1264 839 1338 passi,
854 1264 952 1322 villam

150 1355 335 1428 Alanquerae,
352 1353 505 1412 Lusitaniae
519 1369 577 1412 non
592 1352 726 1428 ignobilis
744 1352 883 1426 oppidicls
895 1355 949 1410 Ta·

151 1457 225 1516 gum
237 1442 367 1512 extructi,
380 1441 447 1498 olim
463 1441 631 1516 Hierabriga
646 1441 724 1510 dicti,
740 1447 771 1497 ut
786 1441 878 1513 placet
892 1442 948 1498 Da·

151 1531 350 1600 4414444444,
371 1529 514 1588 Resendio
534 1530 608 1604 apud
630 1531 775 1598 1144444444,
796 1528 949 1587 Ambrosio

150 1619 264 1689 1144411,
281 1626 311 1676 41
329 1620 417 1676 Paulo
437 1620 554 1677 Merula
571 1619 601 1675 in
620 1618 763 1676 Lusitana
781 1616 948 1689 descriptio-

150 1707 237 1764 nibus
258 1706 293 1766 ad
311 1706 412 1764 1441444
429 1722 507 1776 4444,
527 1708 576 1780 qui
591 1708 650 1780 jam
666 1705 771 1763 ibidem
786 1720 947 1764 commora-

148 1793 264 1866 bantur,
298 1796 432 1854 visendos
467 1803 664 1867 accesserunt3
702 1795 729 1852 ln
756 1808 811 1867 qua
835 1795 948 1853 Sanctia

149 1884 268 1942 Sanctio
290 1886 316 1942 ll
337 1899 408 1958 rege
430 1885 590 1958 progenita,
611 1884 738 1942 sanctius
755 1883 835 1952 vixit,
855 1888 885 1940 41
898 1897 948 1940 444

147 1973 277 2048 benigne
289 1975 406 2046 recepit,
420 1972 542 2047 indeque
553 1974 690 2047 impensis
703 1972 873 2030 necessariis
888 1971 947 2043 qui·

146 2060 326 2135 buaoumque
339 2053 549 2136 Ulyssi'ponem,
564 2077 627 2134 quae
640 2077 656 2118 a
669 2061 803 2135 praedicta
818 2061 883 2118 44114
898 2073 949 2132 per

147 2158 215 2210 octo
241 2152 339 2210 leucas
365 2150 400 2208 ad
427 2151 639 2210 occidentalem
665 2151 782 2224 plagam
812 2148 947 2219 distabat,

146 2241 316 2308 transmisit,
337 2247 367 2297 41
388 2239 465 2297 114444
484 2241 512 2296 44
534 2240 690 2297 1441444444
712 2237 897 2296 14444444444
911 2238 945 2295 ll·

147 2335 236 2386 cerat.
259 2331 385 2399 Quomm
406 2330 435 2385 44
459 2335 555 2402 optato
577 2329 713 2402 martyrio
734 2327 855 2401 expletis
873 2327 948 2384 votis

147 2418 225 2490 apud
244 2416 430 2487 Marrocblos‚
449 2425 481 2474 41
502 2432 601 2474 eorum
616 2417 645 2472 ln
665 2407 721 2474 ilde
744 2415 946 2483 constantiam,

146 2506 177 2563 in
198 2507 334 2580 martyrio
358 2505 563 2574 fortitudinem,
588 2505 618 2563 in
638 2505 788 2562 sanctitate
812 2519 944 2578 perseve-

147 2596 276 2652 rantiam
286 2594 387 2652 beatus
398 2597 480 2653 Pater
495 2593 603 2652 audivit
619 2595 648 2651 44
663 2595 762 2666 spiritu
777 2599 853 2652 totus
871 2593 947 2650 exul-

147 2683 303 2753 tabundus,
318 2691 492 2741 conventum
509 2684 587 2741 illum
599 2683 841 2756 Alanquerauum,
858 2697 873 2739 4
890 2697 946 2754 quo

151 2771 188 2830 ad
213 2779 324 2830 tantam
349 2771 524 2830 functionem
550 2785 710 2844 perrexere,
745 2771 800 2829 hac
822 2772 946 2828 sacravit

146 2859 347 2920 benedictione
372 2879 378 2918 :
404 2883 415 2911 r
444 2863 552 2919 Domus
576 2869 685 2930 saneta,
711 2859 828 2918 aedicula
851 2873 943 2928 sacra,

146 2951 277 3023 speciosa
292 2957 321 3007 et
333 2950 457 3023 jucunda
477 2949 601 3007 doscella
622 2949 756 3023 purpurei
777 2948 890 3018 coloris,
912 2962 946 3005 44

146 3039 311 3096 suavissimi
335 3039 439 3108 odoris,
464 3053 514 3111 per
539 3045 670 3097 sanetum
694 3037 861 3111 martyrium
885 3039 945 3094 1144

146 3128 293 3201 peperisti.
309 3128 344 3184 114
366 3127 497 3199 primlllae
513 3133 580 3184 sunt
601 3133 628 3183 41
652 3126 770 3200 gloriosi
791 3125 944 3184 414444114-
1021 3129 1028 3140 '

145 3231 262 3285 norum,
287 3215 385 3273 1414444
403 3216 464 3288 4444
485 3229 665 3289 possessores
687 3215 768 3288 regni
795 3215 941 3272 coelorum.

144 3305 298 3376 Nunquam
313 3306 342 3360 14
357 3310 385 3360 14
401 3303 515 3376 (44444
529 3304 593 3374 1144)
609 3303 743 3360 deiciant
755 3301 873 3376 perlecti
886 3301 941 3360 lra-

144 3399 214 3462 tres,
230 3393 279 3465 qui
300 3392 483 3451 devotissime
498 3400 628 3450 44441444
644 3391 797 3452 observent
812 3395 943 3466 Evange

148 3481 219 3540 lium
234 3503 245 3533 r
260 3480 312 3557 (2).

400 3661 619 3720 aussoreno
638 3662 691 3718 444.

294 3777 424 3834 44444444
442 3775 601 3836 4444444
619 3757 791 3832 serua-um.

1010 839 1215 913 deturpabaut3
1231 849 1281 899 441
1288 842 1431 912 Ordinem,
1440 857 1525 915 quem
1532 841 1801 916 precipuepauper·

1009 929 1075 986 14144
1102 928 1242 1002 professio
1267 929 1393 1002 decorat,
1420 939 1597 989 terrenarum
1616 945 1711 989 rerum
1735 931 1798 1003 pul·

1007 1031 1075 1074 vera
1093 1018 1282 1090 maculabant,
1309 1027 1357 1076 aut
1378 1020 1449 1076 allos
1470 1021 1530 1076 suis
1553 1020 1637 1078 malis
1660 1019 1800 1093 exemplis

1007 1105 1441 1178 scandalizabau130t0rdiuem
1461 1107 1642 1180 relaxabant;
1661 1107 1797 1166 maledic·

1007 1193 1114 1252 tionem
1137 1197 1188 1254 Dei
1204 1203 1232 1254 41
1251 1211 1333 1255 sunm
1352 1196 1512 1256 terribiliter
1529 1198 1701 1268 imprecans,
1722 1197 1797 1254 dice-

1006 1281 1075 1341 bat:
1092 1306 1103 1334 ι
1121 1285 1146 1341 A
1167 1291 1194 1342 te
1216 1286 1396 1342 sanctissime
1415 1287 1510 1355 Pater,
1525 1292 1585 1344 414
1607 1291 1665 1343 tots
1691 1285 1799 1343 coeiestl

1005 1371 1094 1442 curia,
1110 1379 1169 1430 414
1186 1388 1231 1430 44
1246 1375 1418 1447 pauperculo
1433 1375 1491 1433 siut
1506 1373 1658 1444 maledieti,
1678 1374 1726 1446 qui
1745 1389 1798 1431 suo

1006 1461 1081 1518 malo
1097 1462 1226 1534 exemplo
1242 1461 1422 1520 conlunduut
1434 1470 1461 1520 41
1475 1464 1636 1533 444144441,
1657 1462 1734 1534 quod
1746 1477 1797 1534 per

1003 1555 1120 1607 sanctos
1145 1549 1246 1608 lratres
1261 1550 1345 1624 hujus
1364 1551 1477 1610 Ordinis
1497 1551 1654 1623 4444444414,
1671 1550 1797 1610 41444441-
1841 1585 1845 1593 «

1005 1652 1072 1695 4444
1087 1653 1274 1698 uoucessasr
1297 1639 1348 1714 (1).

1258 1821 1475 1880 BENEDICTIO
1494 1821 1542 1880 lV.

1273 1935 1402 1993 Civitatis
1411 1936 1525 1993 Asaisii.

1037 2057 1107 2117 Cum
1118 2058 1153 2116 de
1169 2059 1274 2132 palatio
1287 2060 1413 2133 episcopi
1428 2060 1575 2118 4444444144
1594 2057 1628 2116 44
1646 2057 1795 2116 aediculam

1003 2148 1217 2207 84441441144444
1231 2147 1267 2205 44
1281 2147 1412 2221 Angelis,
1426 2148 1485 2221 J'am
1500 2148 1600 2206 ultimo
1610 2148 1709 2205 morbo
1720 2155 1795 2206 totus

1001 2235 1156 2305 conlectus,
1173 2235 1339 2306 deferretur,
1360 2252 1425 2295 cunr
1446 2237 1481 2294 ad
1494 2237 1640 2310 planitiem
1656 2237 1708 2294 sub
1723 2237 1794 2294 civi-

1002 2326 1067 2382 14144
1087 2324 1217 2396 44414414,
1241 2341 1276 2382 444
1296 2341 1351 2398 qua
1373 2325 1473 2382 urbem
1492 2325 1671 2383 commodius
1696 2324 1794 2382 videre

1002 2420 1109 2486 posset,
1131 2415 1269 2486 44444441,
1302 2411 1447 2484 feretrum,
1476 2414 1506 2469 in
1535 2429 1590 2486 quo
1618 2412 1792 2486 portabatur,
1835 2447 1836 2450 =

1001 2500 1066 2558 iecit
1089 2501 1125 2559 44
1146 2500 1245 2560 urbem
1271 2503 1377 2560 reiloctl
1391 2520 1397 2561 :
1412 2517 1497 2575 quarn
1519 2509 1550 2559 ut
1568 2501 1648 2570 vidit,
1660 2502 1748 2570 44441,
1765 2509 1793 2558 41

1001 2598 1099 2663 postea
1121 2590 1176 2648 hac
1186 2591 1306 2648 munivit
1317 2591 1547 2648 benedictione«
1563 2589 1714 2648 Benedicta
1730 2597 1760 2647 14
1776 2603 1792 2646 4

1001 2680 1133 2748 Domino,
1154 2681 1255 2737 civitas
1276 2681 1336 2737 1144
1355 2679 1457 2749 fidelis,
1473 2680 1538 2750 quia
1555 2694 1605 2753 per
1619 2685 1657 2748 14,
1678 2679 1793 2735 414414

1000 2769 1097 2826 multae
1117 2768 1221 2825 animae
1244 2767 1438 2837 salvabuntur,
1464 2777 1493 2826 et
1514 2769 1543 2824 in
1566 2774 1592 2825 te
1614 2765 1695 2824 multi
1716 2767 1792 2824 servi

999 2857 1137 2913 Altiaslmi
1153 2856 1330 2926 habitabunt,
1344 2865 1372 2914 et
1386 2856 1422 2914 de
1437 2865 1464 2914 14
1483 2871 1539 2914 444
1555 2858 1638 2930 pauci
1657 2855 1725 2930 justi
1740 2855 1790 2912 eli·

999 2953 1103 3018 gantur
1116 2945 1151 3002 ad
1166 2961 1289 3018 reguum
1300 2953 1438 3004 aeternunt
1454 2967 1464 2996 ι
1487 2945 1540 3020 (4).

1261 3135 1332 3192 BEN
1336 3133 1477 3192 41114110
1496 3135 1532 3193 V.

1169 3247 1301 3306 Omnium
1317 3250 1447 3321 [44144444
1464 3249 1619 3307 diluerem.

1033 3374 1117 3432 Gravi
1132 3380 1160 3430 et
1175 3373 1296 3430 molesto
1311 3373 1452 3430 stomachi
1463 3372 1560 3431 dolore
1575 3371 1664 3430 semel
1678 3371 1791 3432 labora·

997 3463 1048 3534 vlt,
1068 3463 1107 3520 lta
1130 3469 1162 3519 ut
1187 3463 1275 3520 vitam
1294 3477 1368 3534 pene
1389 3461 1545 3533 exhalaret,
1564 3468 1593 3519 41
1613 3461 1715 3519 iratres
1732 3462 1792 3533 jam

997 3551 1032 3609 de
1046 3551 1108 3624 ejus
1127 3552 1184 3609 4414
1204 3549 1399 3623 desperarent.
1428 3551 1554 3620 Quorum
1574 3565 1663 3620 uuus,
1687 3550 1792 3606 timaus

997 3655 1033 3696 ne
1047 3639 1140 3696 subito
1154 3653 1171 3696 e
1186 3640 1258 3696 44444
1273 3646 1421 3712 raperetur
1434 3647 1547 3713 propter
1561 3640 1639 3696 44414
1650 3645 1679 3695 41
1692 3637 1791 3695 crebra

996 3725 1089 3786 cordis
1103 3724 1238 3798 deliquio,
1252 3727 1293 3783 441
1305 3742 1312 3782 :
1328 3725 1453 3785 Benedic
1473 3726 1565 3796 nobis,
1581 3728 1676 3796 Pater,
1690 3731 1719 3782 41
1732 3741 1789 3782 oae-

996 3816 1065 3873 teris
1086 3813 1219 3872 iratribus
1232 3829 1303 3886 quoa
1318 3813 1348 3871 44
1360 3813 1472 3873 Christo
1485 3815 1620 3888 genuisti,
1633 3820 1662 3870 et
1676 3812 1790 3885 aliquod

179 3903 250 3962 Cum
272 3909 434 3959 sanctorum
465 3899 584 3958 instrunt
599 3915 649 3972 per
679 3899 776 3956 orbern
795 3897 938 3972 disperso·
996 3903 1163 3960 memoriale
1187 3902 1316 3975 relinque
1339 3901 1422 3959 uobis
1445 3911 1501 3960 tum
1527 3903 1691 3970 voluntatis,
1715 3900 1791 3972 quod
1866 3933 1873 3945 ι

144 4006 207 4049 rurn
221 3988 361 4048 odorifera
377 3988 452 4047 sarna
473 3988 576 4046 multos
597 3987 707 4046 audiret
724 3987 759 4044 ad
774 3988 850 4044 44444
866 3988 939 4044 veri·
996 3990 1096 4049 iratres
1112 3993 1140 4049 ln
1162 3991 1203 4048 144
1227 3992 1395 4048 memoriam
1416 4006 1529 4064 semper
1544 3990 1668 4047 babeant
1692 4004 1789 4046 aecum

144 4080 211 4138 14144
225 4079 331 4148 444441,
351 4077 495 4135 exultabat
519 4079 547 4134 ln
564 4079 675 4150 spiritu,
692 4083 720 4134 et
741 4075 942 4133 benedictioni·
996 4079 1181 4152 admajorem
1204 4080 1248 4137 sui
1263 4077 1431 4153 proiectum.
1451 4082 1530 4136 Tunc
1549 4080 1580 4137 B.
1596 4081 1681 4136 Pater
1694 4085 1788 4151 pater-

142 4169 197 4226 bua
212 4169 290 4225 omni
302 4167 498 4242 acceptatione
514 4165 693 4239 dignissimis
717 4165 781 4223 illos
804 4179 938 4224 accumu·
996 4183 1048 4226 nos
1061 4168 1159 4226 oculos
1175 4169 1203 4226 iu
1214 4167 1288 4226 lilios
1303 4170 1452 4241 erigens«
1470 4171 1588 4238 Vocate,
1603 4167 1705 4240 iuquit,
1720 4165 1790 4224 444144

142 4257 216 4327 1444,
233 4255 344 4314 dicebat
360 4273 367 4312 .·
384 4255 552 4312 «Benedicti
570 4271 622 4312 vos
644 4271 658 4312 a
675 4255 806 4324 Domino,
829 4255 876 4328 qui
896 4269 939 4312 cr·
995 4257 1109 4315 fratrem
1126 4257 1309 4315 Benedictum
1326 4257 1361 4314 dc
1381 4258 1490 4315 Piratro
1507 4279 1532 4327 4,
1547 4258 1594 4330 qul
1609 4257 1692 4314 beato
1712 4257 1790 4314 Patri

143 4353 240 4404 rantes
255 4351 420 4418 peccatores
448 4344 484 4400 44
512 4345 665 4400 Dominum
690 4342 834 4414 reducitis
863 4344 939 4400 41444
995 4361 1109 4419 semper
1123 4347 1152 4402 in
1166 4347 1331 4404 4414441414
1344 4347 1532 4416 ministrabat,
1546 4353 1575 4404 et
1587 4361 1682 4403 coram
1697 4361 1732 4403 eo
1744 4345 1791 4402 Sa·
1864 4406 1867 4412 ,

143 4434 271 4491 444414144
282 4433 336 4489 41144
352 4431 510 4500 4414444144,
522 4440 550 4489 41
564 4446 616 4488 444
632 4433 660 4488 44
676 4440 774 4489 444414
790 4433 940 4505 Evangelii
994 4450 1041 4493 cra
1054 4434 1176 4493 iaciebat
1193 4457 1204 4486 r
1227 4443 1258 4492 ut
1279 4435 1361 4492 vobis
1380 4434 1558 4492 benedicam.
1578 4457 1589 4485 ›
1611 4437 1671 4504 Quo
1691 4449 1788 4490 aecer·

143 4521 343 4579 observatione
368 4536 453 4594 puros
467 4521 635 4577 4141444444
647 4521 806 4578 custoditis.
823 4521 876 4590 Qui
889 4537 938 4578 vo·
994 4526 1048 4581 sito
1060 4525 1099 4582 441
1114 4540 1121 4581 :
1138 4545 1150 4574 ι
1168 4524 1275 4594 Scribe,
1288 4523 1423 4581 sacerdos
1438 4525 1500 4594 1144,
1516 4524 1636 4596 qualiter
1649 4522 1789 4580 benedico

143 4611 188 4669 bls
209 4609 362 4680 benedicit,
386 4625 401 4666 a
427 4609 549 4667 Domino
574 4609 774 4682 benedicatur;
811 4611 860 4681 qui
887 4625 939 4668 vos
994 4612 1126 4670 omnibus
1146 4611 1279 4669 iratribus
1299 4613 1380 4681 mals,
1406 4613 1453 4684 qul
1469 4612 1555 4669 modo
1578 4619 1645 4669 suut
1667 4609 1786 4668 inllellss

143 4699 220 4759 lovct
241 4705 290 4756 aut
308 4699 436 4771 suscipit,
460 4697 622 4754 mercedem
645 4699 764 4770 recipiat
787 4699 937 4771 sempiter·
993 4702 1090 4775 glane,
1102 4707 1131 4758 et
1146 4702 1193 4772 qui
1208 4702 1319 4758 venturi
1335 4709 1401 4758 sunt
1420 4715 1512 4773 usque
1531 4699 1566 4757 44
1581 4699 1667 4756 linem
1680 4696 1786 4756 saculi.

143 4804 220 4846 4444.
250 4788 364 4847 Nullam
388 4787 416 4844 44
441 4785 521 4843 vobis
546 4793 718 4858 potestatem
745 4794 827 4844 satan
854 4803 935 4844 exer·
993 4790 1133 4859 Quoniam
1162 4796 1278 4862 propter
1297 4789 1490 4846 infirmitatem
1509 4803 1602 4846 meam
1624 4787 1700 4860 loqui
1730 4802 1787 4844 non

143 4875 267 4952 cestii),
281 4891 366 4950 supra
380 4875 409 4932 id
423 4873 498 4949 quod
513 4876 642 4948 potestis,
661 4890 719 4932 non
735 4882 833 4933 tentet.
850 4876 939 4936 Vobis
992 4877 1086 4947 valeo,
1100 4877 1226 4934 breviter
1246 4877 1421 4935 voluntatem
1439 4891 1534 4935 444444
1555 4885 1584 4934 41
1598 4877 1785 4934 intentionem

143 4981 228 5040 super
241 4967 319 5024 illum
330 4971 359 5022 et
373 4980 442 5021 suos
455 4964 493 5020 sit
504 4963 664 5036 imperandi
684 4962 824 5021 facultas:
842 4972 939 5038 portas
992 4967 1150 5040 insignum
1170 4968 1317 5024 memoria
1340 4981 1413 5024 meae
1427 4965 1634 5024 benedictionis
1655 4972 1684 5024 41
1699 4973 1785 5024 testa·

179 5143 220 5218 (1)
241 5145 350 5212 Pisan,
372 5142 420 5200 lib.
442 5144 478 5211 ll,
501 5142 602 5213 4441,-
624 5143 742 5212 Bonas,
759 5157 822 5216 cap.
844 5143 887 5214 11,
902 5142 937 5200 44
991 5145 1094 5202 lteram
1107 5145 1258 5218 martyrio,
1273 5144 1302 5201 iu
1315 5143 1382 5214 line,
1400 5143 1506 5202 14112.

144 5215 235 5286 med.;
250 5215 363 5284 llodul.,
380 5214 427 5270 lib.
446 5217 467 5281 l,
485 5220 566 5271 tract.
579 5215 613 5269 de
625 5214 721 5270 Bautis
737 5215 798 5270 444.
818 5215 890 5272 Min.
907 5215 937 5271 44
1040 5215 1069 5285 3)
1090 5218 1103 5273 1
1122 5216 1197 5280 444,
1214 5231 1242 5283 x,
1257 5216 1299 5272 13.

143 5289 201 5344 vita
220 5287 253 5342 B.
275 5286 386 5342 Lasaia.
409 5285 462 5353 Qui
490 5298 591 5342 omnes
616 5284 778 5354 observant,
801 5284 934 5342 benedic·
1041 5287 1069 5356 4)
1089 5287 1173 5355 Bou,
1187 5300 1250 5358 cap.
1266 5288 1293 5343 8.
1310 5293 1373 5359 post
1389 5287 1450 5342 4441.
1468 5288 1531 5358 Lep.
1550 5293 1610 5344 441.
1633 5287 1717 5345 trium
1732 5288 1782 5344 So·

144 5359 248 5416 tionem
264 5356 362 5414 144444
384 5357 443 5414 4444
462 5355 554 5412 444414
574 5354 625 5411 4141
648 5356 870 5429 manuscriptam
890 5372 934 5413 re·
991 5357 1116 5428 ciorum3
1137 5358 1235 5427 Firm,
1253 5360 1317 5430 lp,
1333 5354 1379 5414 lol.
1398 5359 1441 5428 17,
1459 5373 1486 5430 p.
1504 5361 1537 5430 ²3
1562 5359 1649 5428 blare,
1672 5360 1783 5430 lpart,

143 5436 272 5487 verenter
287 5427 347 5484 414
370 5426 450 5483 414144
465 5425 557 5482 441444
569 5425 713 5483 custodiri.
991 5427 1038 5485 lib.
1056 5430 1093 5496 11,
1107 5441 1170 5500 cop.
1188 5427 1233 5485 25.

178 5498 219 5571 (1)
233 5501 296 5570 Lep.
314 5499 505 5554 4414444441
526 5511 548 5552 r.
566 5495 666 5553 borum
682 5497 807 5570 quinque
818 5496 936 5555 14414444
1026 5499 1067 5574 (ὅ)
1089 5500 1195 5568 Pisan,
1210 5499 1228 5554 1.
1244 5499 1359 5571 14441.
1378 5499 1404 5570 6,
1422 5500 1508 5558 ctlib.
1526 5501 1577 5570 111,
1591 5501 1672 5570 Coras.
1690 5499 1716 5556 4.

143 5578 237 5640 mart,
261 5569 309 5626 lib.
334 5569 383 5638 Ill,
402 5583 465 5643 cap.
489 5512 544 5637 ab
566 5566 679 5638 Rodul,
699 5567 879 5636 lib.1;tract.
897 5570 936 5624 114
983 5613 986 5618 .
