4184 6410
147 331 208 396 573

150 489 196 546 Pr.
220 485 337 546 carolus
355 485 496 546 Antonius
514 486 592 546 Calvi
617 485 653 544 de
671 487 742 544 Bon.
767 484 889 556 Artium,
913 490 943 542 et

185 575 214 634 S.
232 573 386 650 theologie
399 574 506 646 doctor,
519 575 605 634 totius
619 574 685 633 Ord.
700 575 841 632 lliuorum
851 573 943 630 sancti

186 664 330 722 francisci
342 663 523 724 conventual.
538 670 602 736 post
617 662 735 737 Seraph.
752 660 942 736 patriarcham

187 752 316 812 minister
327 753 472 825 generalis
487 751 627 814 LXXXV.

185 904 253 962 Cum
282 918 364 975 opus,
388 904 434 961 cui
459 903 566 972 titulus,
592 903 620 958 S.
642 901 760 959 Antonii
785 901 818 958 da
842 899 944 956 Poeno

149 995 292 1050 Sermones
314 993 346 1048 in
368 992 505 1063 Pserimos,
527 989 707 1058 Preiatione
729 997 784 1047 etc.
800 1003 816 1046 a
832 990 863 1046 P.
880 1001 942 1044 ma·

148 1081 240 1153 gistro
262 1080 387 1138 Antonio
413 1080 500 1137 Maria
525 1076 681 1150 Azzoguidi
699 1076 735 1137 de
759 1075 885 1136 Bononia
908 1089 943 1135 ex

149 1169 301 1227 Assisteuti
327 1168 455 1241 generali
476 1167 588 1226 Ordinis
606 1165 779 1236 locupletati,
797 1171 866 1232 ete,
887 1161 944 1222 duo

149 1257 264 1316 Ordinis
290 1257 378 1314 nostri
402 1255 529 1328 theologi
545 1255 627 1329 jussu
644 1261 741 1312 nostro
765 1266 941 1324 recognove-

149 1347 217 1415 rint,
234 1353 261 1403 et
280 1345 309 1403 iu
328 1343 421 1401 lucem
436 1343 481 1401 edi
504 1359 588 1416 posse
609 1343 703 1401 testati
723 1341 841 1400 inerint:
854 1339 941 1399 iacul-

149 1442 238 1493 tatem
250 1434 437 1506 impertimur,
453 1439 483 1490 ut
493 1433 568 1506 typis
581 1430 717 1500 tradatur,
732 1431 757 1489 si
769 1431 815 1500 iis,
826 1429 862 1488 ad
873 1445 945 1502 quus

150 1523 260 1592 attinet,
275 1519 425 1579 videbitur.
442 1524 474 1579 ln
490 1535 620 1592 quorum,
636 1525 691 1576 ete.

186 1613 249 1669 Dat.
266 1612 373 1678 Rome,
388 1609 434 1667 die
447 1610 481 1667 29
492 1609 590 1681 aprilis
603 1608 683 1665 litte.

185 1728 230 1784 Fr.
246 1724 362 1784 Carolus
376 1724 517 1782 Antonius
526 1723 604 1784 Calvi
619 1723 748 1780 minister
763 1735 863 1795 gener.
875 1719 943 1779 Ord.

238 1815 270 1872 L·
288 1814 316 1872 S·
328 1903 373 1960 Fr.
389 1900 496 1974 loseph
510 1899 651 1958 Antonius
663 1897 813 1957 Martinelll
826 1903 942 1968 secret,

363 1995 393 2046 et
406 1988 552 2046 Assistens
565 1987 689 2056 Ordinis,
705 2000 740 2044 ac
760 1985 944 2058 provincialis

362 2075 485 2149 Anglioe.

185 2218 264 2278 vidit
277 2221 310 2277 Ι).
325 2216 455 2276 Salvator
468 2215 723 2275 corticelliusiller.
733 2213 836 2286 Regni.
846 2212 944 2270 Sancti

150 2307 241 2374 Pauli,
255 2314 284 2364 et
298 2307 327 2362 in
343 2305 463 2362 ecclesia
483 2304 699 2376 metropolitana
723 2301 859 2360 bonomo
878 2302 941 2357 Poe·

149 2395 329 2454 nitentiarius
344 2393 452 2466 proSS.
470 2393 633 2450 Dominol).
649 2391 683 2450 N.
698 2389 851 2448 Benedicta
865 2389 942 2459 XIV,

152 2481 368 2554 archiepiscopo
384 2479 529 2538 Bononiae.

376 2649 455 2706 Diel
472 2647 617 2719 ouomtins'
635 2647 713 2706 1753.

186 2792 282 2852 Sancti
301 2789 417 2850 Antonii
432 2790 585 2847 Sermones
602 2789 630 2849 in
646 2788 775 2848 Psalmos
788 2802 845 2846 uua
860 2787 945 2848 simul

150 2895 329 2939 cumeorum
344 2877 510 2952 prelatione
532 2876 650 2936 videant
673 2891 723 2950 pro
749 2877 779 2934 S.
799 2875 899 2936 Obicio
916 2883 945 2934 et

150 2968 273 3028 referant
293 2968 391 3026 excell.
418 2969 452 3025 D.
475 2979 534 3024 sac.
550 2965 704 3038 theologiae
729 2964 828 3025 doctor
855 2965 941 3024 colle·

151 3061 245 3134 giatns
260 3053 455 3116 Ferdiuendus
472 3054 581 3126 Verati,
597 3061 626 3110 et
644 3053 678 3112 A.
695 3053 728 3111 tt.
744 3054 776 3110 P.
789 3067 849 3110 sac.
860 3052 942 3110 theo·

150 3145 236 3221 logie
252 3152 281 3205 et
296 3145 324 3202 ln
346 3143 492 3217 provincia
507 3143 646 3216 magister
661 3145 706 3200 Pr.
729 3139 835 3215 loseph
854 3141 943 3200 illaria

150 3237 238 3294 Eleua
254 3233 365 3294 Ordinis
380 3232 609 3291 Praedicatorum.

256 3352 302 3408 Fr.
312 3348 436 3406 Thomas
446 3347 534 3406 illaria
543 3341 580 3404 'de
590 3343 710 3420 Angelis
725 3345 754 3406 S.
765 3344 857 3403 Officii
871 3345 941 3402 Bon.

292 3451 392 3511 gener.
405 3437 466 3508 inq.

323 3648 422 3708 Pridie
439 3659 529 3704 nonos
540 3645 672 3718 ionuorii
688 3644 767 3704 llll.

187 3795 242 3852 Pru
255 3805 375 3850 munere
396 3788 468 3848 mihi
484 3803 500 3846 a
515 3777 762 3845 reverendissimo
775 3787 858 3843 Patre
881 3797 942 3842 raa·

152 3882 243 3956 gistro
253 3881 361 3940 Thema
375 3879 465 3938 llaria
477 3877 512 3936 de
531 3877 650 3949 Angelis
665 3877 693 3932 S.
709 3875 795 3932 officii
808 3875 944 3934 nononis

152 3970 283 4045 generali
296 3969 464 4040 inquisitore
478 3963 650 4024 demandato
666 3963 736 4022 nihil
749 3961 905 4035 diligentie
914 3962 944 4020 lu

151 4057 286 4136 legendo,
300 4055 560 4134 perpendendoque
578 4053 659 4123 libro,
674 4053 721 4110 eui
735 4051 831 4110 titulata
845 4053 873 4108 S.
888 4050 945 4109 Ao·

152 4148 224 4208 tonii
238 4145 461 4222 ulyssiponensis
471 4144 505 4203 de
517 4143 618 4200 Poduo
633 4141 789 4212 numanati
802 4141 945 4200 Sermones

152 4238 184 4294 in
199 4225 336 4308 Paulines,
349 4232 526 4320 pretermisi.
543 4231 620 4304 Opus
632 4229 688 4286 hoo
699 4230 724 4286 si
737 4243 803 4290 cum
813 4228 876 4286 aliis
884 4228 945 4300 jam

154 4331 237 4382 antea
252 4321 393 4396 evulgatis
405 4320 533 4395 ejusdem
548 4317 639 4397 sancti
649 4317 711 4390 quis
725 4317 944 4390 comparaverit,

153 4426 238 4470 nemo
255 4411 308 4470 erit
331 4409 378 4484 qui
390 4415 469 4468 tanto
482 4407 589 4467 auctori
604 4421 662 4466 nnn
676 4405 789 4468 tribuat.
809 4408 842 4463 ln
853 4419 943 4464 euar-

153 4501 224 4558 tium
239 4513 312 4572 pene
333 4497 470 4566 omnium,
495 4502 579 4567 atque
594 4493 808 4567 disciplinamm
834 4493 945 4565 peritia,

153 4588 321 4659 illammque
336 4585 409 4643 nitor
422 4585 567 4651 elucescit,
589 4589 620 4640 ut
636 4580 703 4639 ildel
723 4581 859 4656 dogmata
879 4593 946 4637 exa·

154 4682 226 4744 rata,
249 4674 403 4747 theologie
429 4671 602 4730 diffieilimas
628 4669 802 4742 quaestiones
826 4667 944 4738 solutas,

154 4763 314 4822 divinarum
328 4763 483 4820 litterarum
501 4757 661 4819 uberrimos
675 4755 780 4828 iones,
791 4767 947 4828 earumque

155 4852 385 4920 vertanensis,
411 4848 569 4924 presertim
597 4845 730 4918 morales,
758 4851 788 4904 et
810 4845 947 4917 mysticos

519 327 840 394 Pnohneultnrm.
856 355 897 374 -
915 325 1223 390 Pnnutsslortns
1253 329 1418 392 nonunt.

1733 329 1792 394 574

996 484 1124 557 quisquis
1138 485 1241 560 legerit
1266 486 1393 558 prolecto
1411 491 1560 559 agnoscat,
1576 492 1605 542 et
1625 484 1791 556 admiretur,

982 572 1126 646 ¹adeoque
1140 575 1363 643 sanctissimum,
1383 573 1682 647 sapientissimumque
1708 575 1795 633 Anto·

997 662 1075 718 nium
1088 660 1254 736 juramento
1269 663 1434 735 adrogorio
1448 664 1489 722 lX
1499 661 1604 722 Arcano
1615 663 1789 720 Testamenti

998 748 1084 806 luisse
1110 749 1282 824 appellatum
1308 749 1439 808 latentur.
1461 752 1542 808 Note
1563 751 1665 808 itema
1688 753 1792 809 Rever.

997 833 1150 894 admodum
1172 839 1203 896 P.
1227 837 1366 910 magistro
1389 839 1513 895 Antonio
1528 839 1616 898 blaria
1635 838 1792 911 Azzoguidi

997 924 1065 984 Viro
1079 921 1163 982 bouis
1177 923 1295 993 artibus,
1313 932 1398 998 atque
1420 926 1793 1000 ecclesiasticis'disciplinis

997 1011 1190 1069 eruditissimo
1213 1012 1314 1070 sedulo
1340 1013 1447 1083 labore,
1478 1021 1507 1070 et
1538 1013 1671 1073 diuturno
1699 1017 1793 1074 studio

997 1101 1165 1174 conscriptos
1181 1109 1372 1170 accesserunt,
1390 1102 1492 1173 quibus
1504 1102 1666 1173 Sermones,
1685 1110 1713 1161 et
1730 1105 1792 1165 Vita

999 1187 1094 1244 Sancti
1106 1187 1289 1246 illustrantur.
1308 1189 1381 1247 ilinc
1396 1188 1472 1247 haud
1486 1189 1629 1248 modicum
1643 1190 1792 1250 catholice

998 1273 1131 1349 religioni
1153 1284 1362 1347 ornamentum,
1383 1279 1586 1336 ecclesiasticis
1600 1278 1700 1336 studiis
1719 1295 1792 1358 pre·

998 1365 1073 1422 clera
1086 1365 1222 1437 dignitas,
1239 1365 1357 1424 eruditis
1370 1366 1439 1425 viris
1453 1367 1604 1440 egregium
1617 1367 1794 1440 presidium,

998 1466 1033 1509 ac
1046 1451 1161 1510 demum
1180 1453 1313 1512 omnibus
1330 1453 1435 1513 Christi
1454 1453 1584 1514 ildelihus
1598 1469 1705 1528 magna
1724 1455 1796 1514 utili·

999 1546 1043 1597 tas
1068 1540 1195 1609 accedet,
1212 1543 1236 1599 si
1255 1541 1430 1614 approbante
1448 1543 1637 1602 reverendiss.
1654 1551 1734 1616 patre
1747 1545 1792 1602 in·

999 1629 1134 1700 quisitore
1147 1629 1220 1686 liber
1233 1630 1263 1686 in
1277 1631 1371 1688 lucem
1381 1630 1525 1703 prodierit.

1121 1747 1163 1802 lta
1186 1758 1244 1816 ego
1261 1745 1458 1804 Perdinandus
1472 1747 1569 1805 Verati
1585 1747 1613 1805 S.
1629 1746 1795 1821 Theologle

1157 1831 1256 1890 doctor
1270 1833 1386 1905 colleg,
1395 1840 1424 1891 et
1435 1849 1501 1891 ven.
1510 1835 1677 1893 monasterii
1687 1836 1794 1894 monia·

1156 1918 1226 1976 lium
1253 1920 1281 1990 S.
1307 1921 1405 1978 blariae
1433 1921 1610 1994 Angelorum
1639 1931 1794 1996 perpetuus

1157 2006 1360 2067 confessarius.
1424 2014 1426 2020 ’

1033 2172 1098 2231 Vidi
1110 2173 1208 2246 iussus
1223 2189 1238 2233 a
1255 2175 1454 2234 Reverendiss.
1468 2177 1500 2234 P.
1516 2175 1642 2234 Thomas
1652 2177 1741 2236 Maria
1756 2176 1793 2236 de

997 2260 1116 2334 Angelis
1129 2276 1219 2320 sacre
1234 2261 1387 2336 theologie
1402 2271 1430 2321 et
1440 2264 1469 2320 iu
1482 2265 1627 2336 provincia
1641 2266 1792 2338 magistro,

999 2349 1134 2406 Bononiae
1144 2351 1273 2424 generali
1287 2349 1352 2408 fidei
1368 2352 1518 2423 quaesitore
1532 2352 1688 2412 lihrumcui
1697 2353 1795 2411 titulus

998 2443 1042 2494 est
1057 2454 1064 2494 :
1081 2438 1110 2495 S.
1127 2436 1243 2496 Antonii
1267 2439 1498 2512 Ulyssiponensis
1515 2438 1552 2496 de
1575 2438 1671 2498 Padua
1687 2453 1794 2499 nuncu·
1816 2449 1817 2452 ’

999 2525 1057 2597 pati
1081 2525 1233 2584 Sermones
1259 2527 1289 2583 in
1315 2527 1444 2585 Psalmos
1465 2543 1501 2584 ex
1520 2527 1699 2601 autographo
1718 2543 1796 2588 nunc

999 2613 1121 2685 primum
1142 2614 1172 2670 iu
1186 2615 1279 2672 lucem
1298 2615 1377 2684 editi,
1394 2623 1463 2684 etc„
1478 2615 1581 2688 cuique
1600 2623 1664 2688 post
1691 2615 1793 2690 praela·

999 2702 1116 2771 tionem,
1132 2701 1306 2775 brevemque
1322 2703 1470 2762 historiam
1484 2703 1613 2777 ejusdem
1628 2706 1719 2762 sancti
1733 2705 1794 2763 An·

999 2790 1078 2859 tomi,
1099 2789 1239 2847 accedunt
1257 2791 1407 2848 laboriosae
1424 2805 1483 2848 non
1499 2792 1609 2861 mlnus,
1625 2806 1711 2864 quam
1728 2808 1794 2850 eru·

998 2877 1064 2935 ditae
1088 2885 1164 2936 uotae
1189 2878 1341 2936 clarissimi
1369 2877 1505 2942 editoris:
1522 2886 1552 2940 et
1577 2881 1662 2952 plane
1688 2895 1793 2940 censeo

998 2965 1111 3037 lihmm,
1136 2981 1220 3040 quem
1242 2982 1354 3025 summa
1383 2982 1448 3025 cum
1476 2968 1622 3042 voluptate
1653 2969 1792 3042 pervolui,

998 3052 1117 3127 dignum
1142 3069 1207 3112 esse
1233 3054 1371 3126 doctrina,
1394 3056 1466 3125 zelo,
1483 3057 1633 3114 sanctitate
1661 3057 1723 3130 ejus
1749 3058 1796 3116 cui

997 3140 1127 3198 tribuitur
1133 3156 1142 3212 ;
1158 3149 1241 3199 notas
1255 3156 1324 3199 vero
1343 3141 1447 3215 dignas
1460 3143 1574 3214 pietate,
1591 3142 1708 3214 judicio,
1730 3159 1792 3201 eru·

997 3227 1105 3286 ditione
1133 3230 1234 3288 liever.
1265 3228 1418 3286 admodum
1448 3231 1478 3287 P.
1500 3231 1537 3289 lt.
1558 3230 1674 3288 Antonii
1698 3231 1796 3290 blarie

997 3316 1163 3390 Azzoguidi,
1186 3317 1241 3376 viri
1262 3317 1396 3376 nimirum
1415 3318 1652 3377 elaboratissimi:
1666 3335 1754 3393 quare
1769 3319 1797 3378 ld

998 3405 1089 3462 solum
1103 3419 1181 3464 nuno
1201 3406 1303 3463 merito
1326 3413 1474 3478 supereat3
1489 3415 1521 3466 ut
1545 3415 1603 3465 tam
1623 3409 1795 3481 pretiosum,

998 3501 1113 3566 tamque
1134 3508 1151 3551 a
1170 3494 1254 3552 bouis
1272 3501 1301 3552 et
1317 3495 1408 3554 dentis
1429 3496 1497 3553 viris
1520 3504 1683 3569 exoptatum
1710 3513 1796 3556 vene·

998 3581 1094 3639 rande
1109 3583 1284 3655 antiquitatis
1297 3590 1513 3642 monumentum
1530 3587 1675 3643 communi
1687 3586 1765 3644 bono
1778 3600 1795 3643 e

997 3669 1123 3743 tenebris
1143 3678 1266 3740 erutum,
1291 3679 1407 3744 tamque
1424 3680 1556 3729 accurate
1576 3673 1746 3732 illustratum
1766 3673 1796 3732 iu

998 3756 1142 3830 publicam
1162 3757 1257 3814 lucem
1272 3755 1400 3829 prodeat.
1416 3757 1508 3830 Atque
1528 3759 1663 3818 censebat
1675 3760 1704 3817 in
1720 3759 1796 3818 hunc

999 3843 1116 3902 modum
1129 3843 1260 3902 kalendis
1275 3846 1390 3919 augusti
1402 3847 1470 3906 anni
1483 3847 1563 3906 llll.

1069 3961 1114 4018 Fr.
1132 3956 1239 4032 ioseph
1250 3960 1288 4017 ll.
1304 3959 1393 4018 Elena
1405 3959 1472 4018 Ord.
1488 3959 1607 4018 Proedio.
1624 3962 1653 4022 S.
1670 3961 1792 4020 Theolo-

1104 4048 1163 4122 gle
1176 4048 1267 4121 Mag„
1275 4046 1420 4121 professor
1434 4048 1651 4126 archigymnasi
1672 4053 1795 4122 Bonam,

1105 4143 1134 4194 et
1148 4136 1247 4195 doctor
1261 4137 1364 4210 colleg.

1229 4314 1282 4371 Dic
1294 4314 1330 4372 30
1342 4315 1456 4388 angusti
1476 4315 1555 4375 litt.

1035 4455 1157 4515 Atteutls
1169 4457 1357 4532 suprapositis
1372 4457 1610 4516 attestationibus.

1252 4619 1534 4681 IMPRIMATUR.

1037 4758 1082 4814 Fr.
1105 4755 1229 4816 Thomas
1248 4759 1285 4816 ll.
1301 4757 1337 4816 de
1351 4739 1470 4832 Angelis
1485 4760 1513 4817 S.
1530 4759 1584 4817 oll.
1599 4717 1708 4818 bonon.
1723 4773 1793 4833 gen.

1001 4843 1159 4918 nemim.
