4184 6410
145 301 205 366 589
519 301 627 367 Plus
658 289 802 364 PRIMA.
818 329 859 350 -
877 301 1096 366 EXPOSITIO
1128 303 1172 366 IN
1203 301 1408 368 psalmos.
1725 301 1808 408 590·

143 475 241 538 quem
269 459 538 543 suggestionibus
562 461 633 524 suis
659 459 792 538 decipit,
814 459 938 524 lactum
992 463 1028 524 ut
1041 475 1109 524 uon
1134 461 1305 535 audacter,
1329 459 1387 524 sed
1413 475 1488 522 cum
1508 461 1628 525 timore
1653 460 1785 530 veniam

144 557 339 630 masculum,
360 557 447 620 idest
469 558 613 620 viriliter
626 558 779 634 agentem
796 573 835 618 se
848 557 938 619 circa
991 560 1153 635 postulet,
1182 560 1219 621 ut
1240 558 1335 636 quasi
1364 558 1570 635 desperando
1602 559 1723 634 speret,
1753 559 1788 621 et

142 654 340 730 temporalia
357 670 417 734 per
437 654 707 727 sollicitudinem,
724 657 758 716 et
782 655 939 718 innocen·
992 657 1156 734 sperando
1169 657 1332 734 desperet.
1347 657 1390 719 Ut
1404 656 1492 718 euim
1506 656 1637 721 uitiosi
1648 653 1694 735 (2,
1712 654 1784 735 lli:

141 749 198 816 tiae
211 751 459 826 corruptionem
472 751 595 814 mundo
611 751 826 815 demonstrat.
843 753 937 815 Mas·
993 756 1074 820 Quis
1087 755 1163 827 scit,
1175 757 1207 815 sl
1220 753 1455 826 convertatur,
1471 755 1505 818 ct
1520 754 1676 830 lpnoscm
1685 757 1785 826 Deus,

142 847 210 909 culi
233 847 322 911 enim
342 849 394 910 est
421 849 585 924 virginem
609 857 832 925 corrumpere.
852 849 937 912 Nam
992 850 1026 912 ct
1040 850 1653 926 rcuoqoclposlscoeoedicleocemt

142 943 230 1006 sicut
254 943 336 1008 dicit
361 946 542 1021 Gregorius
569 943 618 1024 (1)
635 968 643 1008 ε
660 963 679 1006 c
694 948 774 1008 cum
800 945 938 1008 cuilibet
1003 969 1006 974 ·

142 1041 311 1118 peccanti,
346 1055 386 1104 ac
418 1041 624 1118 superbienti
652 1043 776 1104 dicitur
791 1059 799 1104 :
814 1042 939 1107 Fecisti

142 1137 230 1199 8ῑῦοῒ
240 1137 294 1200 Vir
309 1157 316 1198 2
330 1137 409 1216 quid
424 1138 526 1211 alliud,
543 1154 642 1216 quam
656 1142 755 1202 natus
770 1139 938 1203 masculus
1012 1177 1016 1185 -
1261 1098 1401 1159 SERMO
1426 1099 1529 1160 V111·'

142 1233 266 1306 mundo
281 1233 609 1314 denunciatur(2)tu
1069 1199 1194 1317 uultur
1206 1203 1301 1308 cetum
1316 1245 1455 1306 debemus
1468 1260 1554 1310 mauu
1568 1247 1707 1320 Dumium

183 1329 240 1392 Est
259 1330 395 1418 ,lustitia
417 1331 616 1404 retribuens.
638 1334 719 1402 lisso
739 1333 791 1397 est
806 1331 937 1410 lustitia
1181 1334 1260 1397 etde
1273 1334 1420 1408 multiplici
1434 1335 1593 1408 iniquitate.

142 1425 308 1500 vindictas,
334 1443 396 1504 per
417 1444 516 1505 quam
539 1417 637 1492 bo'mo
656 1428 692 1490 in
705 1428 891 1506 sejudicat,
904 1429 939 1493 et
991 1471 1096 1532 Mane
1110 1469 1229 1532 astabo
1244 1469 1315 1540 tm,
1331 1469 1365 1531 ep
1377 1473 1518 1532 videbo:
1534 1471 1702 1536 chorztom
1716 1485 1786 1534 ηρ),

141 1523 290 1586 Vindicat
313 1539 387 1601 (1¹¹ae
402 1525 578 1588 fflmmisit·
594 1527 642 1588 ΒΘ
656 1526 720 1588 ¹¹³⁰
742 1527 848 1588 ¹⁸⁸i³⁸
870 1524 936 1605 (ω’
1032 1569 1125 1628 Deos
1138 1565 1482 1642 volenslosqouatem
1494 1565 1743 1650 lues(Ps.5,5).

140 1619 196 1698 47)
210 1641 219 1680 2
234 1622 390 1684 «Ponam
406 1621 442 1684 in
457 1622 604 1699 pondere
621 1623 797 1700 judicium,
815 1625 849 1686 et
858 1627 938 1700 jus-

143 1716 252 1779 titiam
286 1717 322 1779 in
362 1733 566 1780 mensura.»
598 1724 642 1784 Iu
659 1724 816 1794 pondere
833 1742 841 1781 :
858 1736 938 1784 ecce
1030 1716 1150 1778 Astare
1164 1715 1332 1791 significat
1346 1716 1641 1793 perseverantiam,
1659 1734 1784 1796 opere·-

137 1813 271 1890 jnstitia
285 1814 493 1891 appendens;
515 1815 555 1878 de
572 1831 638 1893 qua
656 1831 757 1894 supra
778 1817 935 1879 diximus.
991 1813 1127 1885 tionem,
1152 1813 1185 1876 ei
1208 1813 1454 1876 rectitudinem.
1479 1816 1578 1876 Mane
1599 1817 1709 1878 autem
1733 1818 1789 1886 est

138 1913 314 1972 ludicrum
331 1929 344 1974 .·
361 1915 445 1976 Ecce
466 1913 598 1990 Justitia
634 1914 814 1990 unicuique
849 1913 936 1991 quod
991 1910 1310 1972 nosoaenalivitaus
1324 1910 1467 1972 initium.
1480 1912 1787 1987 Dicitergozmonc

141 2022 239 2068 suum
258 2009 311 2070 est
336 2009 490 2072 reddens.
518 2011 562 2072 nt
576 2011 755 2083 justitiam
777 2012 814 2072 iu
833 2025 936 2074 men·
991 2008 1109 2070 astabo
1135 2006 1206 2080 tibi,
1229 2006 1325 2084 quasi
1348 2006 1462 2068 dicat:
1484 2008 1698 2072 Consideravi
1719 2025 1786 2072 na-

139 2117 247 2165 sura:
261 2105 396 2168 iustitia
426 2106 462 2168 in
493 2122 652 2168 mensura
684 2106 835 2186 ponitur,
862 2123 937 2170 cum
991 2103 1237 2176 tivitalismeae,
1250 2118 1349 2181 quam
1364 2103 1405 2166 ab
1420 2104 1518 2168 initio
1533 2106 1697 2179 contraxi,
1717 2107 1786 2168 mi-

141 2215 239 2275 poena
263 2201 369 2277 culpae
384 2203 685 2279 commensuratum
702 2203 735 2265 ei
748 2203 938 2281 eccejusti-
992 2201 1126 2262 seriam.
1154 2201 1279 2264 astabo
1303 2201 1373 2274 loct,
1401 2200 1488 2263 idest
1502 2203 1611 2264 tecum
1626 2219 1788 2280 perseus*

140 2297 190 2358 tia
208 2298 410 2372 retribuens,
433 2301 531 2374 juxta
557 2299 639 2362 illud
654 2321 661 2360 ε
678 2301 796 2362 Facite
817 2303 938 2378 dignos
992 2297 1085 2372 rabo,
1099 2297 1238 2360 Domine
1252 2299 1339 2360 Deus
1359 2313 1471 2372 meus,
1492 2315 1559 2360 non
1572 2299 1786 2376 superabere

138 2395 276 2468 smectica
285 2396 502 2468 poerzttenlloe
520 2393 645 2474 (Lucae,
658 2399 689 2466 3,
702 2395 747 2476 8).
762 2398 937 2461 Noneuim
991 2395 1036 2464 te,
1061 2395 1159 2471 Juxta
1180 2394 1264 2454 illud
1276 2415 1284 2454 z
1298 2410 1317 2454 a
1331 2396 1400 2470 ligo
1421 2394 1503 2466 dixi,
1528 2396 1564 2456 in
1583 2395 1787 2465 abundantis

140 2505 205 2565 par
229 2489 325 2554 debet
347 2506 424 2553 esse
446 2507 545 2568 poena
560 2495 633 2570 ejus
653 2493 710 2570 qui
730 2495 881 2567 multum,
904 2495 940 2556 et
992 2507 1066 2554 mes
1090 2507 1157 2552 nou
1185 2489 1343 2553 movebor
1367 2491 1402 2552 in
1426 2492 1587 2554 aeternum
1601 2491 1693 2571 (6).»
1716 2497 1788 2571 ligo

140 2589 215 2664 ejus
238 2589 294 2664 qui
321 2603 439 2664 parum
459 2590 619 2665 peccarit.
642 2591 682 2654 Et
701 2591 937 2654 attendendum
992 2589 1075 2661 dixi,
1091 2604 1158 2649 non
1173 2587 1331 2650 movebor
1344 2588 1380 2648 in
1397 2587 1627 2662 abundantia,¹
1641 2590 1729 2653 idest
1749 2593 1786 2652 in

140 2682 194 2745 est
209 2682 303 2756 illud,
329 2683 414 2762 quod
436 2685 558 2748 dicitur
581 2686 617 2748 in
638 2687 786 2750 Levitico
802 2685 846 2765 (5,
860 2686 936 2767 tl):
992 2699 1152 2754 aerumna,
1169 2699 1242 2762 quae
1255 2682 1339 2746 bene
1351 2685 1416 2746 erit
1429 2683 1645 2759 abundantia,
1656 2688 1692 2750 ut
1706 2687 1787 2754 dicit

141 2796 161 2841 c
176 2779 268 2851 Quod
293 2780 323 2842 sl
346 2782 670 2859 nequiverit-manus
690 2786 763 2861 ejus
785 2783 867 2846 duos
882 2784 937 2851 ot·
991 2781 1198 2856 Augustinus
1213 2778 1274 2860 (7).
1290 2780 1347 2842 Nil
1362 2780 1509 2844 abundat
1519 2780 1567 2860 (8)
1580 2783 1616 2856 in
1638 2783 1784 2858 bomine,

142 2876 231 2938 terre
245 2877 402 2950 turtures,
415 2878 533 2941 offeret
546 2879 692 2942 similam
700 2881 828 2958 partem
839 2881 934 2958 ephi:
992 2879 1228 2944 nisiaerumna.
1249 2879 1286 2939 ln
1301 2893 1451 2945 semmua
1470 2878 1574 2954 igitur
1587 2881 1788 2946 constitutus

142 2989 211 3035 nou
225 2974 332 3036 mittet
343 2974 379 3036 in
394 2991 468 3036 eam
483 2976 605 3046 oleum,
616 2992 677 3038 nec
688 2977 765 3040 thus
775 2975 861 3056 (3).»
874 2980 938 3039 Per
992 2991 1059 3038 non
1069 2974 1274 3036 moveborin
1286 2976 1446 3036 aeternum
1462 2977 1536 3038 aie.
1548 2977 1651 3038 Movit
1660 2993 1697 3040 se
1712 2978 1788 3054 pri-

141 3070 226 3132 duos
252 3071 399 3135 turtures
426 3071 550 3150 duplex
569 3073 785 3146 continentia,
810 3073 939 3136 scilicet
992 3087 1066 3134 mus
1078 3087 1200 3149 pareus
1212 3073 1276 3134 ate
1288 3070 1323 3134 in
1338 3070 1540 3134 abundantia
1560 3089 1632 3146 sua,
1647 3073 1733 3136 idest
1751 3075 1788 3139 in

142 3167 275 3240 mentis,
303 3168 337 3231 ct
363 3169 512 3246 corporis
550 3169 754 3246 designatur,
783 3170 938 3248 quamsi
992 3168 1194 3231 sufficientia
1208 3183 1289 3230 sua:
1304 3171 1372 3246 Ego
1382 3169 1492 3230 autem
1505 3185 1571 3231 uon
1581 3170 1739 3234 movebor
1752 3171 1788 3234 iu

145 3265 558 3343 nonpoteritquisofferre
573 3267 608 3328 in
621 3267 689 3331 uita
704 3268 780 3338 isia,
805 3267 935 3340 offerat,
992 3265 1196 3328 abundantia
1223 3278 1308 3349 mea,
1334 3265 1392 3328 sed
1411 3267 1642 3342 perseverabo.
1665 3268 1788 3333 astabo

143 3362 263 3425 saliem
274 3365 438 3436 similam,
452 3363 608 3426 uidelicet
619 3363 863 3428 contessionem
877 3379 938 3442 per
992 3363 1081 3425 enim
1097 3361 1159 3424 tibi
1178 3363 1337 3439 tanquam
1352 3376 1506 3439 operans,
1523 3363 1609 3440 quod
1628 3379 1695 3426 non
1709 3365 1790 3430 lecit

142 3459 276 3538 singula
301 3461 438 3538 peccata
467 3460 704 3523 comminutam
732 3461 773 3524 ad
803 3462 937 3524 modum
991 3461 1107 3532 Adam,
1120 3460 1176 3538 qui
1192 3475 1267 3521 cum
1282 3459 1409 3537 positus
1424 3460 1557 3522 essetin
1571 3461 1739 3536 paradiso,
1752 3465 1790 3528 ut

140 3555 272 3620 tarinae.
293 3559 372 3618 Cum
386 3571 488 3618 manu
504 3559 606 3620 etiam
621 3557 751 3631 offerat,
768 3559 846 3636 quis
865 3559 938 3620 sine
991 3557 1198 3636 operaretur,
1215 3571 1281 3618 uon
1292 3558 1345 3618 est
1357 3558 1524 3634 operatus,
1535 3557 1593 3618 sed
1609 3559 1789 3624 manduca-

141 3652 240 3716 bonis
254 3653 411 3732 operibus
435 3653 602 3717 consessio
619 3654 773 3718 iacienda
795 3656 935 3718 nonest.
992 3654 1051 3716 vit.
1072 3656 1110 3714 ln
1132 3669 1197 3732 quo
1217 3653 1338 3714 multos
1359 3652 1459 3714 hodie
1473 3653 1575 3714 babet
1589 3655 1785 3731 imitatores,

142 3751 450 3829 Undeltugusiinus
458 3749 584 3831 (illisi
594 3751 760 3814 confessio
771 3749 831 3832 (5),
839 3769 938 3830 quum
993 3766 1075 3828 quos
1088 3751 1123 3810 in
1138 3748 1287 3812 Ecclesia
1297 3751 1384 3811 Deus
1393 3749 1504 3825 posuit
1512 3749 1554 3810 ad
1565 3751 1786 3826 operandum:

141 3864 210 3913 non
236 3848 413 3910 comitatur
439 3847 518 3910 boni
545 3849 655 3925 operis
683 3847 824 3922 tructus,
852 3850 939 3912 sicut
993 3844 1790 3924 lpsiautemventri,etgulse,acdeliciisracant.,

141 3945 293 4008 videmus
319 3945 441 4008 multos
477 3946 597 4008 timore
627 3945 744 4008 mortis
772 3945 935 4007 confiteri.
992 3943 1114 4006 astabo
1138 3943 1239 4006 etiam
1262 3941 1322 4004 tibi
1346 3957 1545 4018 permanens
1565 3945 1686 4020 rectus,
1701 3947 1790 4015 sicui

142 4045 261 4106 Utrum
271 4043 357 4120 quod
372 4057 464 4116 vera,
475 4043 529 4105 vel
544 4042 630 4107 salsa
645 4043 814 4105 siteorum
829 4043 940 4120 poeni·
993 4058 1046 4104 me
1060 4040 1179 4104 iecisti.
1193 4039 1411 4102 Ecclesiastes
1426 4038 1472 4120 (7,
1488 4039 1543 4120 30)
1556 4063 1563 4102 ε
1577 4045 1694 4104 «Deus
1710 4042 1790 4109 lecit

141 4139 258 4213 tentia,
273 4138 661 4217 nondilliuio.Nunquid
675 4139 939 4202 damnabuntur?
993 4139 1162 4203 bominem
1195 4137 1321 4216 rectum
1338 4158 1346 4198 :
1363 4140 1437 4214 lpse
1460 4139 1572 4201 autem
1595 4155 1632 4204 se
1655 4140 1791 4206 miscuit

143 4237 209 4299 Sed
224 4253 285 4298 nec
311 4237 397 4308 dico,
416 4236 657 4301 liberabuntur.
675 4238 751 4298 Nou
766 4237 881 4302 mutet
901 4240 939 4300 tn
994 4236 1134 4300 infinitis
1147 4233 1387 4314 questionibus
1400 4232 1791 4315 (9).»ltectu1nlecltbo·

142 4350 221 4397 cam
235 4340 357 4398 oleum.
379 4337 444 4396 Per
470 4334 580 4410 oleum
608 4334 839 4398 misericordia
856 4349 939 4412 sper
993 4335 1114 4406 minus,
1126 4333 1183 4394 sed
1194 4334 1266 4411 ipse
1281 4332 1472 4395 immiscens
1482 4349 1518 4395 se
1534 4335 1786 4414 questionibus,

141 4432 221 4494 thus
236 4430 343 4493 oratio
360 4429 570 4508 intelligitur.
593 4433 669 4496 Non
684 4447 764 4510 ergo
778 4431 939 4494 condiens
994 4448 1030 4495 se
1062 4431 1230 4508 currerit;
1264 4431 1351 4496 unde
1379 4431 1488 4508 potest
1513 4431 1626 4507 dicere
1650 4438 1791 4498 :Miser

142 4527 254 4591 oleum
280 4530 317 4590 in
334 4527 536 4590 oblationem
560 4528 679 4603 mittat,
696 4529 734 4592 ut
747 4544 784 4590 se
802 4529 939 4606 dignum
993 4529 1420 4605 sactcssuocaetcuruotus
1429 4533 1580 4604 usquein
1591 4530 1789 4613 tinemut).

142 4626 375 4690 misericordia
395 4625 456 4688 Dei
469 4641 544 4686 esse
552 4625 680 4704 jndicet
694 4647 702 4687 ι
716 4628 834 4706 Neque
848 4627 938 4702 thus,
995 4630 1074 4690 Haec
1084 4626 1204 4689 estilla
1218 4625 1340 4688 mulier
1352 4625 1565 4702 Euangeliou,
1582 4643 1655 4704 quae
1674 4628 1791 4692 incur·

178 4759 205 4829 (l
239 4757 349 4826 licrul,
376 4755 425 4814 lib.
451 4757 501 4826 lv,
527 4755 558 4813 in
583 4769 648 4830 cap.
673 4756 690 4815 3
714 4755 779 4828 lob,
806 4758 835 4816 iu
861 4758 942 4816 calce
994 4759 1105 4827 vivens,
1125 4769 1243 4814 securus
1259 4753 1404 4812 biucexlt.
1422 4756 1521 4827 Agens
1539 4757 1738 4827 poeniteutiam
1753 4757 1789 4818 ad

143 4830 205 4888 Proe
218 4836 257 4886 at.
995 4830 1124 4887 ultimum
1138 4835 1166 4884 et
1179 4825 1388 4894 reconciliatus,
1400 4827 1425 4884 si
1439 4840 1557 4884 securus
1572 4827 1639 4884 biuo
1650 4831 1717 4898 exit,
1733 4844 1791 4904 ego

142 4897 572 5041 ..l’l'tultllpllt
587 4895 940 5038 trullissetur
995 4912 1274 5027 ltltlltdttllt
1289 4895 1515 5025 dulillo
1528 4898 1699 5027 ...tltllll
1713 4898 1789 5030 llll:

207 5013 252 5039 'r
316 5012 323 5026 ·
454 5041 459 5050 ,
521 5011 528 5026 ·
585 5039 590 5050 ,
647 5039 652 5052 ‚
812 5040 817 5050 ,
1049 5041 1054 5053 ,
1357 5007 1363 5022 ·
1695 5013 1702 5042 t

144 5038 942 5194 ..titillatiolllslllttlllltlltllt
996 5039 1169 5180 ”lilim
1185 5108 1234 5192 29„
1249 5110 1274 5166 π.

144 5183 215 5240 leret
237 5195 288 5254 pro
311 5188 429 5253 peccatu
454 5195 508 5238 suo
531 5180 632 5237 srmrlae
647 5187 756 5253 partem
777 5179 843 5254 ephr
862 5179 939 5236 decr·
1032 5183 1072 5250 (7)
1093 5181 1179 5237 Epor.
1195 5179 1213 5236 i
1227 5193 1255 5257 ln
1269 5178 1343 5236 Psal.
1357 5177 1402 5246 29,
1416 5193 1445 5236 n.
1463 5179 1506 5237 ll.

144 5267 222 5310 mam
238 5265 315 5309 :uon
328 5251 420 5308 mittet
430 5252 459 5307 iu
473 5265 538 5308 earn
549 5251 655 5322 oleum,
669 5265 723 5310 uec
735 5251 825 5310 thuris
836 5249 942 5324 aliquid
1033 5253 1073 5323 (8)
1094 5251 1145 5308 Nil
1166 5251 1301 5318 maudut,
1317 5253 1366 5306 etc.
1383 5251 1415 5306 lu
1435 5249 1501 5306 edit.
1524 5249 1792 5327 liaur.1lntwerp.,

144 5325 182 5384 lm
206 5327 284 5382 onst.
997 5331 1066 5380 tom.
1083 5323 1132 5390 lV,
1146 5319 1200 5378 ool.
1214 5321 1265 5378 lod
1281 5321 1319 5378 ita
1338 5319 1457 5394 legitur:
1470 5319 1651 5380 abuudantia
1666 5321 1792 5384 hominis

194 5395 223 5464 ll
244 5395 335 5452 Serm.
351 5389 414 5460 393,
427 5389 463 5450 tie
479 5389 692 5464 poenitentibus.
997 5407 1060 5466 quae
1075 5392 1139 5449 esti
1153 5393 1303 5459 AErumna,
1318 5391 1476 5448 calamitas.
1507 5462 1512 5474 .

180 5465 222 5538 lb)
244 5465 294 5520 Est
309 5463 456 5533 confessio,
470 5469 525 5520 etc.
543 5465 574 5520 lu
590 5461 658 5519 edit.
677 5464 767 5521 llaur.
779 5463 941 5534 antwerp,
1033 5464 1074 5535 (9)
1098 5463 1179 5534 Volq.
1203 5463 1314 5529 iuveni,
1331 5461 1406 5533 quod
1428 5460 1527 5518 lecerit
1550 5463 1626 5520 Deus
1646 5463 1791 5524 hominem

144 5544 215 5594 tom.
229 5535 264 5604 il,
277 5532 332 5590 col.
348 5533 426 5602 1056,
440 5535 477 5590 ita
487 5533 590 5605 legitur
604 5549 610 5590 :
623 5534 723 5608 Agens
733 5534 942 5606 poerrlteutieur,
996 5543 1117 5602 rectum,
1130 5534 1230 5605 etipse
1245 5549 1276 5590 se
1288 5531 1407 5590 indultis
1417 5533 1563 5591 miscuerit
1576 5534 1790 5606 quaestionibus.

144 5613 173 5664 ct
196 5604 398 5664 reconciliatus
422 5615 594 5662 cumeanus
617 5612 675 5675 est,
699 5614 727 5662 et
748 5612 846 5679 postea
870 5603 943 5662 benc
1034 5601 1091 5678 (lo)
1105 5602 1236 5674 Pselil,
1251 5605 1276 5662 7.
