4226 6406
748 309 779 368 S.
804 309 1022 370 FRANCISGI
1044 311 1272 370 nselsta'lls
1294 310 1523 371 OPUSCULA.

555 464 786 534 COLLOQUIUM
805 467 865 524 XL.

418 583 521 636 Verum
533 580 696 636 obedientem
710 585 821 638 mortuo
835 582 1004 640 asmmilori.

1899 313 1961 372 420

1164 466 1230 536 rior,
1247 475 1277 524 ut
1291 467 1418 525 anhelitu
1438 468 1499 525 solo
1513 481 1565 540 per
1578 469 1637 525 oris
1656 467 1766 526 hiatum
1779 476 1960 542 erumpente,

1163 555 1259 613 multis
1278 555 1356 614 illum
1374 556 1477 614 cubitis
1496 556 1523 612 in
1543 556 1665 613 sublime
1684 557 1840 630 eiaculatus
1858 559 1905 615 sit.
1927 560 1960 616 ln

1164 656 1220 713 quo
1239 657 1360 698 ascensu
1384 643 1409 699 is
1429 649 1527 715 postea
1550 643 1655 714 saepius
1679 645 1807 699 narravit
1827 651 1906 701 tauta
1929 659 1962 700 sc

351 700 563 762 inobedientem
580 703 732 776 quemdam
748 702 864 762 tratrem
879 706 1012 763 omuibus
1024 707 1109 778 jussit
1163 731 1313 788 dulcedine
1327 730 1493 800 delibutum,
1510 739 1646 802 quamam
1661 738 1745 789 ame„
1766 747 1911 805 nunquam
1930 732 1961 788 ᾗ,

314 791 441 849 vestibus
453 791 579 863 spoliari,
604 793 632 848 in
652 793 738 850 altam
755 793 859 866 conjici
880 794 1003 862 lorcam,
1017 794 1110 852 othu·
1165 820 1220 876 vna
1247 835 1298 877 „13
1318 827 1473 894 gustasset,
1498 822 1569 878 Tum
1595 821 1788 878 piramus:
1810 843 1821 872 ,
1841 823 1962 890 Eamus,

315 881 397 938 mari.
414 881 463 938 Cui
479 895 544 938 cum
560 879 661 937 iratres
673 881 707 938 ad
721 882 771 938 Dei
784 882 836 939 viri
852 883 991 940 monitum
1006 890 1109 939 terram
1163 910 1265 980 inquit,
1294 909 1414 966 Romam
1435 907 1469 965 ad
1490 917 1607 966 sanctos
1627 909 1771 984 apostolos
1793 912 1909 967 Petrum
1933 918 1963 966 et

314 969 560 1042 superinjicerent,
575 985 639 1028 cum
653 971 712 1044 jam
728 971 821 1028 solum
832 979 917 1044 caput
930 971 1110 1030 inhumatum
1166 999 1284 1054 Paulum
1299 997 1468 1066 exorandos,
1482 1005 1513 1055 ut
1526 1013 1577 1054 uos
1587 997 1708 1055 doceant
1722 1005 1780 1055 tum
1791 997 1963 1070 preclarum

315 1065 487 1127 “manere‘’
504 1060 624 1116 accessu
639 1059 702 1132 95⁰⁸
722 1067 812 1130 pater,
828 1067 856 1118 et
871 1061 928 1119 ³¹²²
948 1063 1024 1118 5⁸⁰⁶
1039 1075 1112 1118 ¹¹¹⁰*
1167 1087 1339 1159 paupertatis
1357 1085 1522 1143 thesaurum
1543 1097 1619 1144 recto
1644 1101 1678 1145 ac
1704 1085 1848 1144 fructuose
1867 1087 1962 1160 possi·
2070 1103 2071 1112 ¹

314 1155 381 1206 tuus
396 1146 502 1205 lratcri
516 1162 586 1205 esne
600 1149 749 1206 mortuus?
768 1149 813 1206 cui
834 1149 890 1218 illo,
912 1148 1111 1206 inobedientiae
1166 1175 1248 1245 dem
1262 1175 1285 1232 ᾗ,
1300 1175 1376 1232 emm
1390 1177 1426 1233 it,
1441 1183 1588 1248 prmus,
1603 1177 1699 1248 itaque
1713 1176 1827 1232 divinus
1839 1183 1893 1245 est,
1909 1189 1965 1233 ΠΟ,

317 1237 468 1309 lloellllesss·
492 1238 533 1293 lta
559 1245 648 1308 pater,
674 1237 774 1308 inquit,
798 1236 858 1310 i'flm
881 1245 1008 1294 ¹¹¹⁰ffl¹¹¹³
1036 1253 1110 1296 Sum·
1167 1271 1260 1320 autern
1285 1264 1322 1320 ita
1341 1263 1413 1321 viles
1436 1264 1598 1337 saeuienti,
1620 1263 1962 1338 utindignisimusqui

320 1347 331 1376 ‘
350 1327 452 1398 5¹¹ng
472 1325 563 1397 inquit
582 1326 639 1394 ille,
656 1327 679 1382 ⁸¹
695 1340 762 1383 veie
783 1333 911 1383 ffl⁰f²¹¹¹¹⁸
925 1342 967 1395 θεν
987 1334 1016 1383 θῑ
1038 1342 1109 1399 Pfae'
1167 1366 1232 1408 eum
1248 1351 1351 1410 talibus
1363 1353 1440 1410 vasis
1458 1361 1617 1410 teneamus.
1636 1355 1703 1410 llaec
1717 1355 1793 1410 cuim
1809 1362 1854 1410 est
1871 1353 1963 1410 virtus

316 1415 376 1472 lato
389 1422 447 1484 tuo,
466 1415 538 1472 sicut
555 1413 651 1482 debes,
670 1413 818 1471 adnutum
832 1413 1043 1484 illiusobedito,
1060 1429 1113 1471 nec
1167 1437 1203 1494 de
1219 1439 1291 1495 offilo
1313 1438 1342 1495 i„
1362 1454 1416 1496 Ποῦ
1435 1440 1567 1510 influens,
1584 1455 1648 1512 qum
1667 1456 1720 1498 ΠΟ,
1739 1441 1777 1498 ῃ,
1795 1441 1917 1498 immun
1935 1447 1964 1498 ep

321 1509 463 1576 lll'oeffll)to
478 1502 505 1558 5¹¹
520 1502 614 1573 ³¹5l¹1⁰
628 1517 781 1574 mimine&
796 1504 869 1559 ⁸¹⁰¹¹¹
881 1502 1113 1560 ¹¹⁰⁰h11ffl0ffl0f¹
1167 1525 1311 1596 informat,
1331 1535 1363 1584 ut
1394 1531 1505 1586 terrena
1526 1537 1628 1586 cuncta
1653 1529 1726 1587 ultro
1749 1529 1962 1598 conculcemus,
2070 1515 2071 1580 l

317 1599 383 1647 tuus
407 1591 435 1647 in
461 1591 556 1662 aliquo
581 1588 759 1648 contradicit.
790 1593 927 1660 Mortuos,
953 1605 1010 1649 uon
1033 1593 1113 1648 vivos
1168 1616 1745 1688 qumqueobicesomnesemefflotopjt,
1763 1632 1820 1691 quo
1837 1617 1961 1675 humana
2070 1620 2071 1654 t

318 1693 374 1752 ego
390 1693 470 1737 meos
484 1679 549 1738 volo
565 1687 720 1736 sectatores
736 1701 746 1729 2
763 1681 814 1754 (l).

554 1865 785 1936 COLLOQUlUll
805 1867 878 1926 XLl.

412 1984 502 2050 Quom
513 1982 654 2052 pretiosus
666 1983 847 2054 paupertatis
860 1981 1020 2040 tirrannus.

1169 1719 1250 1762 mens
1264 1719 1329 1762 cum
1342 1707 1465 1763 Domino
1479 1710 1539 1765 lieo
1553 1721 1606 1764 suo
1618 1707 1761 1765 liberrime
1775 1714 1861 1781 atque
1876 1721 1960 1781 erpe-

1168 1793 1308 1852 ditissime
1322 1796 1513 1868 conjungatur
1529 1817 1539 1847 r
1555 1795 1605 1870 (2).

1204 1929 1247 1986 Ex
1267 1927 1312 1986 his
1331 1931 1430 2003 paucis
1449 1930 1525 1990 beati
1555 1932 1647 1990 Patris
1681 1931 1835 2004 colloquiis
1863 1932 1963 2006 liquet,

1170 2017 1262 2088 qualis
1276 2015 1361 2076 luerit
1380 2019 1442 2092 eius
1467 2021 1647 2078 conversatio
1670 2021 1756 2080 etiam
1780 2022 1856 2080 inter
1878 2022 1961 2080 iami-

355 2109 387 2165 ln
400 2104 524 2178 quodam
538 2105 644 2177 templo
659 2119 741 2161 orare
756 2107 856 2163 institit
871 2106 975 2164 comite
993 2109 1023 2164 ll.
1045 2109 1116 2165 llas·
1170 2105 1256 2164 liarcs
1280 2107 1398 2176 amicos,
1431 2109 1469 2164 ita
1495 2116 1527 2166 ut
1550 2123 1649 2168 verum
1669 2118 1806 2184 appareat
1833 2110 1964 2183 quotide

320 2211 389 2264 eaeo,
408 2201 439 2252 ut
458 2194 511 2251 sibi
535 2200 564 2251 et
584 2195 643 2252 suis
665 2203 772 2251 sanctae
794 2196 968 2267 paupertatis
988 2211 1115 2253 amorem
1170 2194 1206 2252 de
1227 2211 1263 2252 eo
1287 2195 1427 2270 llodulph.
1445 2197 1484 2257 ait
1505 2212 1573 2272 pag.
1596 2197 1666 2256 milri
1689 2200 1731 2268 ll,
1757 2214 1906 2273 nunquam
1929 2216 1966 2259 ex
2070 2253 2071 2260 ,

320 2285 482 2357 inspiraret,
502 2281 588 2354 idque
606 2289 686 2340 tanto
704 2282 825 2352 fervore,
846 2291 877 2340 ut
895 2299 930 2341 cx
949 2282 1021 2342 lucie
1040 2286 1117 2358 iguis
1170 2299 1221 2341 ore
1233 2299 1295 2358 epus
1313 2284 1439 2344 auditum
1459 2301 1523 2344 esse
1547 2285 1677 2358 verbum,
1704 2294 1753 2346 aut
1773 2289 1896 2359 irritum,
1917 2297 1965 2348 aut

320 2374 446 2431 emicare
462 2371 613 2429 videretur.
629 2374 728 2444 ltaque
743 2370 798 2429 hoc
812 2372 910 2430 divino
930 2372 1031 2431 ardore
1050 2374 1117 2431 inci·
1176 2373 1284 2442 inutile,
1306 2390 1361 2447 quo
1377 2373 1526 2432 audientes
1539 2375 1685 2434 olleudare
1705 2384 1811 2450 posset,
1836 2378 1888 2436 sed
1902 2395 1962 2437 om·
2070 2383 2071 2440 ζ

273 2452 285 2469 ”
319 2469 404 2530 tatus,
421 2461 510 2518 morit
522 2475 553 2516 se
569 2475 669 2517 versus
683 2463 713 2518 F.
730 2463 883 2518 llassaaum
898 2460 1022 2519 brachiis
1036 2476 1116 2535 aper·
1172 2463 1218 2518 nia
1235 2464 1262 2518 iu
1279 2464 1472 2536 proximorum
1495 2465 1656 2534 utilitatem,
1682 2473 1710 2523 et
1728 2466 1886 2526 conditoris
1902 2468 1963 2526 lau·

320 2551 367 2620 tis,
395 2562 521 2620 cumque
543 2563 648 2622 magua
675 2563 747 2606 voce
770 2548 806 2606 ad
827 2563 859 2607 sc
883 2547 1043 2620 advocans;
1069 2551 1118 2623 qui
1172 2549 1237 2608 dem
1252 2556 1281 2608 et
1295 2553 1510 2610 venerationem
1539 2553 1703 2612 tetendisse.
1730 2555 1813 2613 Plura
1829 2557 1915 2614 credo
1930 2572 1964 2614 ex

320 2653 385 2696 aum
402 2636 548 2696 admirans
563 2651 597 2694 ao
611 2644 730 2708 stupens
744 2638 772 2693 iu
788 2638 879 2694 sanati
892 2639 985 2696 Patris
1002 2637 1117 2697 brachia
1173 2639 1218 2696 his
1232 2640 1384 2711 colloquiis
1403 2640 1485 2700 uobis
1504 2641 1654 2713 excidisse,
1675 2642 1735 2702 sola
1755 2643 1818 2702 haec
1833 2652 1965 2704 notarum

320 2741 352 2784 sc
375 2727 552 2795 immisisset,
577 2731 674 2782 tantus
696 2723 748 2783 luit
774 2725 919 2784 Franclsci
944 2734 1031 2800 estus
1051 2728 1120 2786 inte·
1173 2729 1262 2787 nostri
1278 2729 1444 2802 Scriptores.

1119 3123 1175 3210 lv

465 3353 719 3412 PARABOLAE
751 3355 809 3412 ΕΤ
836 3355 1054 3415 exempta
1087 3355 1289 3420 OUAEDAM
1317 3363 1358 3420 B.
1386 3365 1549 3427 PATRIS
1577 3367 1826 3432 FRANCISCI.

607 3603 848 3648 smirnamum.
1172 3611 1222 3654 rex
1237 3597 1315 3670 vidit,
1339 3601 1402 3673 eius
1416 3604 1565 3677 egregiam
1584 3606 1822 3678 pulchritudinem
1842 3610 1968 3669 admira·

360 3701 508 3762 Parabolis
533 3705 631 3775 etiarn,
655 3703 691 3762 ad
713 3707 876 3779 exemplum
900 3706 1003 3766 Christi
1019 3710 1116 3766 Domi·

324 3791 364 3860 ni,
387 3793 416 3847 ln
440 3792 608 3863 qrribusdarn
631 3795 716 3852 rebus
738 3795 929 3867 explicandis,
953 3813 986 3855 ac
1009 3797 1119 3857 facilius

323 3879 513 3952 inculcandis,
546 3883 591 3940 vel
625 3884 741 3956 maioris
773 3893 848 3943 notoe
881 3885 1045 3944 hominibus
1071 3897 1119 3946 aut

325 3967 458 4028 tardioris
482 3971 591 4046 ingenii
614 3973 692 4041 viris,
704 3987 773 4031 usus
796 3981 850 4042 est,
865 3975 896 4032 in
923 3975 1119 4047 quibuseffln·

325 4057 429 4130 gendis
456 4066 485 4116 et
517 4050 769 4120 accommodandis
794 4075 878 4120 suum
907 4078 1029 4122 acumen
1062 4079 1120 4122 nou

324 4159 425 4217 parum
437 4147 659 4206 commendavit.
673 4151 783 4208 Paucas
795 4165 831 4210 ex
843 4152 939 4210 multis
951 4151 1004 4210 iras
1023 4153 1119 4212 otteri-

1173 3693 1218 3744 tus
1234 3687 1261 3743 in
1270 3703 1352 3746 suam
1364 3689 1442 3749 duxit
1459 3707 1588 3752 uxorem.
1600 3697 1670 3754 Cum
1686 3712 1740 3768 qua
1750 3713 1802 3770 per
1814 3714 1906 3757 annos
1915 3702 1967 3758 ali·
2070 3707 2071 3742 ³

1174 3783 1241 3846 quot
1252 3775 1403 3838 indeserto
1416 3791 1618 3854 commoratus,
1630 3786 1767 3858 quosdam
1780 3804 1815 3845 cx
1825 3805 1859 3846 ea
1871 3789 1971 3848 habirit
2070 3795 2071 3836 3

1175 3864 1257 3935 tilios,
1274 3873 1302 3924 et
1316 3869 1414 3926 matris
1425 3885 1483 3942 prae
1493 3887 1524 3928 sc
1540 3870 1969 3952 serentesvenustamspeoicm,
2070 3883 2071 3890 ’

1174 3959 1202 4010 et
1222 3957 1359 4014 naturalia
1382 3959 1513 4030 quiedam
1528 3960 1737 4022 delineamenta
1764 3967 1842 4039 regis
1862 3966 1971 4026 habeu-
2070 3933 2071 3998 3

1174 4049 1228 4100 tes.
1242 4041 1286 4100 Ad
1300 4046 1409 4104 curiam
1424 4063 1506 4106 suam
1519 4058 1547 4108 et
1559 4053 1641 4124 regni
1655 4053 1756 4111 solium
1765 4069 1898 4114 reuersus
1907 4071 1970 4114 mo·

1176 4130 1293 4202 inaraba,
1310 4133 1384 4191 illios
1407 4137 1453 4208 pia
1467 4145 1557 4196 mater
1571 4142 1831 4211 enutrit‚euutritos
1851 4159 1921 4203 vero
1935 4145 1971 4202 ad

326 4247 390 4292 mus
405 4236 526 4292 Lectori·
1176 4234 1275 4293 regem
1297 4225 1462 4292 transmisit,
1483 4226 1581 4286 dicens
1602 4245 1608 4284 :
1626 4230 1688 4288 Filii
1705 4247 1812 4305 magno
1826 4249 1897 4307 rege
1916 4237 1971 4292 sati

1176 4310 1256 4378 estis,
1271 4311 1300 4367 in
1312 4312 1554 4386 suadegitCuria,
1569 4332 1626 4391 ego
1642 4320 1825 4379 solitudinem
1838 4323 1913 4382 hano
1923 4339 1962 4382 uo

556 4421 749 4482 platanus
768 4425 894 4482 PRlllA.

339 4578 340 4582 =
380 4545 464 4602 Cirta
471 4559 610 4616 pauperes
624 4547 740 4616 spiritu,
757 4547 938 4618 infallibilem
950 4565 1007 4607 asse
1018 4550 1069 4607 liei

617 4635 824 4705 providentiam
1177 4583 1206 4632 et
1230 4585 1331 4635 vestrm
1355 4579 1493 4647 militati
1514 4581 1644 4644 decentia
1664 4586 1811 4660 largietur.
1835 4589 1917 4659 Quod
1943 4599 1972 4649 ut

1178 4661 1313 4735 lecerunt,
1331 4683 1381 4724 rex
1407 4671 1503 4728 statim
1522 4686 1573 4729 sua
1594 4673 1623 4730 in
1638 4673 1704 4732 liliis
1724 4678 1843 4748 agnovit
1855 4678 1971 4748 indicia,

362 4745 528 4807 Innocentio
545 4753 596 4819 ΙΙΙ,
618 4750 663 4807 cui
684 4749 753 4808 dura
775 4751 862 4810 nimis
889 4760 917 4810 ct
938 4753 1125 4814 intolerabilis
1177 4760 1207 4810 et
1224 4756 1324 4813 matris
1342 4757 1580 4830 pulchritudinem
1603 4769 1633 4819 et
1656 4773 1845 4824 venustatem.
1866 4768 1973 4838 Quibus
2070 4759 2071 4788 ³

326 4836 475 4896 videbatur
490 4841 597 4912 Regula
610 4839 763 4908 llinorum,
773 4847 801 4896 et
820 4839 996 4912 impossibile
1018 4845 1123 4904 victum
1179 4843 1288 4914 placide
1303 4846 1342 4904 ait
1355 4863 1363 4902 :
1378 4848 1441 4919 Ego
1463 4861 1531 4906 vero
1545 4865 1626 4908 meos
1644 4867 1697 4910 vos
1713 4867 1858 4927 cognosco
1879 4865 1971 4926 natos,
2070 4901 2071 4916 2

1177 4398 1225 4466 lui,
1242 4414 1295 4456 uec
1310 4401 1531 4472 potuidcscrerc
1545 4423 1551 4462 :
1567 4421 1618 4463 vos
1640 4416 1749 4480 patrem
1766 4414 1929 4482 convenite,
1944 4421 1973 4470 ot
2070 4435 2071 4488 3

1176 4487 1258 4560 cujus
1270 4490 1365 4562 stirpis
1380 4491 1451 4561 sitia,
1467 4492 1619 4552 declarate.
1637 4497 1686 4554 lllc
1699 4497 1779 4556 vobis
1797 4503 1971 4573 necessaria,

328 4933 356 4982 et
370 4927 718 5000 vestitumsuppctiturum
730 4935 838 4987 tantam
848 4938 1046 5002 paupertatem
1063 4947 1124 5006 pro
1178 4940 1206 4988 et
1217 4939 1245 4990 ut
1258 4934 1366 5004 prolem
1381 4937 1492 5008 regiam
1504 4952 1557 4994 vos
1575 4937 1703 4999 educabo
1719 4942 1762 4999 :si
1775 4944 1853 5000 euim
1865 4946 1973 5004 alienos
2070 4929 2071 4932 ¹

328 5013 481 5082 litantibus,
509 5014 584 5072 hanc
612 5017 759 5088 proposuit
786 5017 957 5076 Parabolam
984 5036 990 5075 :
1016 5022 1123 5094 Virgo,
1178 5027 1207 5076 et
1218 5035 1318 5080 servos
1331 5037 1367 5080 ox
1388 5037 1452 5082 mea
1472 5041 1571 5084 mensa
1584 5036 1613 5086 et
1627 5029 1777 5101 stipendiis
1787 5032 1906 5090 alendos
1922 5049 1971 5091 cu·
2070 5033 2071 5084 ἐ

330 5101 460 5174 quaedam
478 5119 595 5176 pauper,
622 5103 673 5161 sed
688 5107 818 5177 speciosa
841 5107 936 5176 nimis,
957 5108 986 5164 iu
998 5111 1125 5168 solitario
1179 5110 1251 5178 ravi,
1278 5119 1384 5182 quanto
1401 5113 1471 5170 milri
1497 5115 1643 5174 sollicitior
1669 5133 1737 5176 cura
1762 5119 1815 5177 erit
1836 5136 1888 5194 pro
1909 5123 1973 5181 liliis
2070 5141 2071 5148 ¹

330 5198 359 5248 ct
374 5189 487 5248 desorto
508 5192 571 5249 loco
591 5192 732 5266 degebam
748 5209 833 5266 quarn
850 5203 880 5252 ut
899 5196 974 5254 illius
997 5197 1125 5270 regionis
1179 5197 1260 5267 meis,
1276 5206 1303 5255 et
1319 5205 1376 5257 tam
1391 5203 1521 5273 speciosa
1543 5206 1622 5278 prole
1646 5208 1744 5264 matris
1765 5217 1868 5268 vostrae
1889 5226 1972 5284 quam
2070 5229 2071 5290 ζ

330 5367 443 5436 liodol,
455 5367 503 5424 lib.
519 5371 540 5437 Ι,
558 5376 638 5426 tract.
652 5369 687 5426 de
705 5371 787 5426 Orac.
801 5373 835 5428 B.
847 5373 963 5441 Frena,
976 5371 1011 5432 ad
1027 5374 1123 5433 duem.
1178 5375 1269 5444 aptat.
1290 5380 1421 5451 artopolis.
1440 5383 1477 5436 nd
1495 5384 1620 5440 anivers.
1639 5387 1804 5458 secerdotes,
1820 5403 1884 5460 quoa
1900 5391 1971 5464 apud
2070 5381 2071 5450 l

331 5443 372 5522 lta
393 5439 522 5496 similiter
536 5439 630 5520 locum
646 5439 722 5497 hunc
743 5442 919 5566 supplicarunt
934 5445 1122 5528 cyrillitani.
1178 5453 1351 5528 conventum
1366 5451 1401 5533 S..
1413 5451 1511 5508 isidori
1529 5455 1627 5512 Romae
1642 5465 1685 5514 est
1700 5459 1759 5540 MS.

331 5525 361 5567 rn
374 5511 488 5581 Apoiop.
503 5509 541 5565 ad
553 5515 682 5579 caeperat.
699 5511 768 5568 Titeo
788 5528 843 5580 os,
860 5513 1005 5585 ambros,
1022 5516 1070 5574 ΙΙΙ).
1086 5519 1123 5587 ΙΙ,
1215 5516 1372 5588 (l)Prsan.,
1384 5521 1433 5578 lrlr.
1444 5524 1613 5597 ll.Gont.i5;
1625 5527 1970 5605 sedut.,lru.ll,npotop.‚

235 5593 239 5611 ·
330 5581 537 5651 Epistularum,
560 5581 642 5652 cplst.
661 5582 709 5650 ΙΙ,
724 5583 888 5654 augustin..
906 5585 1009 5642 linarii.
1033 5587 1077 5655 25,
1092 5590 1125 5644 de
1179 5602 1241 5657 cap.
1256 5588 1283 5656 ὅ,
1298 5605 1325 5644 n.
1340 5591 1366 5647 a.

333 5652 474 5708 anniuers.
498 5652 580 5722 episc.
606 5651 729 5708 mdiaat.
737 5670 748 5717 ;
770 5659 798 5707 ot
819 5650 849 5710 'S.
873 5654 1075 5727 columbanus,
1096 5659 1124 5714 in
1215 5657 1254 5731 (2)
1271 5659 1353 5730 atat,
1369 5663 1401 5718 dn
1415 5663 1490 5720 Bono
1504 5666 1598 5738 solip,
1614 5669 1661 5726 lib.
1679 5674 1729 5744 lll,
1744 5689 1806 5748 cap.
1822 5675 1848 5732 2.
