4204 6402
145 359 207 423 sos
243 385 248 393 -
525 361 632 425 rans
661 360 805 426 enim.
821 393 861 411 -
880 361 1098 428 axrosmro
1126 361 1171 428 nt
1199 337 1402 430 rsauuos.
1723 365 1782 426 oce

138 519 930 600 tradutustlbristustalljustiticetarmatuspro
987 519 1076 596 licet,
1096 524 1129 586 et
1152 520 1343 586 humanam.
1371 523 1541 601 angelica,
1559 523 1665 601 quoad
1691 523 1780 596 illos,

140 614 276 680 bomine
304 633 467 695 pugnans,
491 618 531 680 de
553 618 684 681 diabolo
703 619 929 696 triumphavit.
986 619 1041 696 qul
1071 619 1273 692 ceciderunt,
1298 621 1482 683 offenderat
1500 621 1535 682 in
1557 621 1788 698 aequalitatem.

139 715 225 786 Quia
241 715 329 776 enlm
345 713 495 777 diabolus
515 729 649 776 manum
671 731 765 777 suam
785 713 933 776 extendit
987 714 1057 784 Del,
1075 719 1107 779 et
1130 717 1177 780 lta
1201 719 1236 780 in
1259 717 1391 779 Filium.
1409 719 1513 780 Homo
1540 717 1724 780 offenderat
1749 719 1783 780 in

140 810 177 872 ln
192 827 279 886 eum,
292 813 329 872 in
347 827 411 889 quo
433 811 519 872 nihil
540 809 694 881 habehat,
707 814 796 889 juste
820 811 933 873 amisit
986 813 1195 891 sapientiam,
1213 816 1246 876 et
1258 816 1505 876 scandalizatus
1518 815 1626 877 suerat
1641 815 1675 877 in
1688 832 1739 887 ea,
1752 819 1785 878 et

140 907 321 982 hominem,
335 909 369 970 in
383 925 447 987 quo
463 909 586 988 aliquid
598 911 687 987 juris
702 910 825 971 habere
839 909 933 972 vide-
986 911 1032 971 ita
1056 913 1091 971 in
1116 913 1176 973 Dei
1201 911 1286 973 Filio
1309 914 1392 994 :ille
1416 914 1600 990 appetendo
1622 914 1785 992 aequalem

139 1005 250 1067 batur.
265 1009 359 1068 iuste
369 1007 688 1078 mercturamittere,
705 1007 761 1084 qui
774 1023 932 1068 concessa
987 1011 1054 1069 Deo
1080 1007 1169 1083 tieri;
1198 1009 1261 1072 iste
1298 1010 1562 1087 concupiscendo
1586 1011 1786 1088 sapientiam

141 1103 206 1164 sihi
217 1101 366 1166 abutitur
380 1105 553 1180 potestate.
573 1105 651 1164 Haec
663 1103 847 1182 itaqueiuit
861 1107 933 1182 ejus
986 1105 1064 1165 boni
1087 1107 1120 1166 et
1141 1107 1231 1167 mali.
1249 1106 1332 1177 Quia
1352 1108 1457 1182 igitur
1472 1109 1507 1167 in
1527 1123 1566 1169 eo
1589 1107 1784 1182 offenderat,

137 1199 284 1278 Justitia,
302 1217 366 1278 qua
385 1201 521 1263 indutus
541 1201 604 1263 snit
618 1205 703 1262 Deus
726 1201 765 1262 ad
783 1217 934 1280 pugnan-
987 1218 1029 1262 ne
1042 1203 1300 1265 videreturinde
1313 1219 1410 1281 posse
1424 1204 1650 1280 blasphemari
1662 1205 1701 1266 de
1713 1220 1787 1282 per·

140 1299 220 1359 dum
250 1299 366 1360 contra
394 1297 588 1372 daemonem,
619 1298 655 1359 ut
691 1298 807 1360 lorica.
840 1296 933 1360 Unde
988 1299 1112 1361 ditione
1125 1317 1251 1374 eorum,
1269 1302 1568 1380 dixit:«Propter
1583 1318 1635 1364 me
1651 1303 1784 1376 faciam,

141 1394 204 1457 Job
220 1394 285 1475 (26,
314 1395 352 1456 12
375 1395 539 1476 et13):‹<
562 1395 743 1457 Prudentia
765 1399 836 1474 ejus
858 1411 934 1472 per·
988 1397 1024 1459 ut
1047 1413 1113 1459 non
1127 1397 1340 1476 blasphemer
1354 1415 1389 1474 »ς
1407 1415 1473 1461 non
1496 1415 1555 1478 pro
1577 1400 1704 1461 meritis
1727 1415 1786 1461 eo-

141 1493 248 1555 cussit
276 1490 466 1569 superbum,
494 1495 528 1554 et
563 1491 800 1555 obstetricante
834 1503 933 1554 manu
987 1510 1061 1555 rum
1078 1493 1209 1567 faciam,
1224 1495 1310 1559 idest
1323 1497 1484 1558 redimam
1499 1498 1599 1560 etiam
1612 1497 1784 1560 liberando

143 1593 227 1665 ejus,
245 1589 384 1652 eductus
400 1591 451 1652 est
464 1583 601 1652 coluber
614 1590 794 1652 tortuosus.
811 1607 829 1650 r
844 1594 933 1651 Pru·
989 1593 1074 1669 quod
1090 1595 1198 1670 potest
1209 1595 1358 1667 liberari,
1373 1596 1405 1657 et
1418 1595 1548 1668 redimi,
1563 1595 1719 1657 videlicet
1729 1595 1787 1658 bo-

142 1687 255 1750 dentia
275 1690 347 1765 ejus
371 1687 543 1748 humilitas
567 1687 629 1749 suit
652 1688 784 1760 Christi,
808 1689 839 1749 et
862 1687 935 1749 baec
988 1689 1122 1760 minem,
1140 1691 1195 1768 qui
1212 1707 1271 1768 per
1283 1691 1386 1755 alium
1402 1693 1564 1770 peccavit,
1582 1709 1647 1754 non
1663 1693 1784 1754 diabo-

140 1785 306 1860 percussit
328 1785 495 1846 diabolum
522 1784 712 1862 superbum,
737 1786 822 1846 sicut
849 1801 932 1862 pru·
988 1785 1068 1858 lum,
1085 1788 1142 1864 qui
1162 1803 1221 1863 per
1243 1789 1400 1866 seipsum,
1417 1789 1510 1850 nulla
1525 1791 1680 1852 seductus
1702 1807 1786 1867 sug-

134 1875 255 1944 ¹dentia
280 1882 429 1944 stultum.
454 1900 472 1943 r
497 1885 537 1944 Et
555 1882 696 1944 eductus
717 1885 767 1943 est
799 1881 934 1944 coluber
954 1893 955 1900 ’
988 1883 1138 1959 gestione
1151 1883 1301 1963 deliquit.
1316 1902 1335 1945 ‹
1350 1886 1389 1947 ut
1407 1886 1550 1962 gloriam
1564 1903 1671 1948 meam
1687 1887 1787 1950 alteri

141 1980 368 2041 tortuosus.»
406 1981 477 2040 Duo
513 1979 568 2040 bic
600 1979 871 2055 conglutinantur
898 1981 933 2040 in
988 1996 1055 2041 non
1085 1979 1226 2042 dabo.»
1256 1983 1390 2044 Poterat
1413 1983 1596 2044 animasse
1618 1981 1731 2062 (1),ut
1757 1984 1788 2043 si

141 2092 263 2152 uuum3
281 2075 416 2152 perboc
430 2075 519 2137 enim
533 2076 619 2153 quod
635 2077 766 2148 dicitur,
781 2079 955 2150 prodeo-3
987 2080 1127 2139 mortem
1151 2078 1256 2139 Filius
1280 2093 1347 2141 non
1373 2079 1530 2142 subiisset
1551 2097 1611 2158 pro
1632 2082 1788 2158 redemp-

141 2173 202 2245 tio,
218 2173 414 2242 ostenditur,
431 2173 517 2251 quod
532 2169 709 2250 prudentia
720 2171 838 2234 Christi
856 2173 934 2234 stul·
986 2175 1078 2236 tione
1101 2176 1236 2251 generis
1256 2176 1406 2248 humani,
1430 2177 1471 2238 ad
1487 2177 1573 2254 quod
1598 2178 1689 2240 misit
1710 2194 1786 2240 eum

139 2269 248 2331 titiam
263 2269 399 2338 diaboli,
414 2269 470 2347 qui
493 2270 627 2332 nolebat
646 2287 720 2332 eurn
739 2273 839 2331 Deum
855 2287 932 2332 cre·
954 2271 955 2348 j
989 2273 1100 2344 Pater,
1118 2273 1205 2350 quod
1223 2273 1296 2349 ipse
1311 2275 1406 2351 quasi
1421 2274 1662 2352 blasphemiam
1677 2277 1788 2337 incur-

140 2366 232 2438 dere,
265 2367 454 2444 superavit3
485 2367 518 2429 et
541 2368 711 2429 humilitas
744 2367 933 2444 superbiam
954 2449 955 2452 Ἴ
987 2369 1098 2430 risset.
1114 2371 1245 2431 iustum
1260 2385 1339 2446 ergo
1360 2369 1432 2440 luit,
1449 2373 1556 2450 utqui
1579 2373 1663 2434 mori
1679 2389 1785 2434 vene-

140 2463 299 2542 ejusdem,
315 2465 392 2541 quia
400 2467 503 2527 totum
517 2464 684 2526 hominem
694 2463 842 2526 obtinere
853 2480 935 2542 prae·
988 2467 1051 2538 rat,
1067 2470 1264 2540 moreretur,
1281 2470 1318 2528 ut
1329 2469 1378 2529 sic
1393 2484 1523 2529 omnem
1543 2469 1785 2547 blasphemiam

141 2559 302 2632 sumebat,
334 2561 456 2640 dejecit
475 2584 483 2637 3
513 2564 547 2624 et
580 2563 628 2624 ita
657 2579 675 2622 c
698 2562 933 2625 obstetricante
954 2575 955 2628 j
988 2564 1132 2637 curaret,
1146 2579 1208 2626 nec
1223 2580 1283 2641 per
1295 2566 1404 2643 ipsum
1418 2567 1532 2640 staret,
1549 2568 1585 2628 ut
1598 2583 1704 2644 genus
1719 2567 1785 2628 hu-

141 2673 242 2719 manu
256 2662 328 2735 ejus
341 2659 480 2720 eductus
495 2661 545 2722 est
565 2661 701 2721 colnber
718 2662 897 2733 tortuosus,
915 2677 933 2722 s
988 2675 1121 2721 manum
1136 2661 1372 2736 redimeretur;
1387 2662 1474 2725 unde
1490 2663 1570 2726 dicit
1586 2685 1593 2724 ε
1609 2679 1628 2724 r
1644 2666 1785 2741 Propter

140 2755 227 2818 idest
252 2756 293 2817 ad
319 2757 451 2818 modum
480 2756 667 2819 obstetricis
695 2757 863 2819 diabolum
892 2759 933 2820 de
987 2773 1039 2818 me
1056 2757 1188 2831 faciam,
1203 2761 1239 2822 ut
1254 2775 1321 2821 non
1342 2759 1577 2838 blasphemer:
1593 2766 1626 2823 et
1641 2761 1784 2837 gloriam

139 2851 306 2925 cordibae,
317 2853 352 2918 in
365 2853 485 2931 quibus
498 2852 698 2932 quiescebat,
715 2855 840 2918 eduxit.
854 2859 933 2918 Jus—
987 2870 1094 2916 meam
1109 2857 1207 2918 alteri
1222 2872 1288 2918 non
1305 2856 1405 2933 dab03
1422 2859 1576 2935 gloriam,
1594 2875 1693 2938 quam
1717 2859 1786 2920 sci-

137 2951 213 3012 titia
228 2949 385 3028 ejusiuit,
401 2952 437 3013 ut
451 2952 543 3013 tanta
559 2954 646 3014 esset
660 2951 695 3012 in
710 2954 778 3013 Deo
793 2953 932 3014 humili·
988 2951 1066 3013 licet
1087 2952 1194 3016 babeo
1225 2943 1443 3031 resurgendo,
1469 2955 1566 3018 alteri
1589 2973 1656 3017 non
1680 2957 1784 3030 dab0;
1805 3000 1808 3013 .

139 3049 203 3115 tas,
220 3049 342 3124 quanta
357 3049 391 3109 in
405 3049 539 3110 bomine
558 3046 620 3112 luit
647 3049 813 3126 superbia.
840 3051 933 3113 Sicut
988 3049 1072 3127 quod
1095 3050 1199 3124 fleret,
1215 3052 1243 3112 si
1268 3053 1355 3114 alius
1382 3053 1570 3115 redimeret.
1588 3055 1690 3126 Vel«
1706 3055 1786 3116 Glo-

140 3145 342 3206 eninrhomo
355 3145 525 3208 deintimo
539 3147 644 3209 voluit
655 3145 727 3207 lieri
744 3163 929 3226 supremus,
987 3148 1072 3208 riam
1084 3165 1191 3210 meam
1207 3150 1304 3212 alteri
1318 3166 1385 3212 non
1411 3149 1496 3212 dabo
1511 3168 1541 3220 c,
1556 3152 1633 3229 quia
1649 3167 1784 3214 carnem

139 3241 189 3303 sic
208 3241 357 3303 Christus
370 3243 410 3304 de
426 3259 579 3320 supremo
595 3243 701 3305 tactus
714 3245 764 3306 est
778 3245 929 3321 iniimus3
986 3261 1170 3320 assumens,
1187 3248 1222 3311 in
1243 3263 1387 3326 persona
1402 3249 1547 3327 propria,
1564 3266 1628 3310 non
1651 3266 1710 3327 per
1727 3251 1783 3311 al-

142 3339 182 3400 de
198 3355 262 3417 quo
277 3340 501 3402 Ecclesiastici
517 3341 582 3420 (24,
598 3340 630 3421 7)
647 3363 654 3403 ε
671 3359 689 3402 «
704 3343 771 3418 Ego
786 3343 822 3404 in
837 3343 933 3405 altis·
984 3342 1105 3416 terum,
1124 3344 1264 3406 salutem
1280 3345 1454 3424 operabor.
1478 3347 1571 3407 Hanc
1587 3347 1698 3424 itaque
1709 3349 1786 3426 jus-

139 3435 232 3497 simis
247 3435 407 3506 habitavi,
419 3440 451 3500 et
462 3437 603 3500 thronus
618 3454 711 3500 meus
727 3440 762 3500 in
778 3441 932 3502 columna
985 3439 1093 3500 titiam
1118 3443 1301 3505 annunciat
1315 3443 1483 3520 Propheta
1500 3445 1535 3505 in
1557 3461 1699 3521 persona
1723 3461 1782 3506 re-

139 3533 248 3594 nubis.
265 3551 283 3594 s
299 3536 363 3596 Per
378 3534 564 3597 columnam
587 3535 684 3596 nubis
708 3539 779 3614 ejus
794 3537 933 3599 bumili—
987 3536 1110 3614 dempti
1123 3538 1280 3612 hominis,
1297 3540 1345 3601 ita
1358 3540 1472 3602 dicens
1489 3562 1496 3602 :
1514 3543 1557 3603 Os
1577 3557 1695 3604 meunt
1712 3558 1781 3604 an-

138 3632 190 3692 tas
203 3631 413 3709 intelligitur,
429 3631 462 3693 in
478 3649 543 3710 qua
555 3633 684 3694 sedebit
694 3633 730 3693 in
743 3633 863 3696 throno
874 3637 932 3712 ju·
953 3687 954 3690 ,
986 3635 1348 3710 ourtctqbttjustiticm
1369 3639 1477 3699 tuom.

139 3728 254 3790 dicans
268 3729 350 3791 tlnes
363 3730 475 3801 terrae,
493 3731 570 3807 quia
587 3745 685 3791 omne
695 3729 858 3806 judicium
874 3730 933 3793 de·
953 3801 954 3806 ἵ

138 3825 186 3888 dit
207 3827 294 3889 Filio
307 3828 409 3889 Pater
428 3823 538 3906 (Joan.
555 3829 585 3900 5,
601 3825 666 3906 22).
683 3827 755 3899 Vel,
773 3829 931 3890 Columna

96 3934 99 3940 '
138 3923 235 3985 nubis
258 3925 309 3986 est
328 3924 520 3986 humanitas
545 3941 552 3986 :
577 3924 702 3999 Nubes,
728 3924 814 3987 unde
829 3943 847 3986 ‹
864 3931 930 3987 As·
1231 3921 1370 3982 SERMO
1393 3921 1534 3984 CXXXI.

138 4021 428 4084 ⁰⁰¹¹d0ffl⁰mi¹¹¹¹⁵
444 4021 680 4099 supernubem
697 4023 834 4084 levem*
851 4023 928 4104 Usa·
986 4060 1028 4116 De
1056 4065 1167 4132 septem
1202 4059 1439 4132 tribulationibus,
1471 4078 1487 4121 a
1513 4061 1616 4136 quibus
1646 4063 1782 4132 liberatur

137 4118 186 4187 19»
212 4117 244 4197 1)
261 4141 269 4180 ²
286 4120 446 4182 Columna
474 4121 609 4197 PPOPtel'
635 4119 877 4194 Ρθθῒῑῖῑῑᾶῑΰθῑῃν
899 4124 932 4183 et
1017 4146 1128 4221 justus3
1156 4147 1193 4206 de
1220 4149 1323 4222 triplici
1345 4150 1460 4225 abysso,
1484 4152 1780 4225 sivecarcere3etde

137 4215 375 4278 tortitudinem.
390 4217 437 4279 Ad
459 4218 546 4279 banc
568 4218 640 4296 ipse
667 4233 702 4280 se
729 4218 927 4291 humiliavit,
1020 4235 1216 4296 consolatione
1231 4237 1292 4296 Dei,
1483 4227 1485 4234 '

100 4315 104 4324 '
137 4327 211 4373 cum
223 4316 310 4375 esset
321 4313 356 4374 in
370 4315 541 4377 altissimis
556 4315 680 4377 divinae
699 4318 827 4378 naturae
843 4319 929 4394 apud

137 4409 281 4470 Patrem.
296 4411 391 4472 Isaiae
408 4409 471 4489 (48,
489 4411 541 4492 12)
560 4415 650 4490 :Ego
666 4415 804 4490 primus,
819 4417 853 4476 et
868 4431 929 4491 ego

137 4503 356 4582 novissimus3
372 4508 449 4584 quia
461 4510 517 4585 qui
533 4511 660 4585 primus
673 4513 754 4585 erat,
772 4515 805 4575 et
816 4515 930 4575 excel·
1774 4575 1779 4586 Ι

137 4602 340 4665 lautissimus
361 4619 422 4681 per
441 4603 660 4678 divinitatem,
677 4607 928 4672 factusestno-
1023 4567 1058 4628 et
1083 4570 1124 4630 ‘w
1152 4571 1285 4643 ‘ww
1308 4571 1417 4632 tem
1441 4575 1569 4636 “emm
1604 4573 1780 4634 ''emt-W&

135 4702 306 4776 sissimus,
323 4703 356 4764 et
373 4701 508 4763 infimus
526 4718 585 4778 per
609 4701 872 4781 humanitatem3
897 4709 929 4769 et
1023 4677 1091 4726 ’Μ’
1112 4663 1218 4743 (Psal’
1244 4668 1296 4738 70'
1320 4665 1389 4746 ω’)

136 4800 207 4862 baec
222 4801 272 4862 est
291 4799 435 4877 justitia,
452 4816 550 4876 quam
566 4802 750 4864 annunciat
765 4804 927 4864 Ecclesia.
1023 4807 1119 4890 Quot,
1147 4807 1180 4868 et
1209 4809 1351 4886 quantas
1389 4809 1621 4872 tribulationes
1659 4827 1777 4890 passus

173 4897 282 4959 Aliam
304 4898 501 4969 annunciat,
518 4899 552 4959 et
565 4898 801 4961 annunciando
815 4901 930 4962 laudat
951 4917 952 4920 ¹
983 4901 1085 4965 tuerit
1096 4905 1159 4966 iste
1173 4907 1313 4968 Sanctus
1327 4923 1386 4983 pro
1399 4907 1532 4969 nomine
1546 4911 1626 4971 lesu
1639 4927 1779 4973 comme·

134 4995 221 5056 idem
254 4995 360 5057 isaias
390 4993 460 5074 (48,
486 4993 538 5074 11)
567 4997 600 5058 et
627 4995 775 5072 loquitur
800 4998 951 5064 Filiusz,
983 5003 1101 5072 morat,
1119 5003 1282 5078 quatenus
1296 5003 1337 5063 de
1355 5004 1447 5081 ipsis,
1469 5021 1528 5081 per
1539 5006 1696 5069 virtutem
1711 5025 1777 5070 no-

134 5109 153 5153 e
168 5092 308 5170 Propter
322 5109 374 5155 me
390 5092 520 5167 faciam,
530 5093 567 5156 ut
581 5107 647 5154 non
662 5092 884 5170 blasphemer,
896 5097 930 5158 et
983 5096 1083 5158 minis
1097 5101 1190 5171 Jesu,
1203 5115 1239 5160 se
1259 5099 1391 5172 sentiat,
1408 5100 1596 5176 liberatum,
1611 5106 1644 5167 et
1658 5105 1780 5182 ,reddat

134 5189 273 5265 gloriam
289 5205 396 5250 meam
417 5191 515 5252 alteri
530 5207 597 5251 non
612 5190 707 5252 dabo.
724 5208 743 5252 s
757 5195 845 5254 Deus
858 5196 927 5254 Pa·
982 5196 1109 5269 gratias
1124 5196 1355 5273 ampliores,et
1368 5198 1541 5262 ardentius
1553 5205 1726 5265 moueatur
1736 5205 1777 5266 ad

134 5289 185 5348 ter
196 5286 278 5349 duae
292 5289 429 5350 naturas
440 5291 623 5355 creaverat,
636 5289 822 5368 angelicam
834 5289 929 5352 vide·
982 5294 1054 5366 ejus
1069 5293 1214 5353 nominis
1231 5295 1453 5356 dilectionem.
1471 5299 1517 5358 De
1536 5300 1656 5376 quibus
1671 5300 1779 5363 tribu-

985 4373 1137 4437 Quantas
1160 4375 1343 4436 ostendisti
1364 4378 1451 4439 mibi
1469 4378 1721 4451 tribulationes,
1745 4379 1779 4440 et

1023 4474 1115 4531 metat
1131 4467 1177 4548 (2)
1196 4491 1203 4530 ι
1220 4472 1253 4532 ct
1278 4486 1467 4537 conuersus
1490 4475 1675 4548 vivificasti
1696 4491 1778 4536 aaa:

169 5471 434 5542 (llPoteratenim
456 5473 714 5538 esseetutllossa
738 5475 928 5532 interlinearis
981 5474 1668 5551 teneliberare.»stergooetunmshumennm
1706 5501 1779 5543 enus

134 5542 216 5600 lsaiae
230 5542 315 5599 verba
334 5543 376 5600 sic
395 5543 592 5614 interpretatur
613 5561 619 5602 :
644 5565 654 5592 ι
677 5547 794 5616 Propter
813 5547 925 5602 miseri·
981 5559 1039 5603 non
1055 5547 1235 5617 redemisset,
1252 5549 1436 5622 blasphemiis
1450 5555 1590 5626 gentium,
1608 5565 1656 5614 aut
1693 5572 1778 5614 unro-

133 5611 259 5669 cordiam
283 5627 387 5681 meam,
404 5627 461 5668 non
477 5628 527 5684 pro
547 5615 657 5671 meritis
676 5617 778 5672 vestris
801 5615 927 5674 liberabo
982 5631 1060 5684 nura,
1075 5619 1154 5675 velut
1168 5621 1319 5692 impotens,
1337 5619 1456 5680 tortasse
1476 5623 1573 5698 impeti
1589 5627 1740 5700 potuisset.

134 5698 194 5756 vos,
211 5690 311 5741 utnon
326 5682 506 5756 blasphemer
519 5684 546 5740 in
571 5685 713 5758 gentibus,
728 5687 809 5759 quasi
832 5689 925 5762 impo·
1019 5689 1060 5765 (2)
1075 5690 1161 5764 vulg.
1180 5705 1188 5746 :
1206 5691 1319 5762 inultm,
1333 5699 1360 5749 et
1373 5693 1473 5752 malas.
