4204 6402
106 192 166 254 861
481 191 590 252 PARS
618 189 763 250 Psllca.
783 219 824 236 -
843 189 1065 254 Expostulo
1093 193 1138 254 ΙΝ
1170 193 1372 259 PSALMOS.
1691 203 1753 266 802

108 348 220 410 dinem
231 346 471 410 misericordiae
486 347 631 410 nominis
642 346 711 421 tui;
734 347 768 410 et
791 349 903 410 osten·
956 351 1187 424 iniquitatem.
1204 350 1373 423 Quomodo
1389 351 1500 416 summ
1510 357 1655 418 connexi
1674 361 1751 422 aunt

107 445 232 506 duntur
264 443 396 506 diversa
424 459 550 522 genera
579 445 857 521 persecutionem,
881 459 902 506 a
956 445 1035 508 mali
1065 446 1108 508 ad
1140 447 1424 529 impugnationem
1456 449 1638 524 bonorum,
1668 454 1750 518 dicit

107 540 227 618 quibus
243 540 439 617 protegitur,
455 540 614 603 videlicet
629 563 636 602 ε
650 545 677 602 A
692 540 901 618 rugientibus
955 541 1017 606 Job
1030 539 1094 620 (li,
1111 543 1164 622 14)
1182 566 1188 604 :
1203 543 1351 606 Membra
1362 549 1435 623 ejus
1447 547 1651 612 cohaerentia
1666 549 1746 628 sibi3

106 636 305 714 praeparatis
319 633 502 713 ad'escam3
517 637 558 699 de
582 638 686 714 portis
709 637 901 701 tribulatio-
956 637 1012 698 ubi
1027 639 1095 700 alia
1110 639 1220 702 littera
1233 639 1280 722 (3)
1298 663 1305 702 :
1322 643 1412 704 «Vir
1426 643 1522 706 fratri
1535 660 1595 706 suo
1608 647 1749 722 conglu-

105 734 253 808 num;et
268 749 287 794 a
302 748 461 810 pressura
478 734 631 809 tiammae,
656 751 730 811 quae
756 735 903 796 circum·
957 731 1117 796 tinabitur
1142 757 1150 796 a
1175 737 1361 809 cohaerent,
1388 739 1420 800 at
1443 755 1510 804 non
1534 739 1747 810 divellentur.

107 831 197 892 dedit
207 845 269 890 ma.
287 830 487 907 Siquidema
503 831 723 907 rugientibus,
738 831 825 894 idest
838 831 902 892 dae·
955 825 1035 888 Mali
1050 830 1160 891 autem
1175 831 1447 906 conglutinantur
1467 833 1596 908 glutino
1606 910 1610 919 ,
1620 835 1749 912 iniqui-

106 927 272 1001 monihus‚
287 926 439 992 liberasti
451 943 504 988 me
515 926 575 1005 (1),
592 928 766 1005 dequibus
782 931 900 990 Petrus
954 924 1033 988 tatis
1048 925 1089 986 ad
1105 927 1387 1001 impugnationem
1403 931 1588 1006 justorum
1612 947 1674 994 nec
1696 932 1751 994 di-

105 1025 141 1084 in
158 1023 323 1088 catholica
340 1044 348 1084 ε
365 1023 556 1086 «Diabolus
579 1027 738 1102 tanquam
764 1025 816 1086 leo
843 1039 902 1084 ru·
955 1021 1131 1092 vallentur,
1158 1023 1314 1098 quoniam
1341 1039 1408 1086 uno
1432 1026 1554 1097 animo,
1570 1043 1636 1088 uno
1653 1028 1747 1088 desi·

105 1121 203 1196 gisna
217 1118 337 1182 circuit
350 1117 378 1198 (l
391 1121 475 1194 Pet,
491 1123 522 1188 5,
537 1119 570 1198 8)
586 1138 594 1180 :
611 1123 658 1184 De
677 1121 782 1198 portis
793 1120 902 1184 tribu-
955 1115 1047 1176 derio
1060 1116 1256 1192 impugnant
1271 1117 1409 1191 bonum;
1432 1135 1493 1180 nec
1514 1121 1549 1180 in
1573 1121 1636 1182 hcc
1650 1138 1749 1199 sapa-

105 1217 278 1287 lationum,
303 1215 460 1278 videlicet
483 1216 628 1293 quinque
652 1232 820 1290 sensuum,
840 1234 901 1294 per
954 1212 1083 1284 rantur,
1100 1213 1257 1289 quoniam
1273 1212 1372 1274 simul
1394 1216 1607 1278 continentur
1620 1219 1656 1280 in
1675 1235 1750 1281 ma-

104 1327 189 1390 quas
203 1313 331 1376 intrant
341 1313 552 1384 tentationes,
569 1315 602 1375 et
611 1312 843 1378 tribulationes
857 1313 899 1378 ad
954 1307 1038 1370 litia.
1068 1311 1160 1370 ‘llum
1183 1310 1264 1376 dicit
1284 1311 1336 1371 vir
1351 1310 1512 1374 liberatus
1529 1335 1537 1373 ε
1554 1317 1750 1378 prolecisti

105 1409 263 1472 animam.
279 1410 319 1470 Et
332 1425 352 1470 a
365 1424 523 1486 pressura
538 1409 692 1482 dammae,
707 1410 793 1484 idest
807 1426 827 1472 a
845 1411 901 1474 vi·
953 1419 1009 1466 me
1025 1421 1048 1466 a
1061 1408 1231 1468 conuentu
1243 1410 1531 1483 *malignantium
1555 1411 1631 1482 etc,
1653 1412 1687 1473 θῖ
1699 1413 1748 1472 ita

103 1506 227 1571 tiorum
245 1506 393 1570 omnium
419 1505 648 1577 calefactione,
665 1521 729 1584 qua
748 1507 900 1568 incendi·
954 1502 1749 1582 protexisti,quiasagittaeeorumtyrannidiator-

101 1604 159 1664 tur
173 1617 231 1664 cor
249 1603 291 1664 ad
315 1617 417 1679 opera
441 1601 565 1663 diaboli
590 1602 763 1676 iacienda;
779 1603 819 1664 da
834 1619 899 1680 qua
954 1599 1096 1674 quantur
1104 1600 1141 1659 in
1155 1600 1246 1675 ipsos
1259 1615 1485 1676 percussores,
1500 1603 1578 1662 dum
1591 1604 1748 1666 videlicet

103 1698 314 1770 accensione,
332 1701 416 1760 Osee
430 1697 474 1778 (7,
490 1697 524 1776 7)
539 1715 546 1758 :
559 1715 578 1758 ‹
590 1700 748 1760 succensi
764 1697 811 1778 (2)
823 1700 901 1762 sunt
954 1695 1192 1758 aeterualitater
1217 1699 1401 1772 puniuntur
1422 1714 1481 1775 pro
1506 1715 1620 1775 poena,
1648 1717 1747 1776 quarn

103 1811 219 1858 ornnes
235 1797 330 1872 quasi
352 1793 516 1866 clibanus,
536 1796 569 1857 et
583 1794 828 1859 devoraverunt
842 1798 900 1873 ju·
953 1791 1155 1868 martyribus
1180 1792 1377 1854 intulerunt.
1404 1795 1498 1855 Unde
1520 1796 1555 1854 in
1587 1796 1652 1857 tine
1676 1795 1748 1858 nb-

105 1893 195 1954 dices
210 1907 300 1957 suos.
319 1891 489 1968 Siquidem
502 1893 729 1968 unusquisque
748 1892 898 1954 nostrum
953 1886 1017 1948 diae
1031 1885 1075 1966 (l,
1093 1887 1144 1967 18)
1162 1890 1301 1953 :clirit
1323 1890 1440 1952 domus
1464 1892 1567 1952 Jacob
1590 1893 1691 1966 ignis,
1715 1895 1748 1954 et

103 1987 205 2050 habet
216 1988 481 2064 judicamsuum,
496 1987 625 2056 scilicet
636 1987 811 2058 rationem,
823 2003 899 2064 qua
953 1983 1072 2046 domus
1086 1984 1210 2060 loseph
1234 1986 1380 2058 flamma,
1396 1987 1513 2048 domus
1533 1988 1645 2049 autem
1660 1991 1748 2050 Esau

104 2085 294 2156 devoratur,
311 2100 386 2146 cum
401 2081 591 2148 exardescit
604 2084 754 2166 caminus
773 2084 900 2160 iniqui·
953 2080 1086 2156 stipula.
1111 2098 1130 2140 s
1150 2082 1320 2157 Siquidem
1341 2083 1484 2153 ridetur,
1501 2083 1587 2158 qnod
1605 2100 1746 2160 percus-

102 2182 182 2244 tatis
200 2202 208 2242 a
224 2180 387 2244 liberatur
413 2195 493 2242 vero
517 2197 537 2242 a
564 2180 705 2244 damma
726 2197 896 2257 pressura,
954 2193 1046 2238 sores
1068 2178 1146 2238 sunt
1163 2179 1251 2253 ignis
1267 2180 1432 2240 devorans
1442 2181 1551 2256 justos
1567 2182 1663 2257 quasi
1682 2182 1745 2243 sti-

103 2293 179 2338 cum
192 2276 394 2340 clauduntur
408 2277 554 2353 quinque
580 2289 708 2348 seusus,
730 2293 773 2338 ne
797 2277 899 2338 intret
952 2274 1064 2350 pularn
1081 2274 1167 2335 :Sed
1189 2291 1208 2336 e
1234 2291 1395 2336 converso
1409 2276 1523 2346 Jacob,
1540 2277 1628 2338 idest
1641 2277 1746 2353 quili-

103 2372 254 2434 tentatio.
952 2371 1006 2433 bet
1020 2371 1251 2449 supplantator
1263 2373 1432 2444 uitiorum,
1445 2373 1478 2434 et
1487 2373 1611 2450 loseph
1622 2376 1743 2450 justus,

144 2467 897 2545 Itemparhancfiammamdesignaturiornax
952 2467 1064 2544 inquo
1086 2468 1136 2531 est
1155 2469 1315 2530 virtutum
1338 2471 1562 2544 augmentum,
1580 2470 1645 2530 erit
1658 2470 1748 2546 ignis

101 2564 292 2641 Babylonis,
302 2565 337 2625 in
347 2580 413 2644 qua
421 2566 490 2626 tras
502 2565 597 2641 pueri
610 2565 705 2626 missi
716 2566 803 2629 sunt.
818 2568 895 2626 Suc·
953 2564 1106 2636 ultiouis;
1132 2580 1206 2628 cum
1229 2579 1343 2626 eorum
1363 2565 1506 2640 justitia,
1525 2567 1559 2626 et
1572 2565 1746 2628 humilitas

102 2660 305 2724 condebatur
319 2661 453 2738 quidem
469 2661 621 2724 fornax«
643 2662 772 2738 stuppa,
789 2663 898 2738 napb-
953 2661 1016 2721 erit
1029 2675 1133 2724 causa
1149 2676 1255 2736 poenae
1277 2660 1455 2722 infernalis
1477 2663 1741 2736 percussoribus.

100 2759 173 2833 tua,
189 2759 273 2834 pice,
290 2759 322 2819 et
335 2758 503 2820 malleolis
516 2776 535 2819 s
548 2756 660 2837 (Dan,
675 2761 707 2830 3,
722 2756 796 2837 46):
812 2758 896 2830 Quid
952 2759 1056 2819 Erunt
1069 2757 1169 2832 nanis,
1191 2759 1225 2819 et
1239 2757 1384 2828 flamma,
1406 2759 1464 2834 qui
1478 2758 1576 2820 modo
1590 2759 1746 2820 videntur

102 2871 164 2932 per
178 2856 341 2931 stuppam,
353 2870 427 2930 quae
442 2855 520 2930 igne
535 2869 680 2916 accensa
696 2853 761 2920 cito
775 2855 897 2917 transit
952 2854 1092 2931 stipula3
1109 2854 1142 2916 et
1157 2854 1272 2915 domus
1288 2857 1386 2926 Esau,
1399 2854 1528 2916 scilicet
1542 2855 1632 2928 mali,
1649 2857 1747 2940 arunt

102 2952 140 3012 in
155 2951 314 3024 favillam,
329 2951 396 3012 nisi
410 2951 542 3013 vanitas
557 2951 720 3012 secularis
739 2951 898 3027 designa·
953 2950 1085 3027 stipula,
1110 2951 1165 3027 qui
1190 2949 1419 3026 designantur,
1436 2967 1496 3027 per
1520 2954 1620 3023 Esau,
1642 2953 1747 3028 quiet

101 3052 168 3120 tur,
180 3063 253 3126 quae
268 3047 333 3110 cito
343 3049 501 3124 tanquam
514 3047 648 3110 damma
660 3048 894 3120 transittQuid
952 3047 1053 3108 Edem
1067 3047 1200 3115 dicitur,
1213 3047 1301 3109 idest
1313 3048 1599 3123 sanguinolentus.
1609 3051 1748 3110 Percus-

102 3143 366 3222 pernapbtham,
383 3159 456 3224 quae
480 3145 529 3206 est
551 3144 764 3221 superfluitas
784 3145 895 3208 oliva·
952 3159 1045 3205 sores
1066 3142 1229 3220 siquidem
1251 3144 1402 3206 sitientes
1427 3145 1624 3220 sanguinem
1648 3161 1742 3208 mar-

103 3257 188 3314 rum,
206 3256 280 3305 curn
295 3241 336 3302 de
348 3240 401 3300 his
414 3241 600 3302 extractum
615 3241 665 3303 ast
682 3241 804 3311 oleum,
829 3241 896 3304 uisi
952 3241 1061 3317 tyrum
1085 3242 1183 3302 erunt
1208 3240 1340 3313 favilla,
1378 3243 1411 3302 θῖ
1439 3240 1629 3304 incendium
1657 3231 1746 3317 ignis

102 3353 196 3400 mens
217 3337 312 3398 arida
340 3337 382 3398 ab
408 3337 481 3398 oleo
515 3333 651 3412 gratiaci
678 3338 897 3402 Ecclesiastes
952 3337 1159 3412 gehennalis.

104 3432 149 3513 (9,
165 3431 198 3511 8)
216 3455 224 3494 :
240 3432 526 3510 «omnitempore
541 3433 739 3494 vestimenta
757 3437 815 3496 tua
830 3434 898 3500 sint

104 3530 256 3602 candida,
279 3530 312 3591 θῖ
335 3529 445 3590 oleum
467 3529 630 3604 decapite
652 3529 709 3591 tuo
722 3545 789 3590 non
814 3531 898 3591 detl-
1212 3539 1351 3599 SERMO
1373 3539 1483 3602 (mv,

104 3627 187 3736 cia&
204 3643 223 3686 ‘
243 3626 339 3736 φεῖ
354 3626 466 3736 dicat?
483 3626 570 3734 ,cm
596 3640 616 3686 ἃ
636 3626 799 3688 mmmm
823 3626 899 3688 (ᾖδ’
952 3669 994 3727 Dc
1012 3667 1128 3739 gaudio,
1150 3673 1179 3722 et
1193 3667 1300 3734 laetitia,
1326 3681 1412 3738 quem
1430 3666 1575 3724 habebunt
1599 3669 1694 3725 Sancti
1716 3670 1745 3725 in

102 3723 182 3796 Μ’
207 3739 264 3800 (1¹¹¹
287 3722 397 3784 meum
414 3723 517 3790 (ΜΨ
539 3722 625 3784 “lest
649 3737 746 3782 ⁰m¹¹⁰
773 3720 898 3785 b⁰m¹m
985 3754 1103 3827 judicio,
1115 3761 1143 3811 et
1155 3751 1262 3810 habent
1273 3756 1301 3809 in
1316 3756 1449 3825 praesenti
1464 3755 1492 3810 in
1504 3762 1593 3826 parte.
1610 3757 1651 3812 De
1663 3771 1747 3813 voea-

93 3820 221 3897 'iil'afiffi
245 3819 412 3897 Ultimis
429 3819 461 3882 ⁰²
482 3833 553 3880 ¹10st
569 3820 719 3880 remanet
734 3818 800 3878 niSi
819 3817 896 3891 ΓΜ,
989 3843 1065 3898 tione
1087 3839 1121 3898 ad
1140 3840 1277 3912 judicium
1283 3856 1293 3911 ;
1313 3839 1349 3897 de
1371 3847 1493 3913 quatuor
1518 3841 1652 3912 lucernis,
1681 3857 1746 3915 quae
1776 3819 1778 3824 ⁸

103 3918 138 3979 et
150 3917 271 3978 duritia
286 3917 425 3993 peccati.
441 3915 603 3976 Torcular
618 3914 741 3976 diaboli
755 3913 807 3976 est
819 3915 897 3975 ten·
988 3935 1070 3986 erum
1083 3928 1112 3984 an
1122 3927 1239 4000 judicio.

103 4013 185 4076 tatio
196 4029 271 4074 cum
285 4012 415 4074 effectu.
434 4014 497 4074 Per
511 4011 618 4087 picem
629 4011 822 4087 designatur
835 4011 899 4072 irn-

104 4109 459 4186 munditiapeccati‚et
472 4109 671 4186 iniquitatis.
684 4111 749 4170 Per
759 4107 898 4170 malleo-
1298 4163 1304 4174 .

104 4207 165 4280 los,
191 4206 249 4282 qui
273 4207 349 4271 sunt
370 4208 538 4268 sarmenta
562 4206 639 4267 vitis
663 4207 824 4274 resecata,
846 4205 896 4267 si·
991 4161 1157 4316 reurgetur
1166 4159 1329 4222 volumen
1341 4163 1546 4232 Jerusalem,
1559 4161 1621 4222 etc.
1638 4159 1743 4239 (Psal.

103 4302 250 4379 guantur
277 4303 356 4364 mali
383 4302 469 4364 falce
495 4302 682 4378 iniquitatis
717 4317 737 4363 a
766 4301 899 4364 Christo
991 4259 1041 4328 Μ’
1081 4254 1105 4334 “)

104 4397 242 4476 palmite
264 4399 418 4464 resecati,
439 4399 496 4474 qui
515 4399 657 4460 fructum
676 4415 744 4460 non
758 4398 895 4460 iaciunt.
991 4400 1069 4460 llaec
1084 4393 1271 4473 estvcx(l)
1286 4397 1525 4460 revertentium
1543 4397 1584 4458 de
1604 4399 1746 4474 captivi-

104 4495 166 4556 His
187 4495 330 4571 quatuor
353 4494 546 4554 accenditur
569 4495 721 4558 clibanus
751 4494 896 4567 diaboli;
951 4493 1158 4568 tatepeccati
1171 4514 1179 4552 ι
1194 4491 1330 4554 undein
1345 4493 1497 4569 exequiis
1510 4492 1743 4558 defunctorum

104 4592 138 4654 at
152 4591 225 4652 haec
239 4590 316 4652 sunt
331 4588 476 4650 tomenta
495 4589 669 4654 diabolicae
682 4591 895 4655 tentationis:
952 4589 1189 4653 revertentium
1209 4589 1250 4650 de
1265 4587 1411 4651 miseriis
1429 4589 1529 4665 hrq'us
1549 4591 1665 4650 saeculi
1686 4591 1747 4653 de-

954 4067 996 4126 Τθ
1018 4063 1294 4136 neellamites,
1320 4065 1423 4134 Deus,
1445 4064 1481 4123 in
1504 4065 1588 4124 Sion
1604 4081 1615 4124 :
1630 4066 1663 4125 et
1685 4065 1746 4128 tibi

103 4687 178 4750 haec
192 4688 268 4748 sunt
291 4686 435 4749 tomenta
460 4683 606 4746 fornacis
630 4685 764 4765 diaboli,
791 4703 810 4747 a
833 4701 899 4763 qua
953 4686 1117 4748 cantatur.
1127 4687 1173 4746 De
1188 4699 1252 4760 qua
1265 4685 1470 4756 reversione,
1483 4685 1580 4746 Isaiae
1590 4683 1654 4763 (30,
1667 4686 1743 4764 29):
1834 4697 1837 4702 ·

104 4784 268 4846 liberatur
283 4785 411 4862 justus;
433 4780 520 4844 unde
545 4780 687 4843 clamat:
704 4783 899 4846 Protaatstt
952 4782 1157 4868 ‘Canticum
1178 4781 1245 4844 erit
1255 4779 1350 4842 robis
1369 4780 1456 4844 sicut
1474 4796 1540 4842 vox
1551 4779 1599 4859 (5)
1615 4784 1745 4844 sancti-

103 4880 377 4944 meoconosntu
390 4879 669 4954 malignantium.
929 4949 930 4960 χ
953 4879 1059 4942 ficatae
1074 4877 1305 4948 solemnitatis,
1323 4879 1356 4938 et
1377 4877 1493 4940 laetitia
1513 4878 1634 4950 cordis,
1659 4880 1746 4943 sicut
1768 4941 1771 4947 .

148 4977 303 5054 Sequitur
337 4997 344 5036 ε
375 4980 403 5038 Α
426 4975 645 5037 maaltitutlinc
678 4975 900 5049 operantium
953 4976 1008 5052 qui
1025 4975 1134 5052 pergit
1149 4989 1223 5034 cum
1247 4973 1340 5044 tibia,
1365 4974 1401 5035 ut
1423 4973 1523 5034 intret
1543 4974 1579 5033 in
1601 4977 1744 5038 montem

141 5187 167 5254 (l
193 5185 279 5244 scel.
299 5185 344 5253 nl,
360 5185 417 5245 det
429 5185 446 5241 l
460 5182 495 5242 ad
510 5183 536 5242 d.
993 5183 1108 5250 ationis,
1122 5197 1187 5242 cum
1201 5181 1360 5254 inciperent
1378 5183 1465 5251 exire,
1483 5196 1499 5239 e
1523 5180 1668 5265 Babylone
1686 5185 1742 5244 sci.

141 5258 170 5328 (2
196 5257 282 5329 vulg.
294 5272 302 5313 :
313 5254 456 5314 dalmacii.
1008 5261 1029 5320 t,
1044 5261 1129 5324 atque
1139 5254 1169 5310 iu
1182 5251 1310 5312 sudeam
1323 5253 1442 5322 roverti;
1463 5252 1501 5310 uti
1514 5253 1636 5324 explicat
1650 5254 1678 5312 S.
1690 5255 1745 5314 Au·

141 5327 171 5394 (3
203 5326 305 5384 Varsio
321 5339 415 5397 greca
431 5323 517 5382 LXX.
953 5325 1085 5398 guntinus
1098 5326 1251 5391 nooman,
1265 5323 1295 5379 in
1308 5322 1441 5380 eumdem
1458 5323 1601 5380 Psalnmm
1613 5323 1657 5382 cl.

142 5397 173 5468 (t
204 5397 272 5453 lieo
285 5402 330 5454 est
342 5409 407 5462 vox,
421 5401 475 5451 etc.
498 5394 630 5452 Psalmus
644 5393 698 5452 iste
712 5393 896 5452 inscribitur:
990 5395 1031 5466 (bl
1050 5394 1137 5466 vulg.
1156 5409 1162 5449 :
1179 5406 1245 5450 nox.

102 5467 252 5528 Canticum
270 5463 410 5534 terente,
422 5470 450 5521 et
462 5463 618 5522 Ezechielis
642 5463 747 5537 populo
761 5464 895 5523 transmi-
