<?xml version="1.0" encoding="UTF-8"?>
<!DOCTYPE html PUBLIC "-//W3C//DTD XHTML 1.0 Transitional//EN"
    "http://www.w3.org/TR/xhtml1/DTD/xhtml1-transitional.dtd">
<html xmlns="http://www.w3.org/1999/xhtml" xml:lang="en" lang="en">
 <head>
  <title>
</title>
<meta http-equiv="Content-Type" content="text/html;charset=utf-8" />
  <meta name='ocr-system' content='tesseract 3.04.00' />
  <meta name='ocr-capabilities' content='ocr_page ocr_carea ocr_par ocr_line ocrx_word'/>
</head>
<body>
  <div class='ocr_page' id='page_1' title='image "./mediiaevibiblio02bottgoog_0315.png"; bbox 0 0 4184 6410; ppageno 0'>
   <div class='ocr_carea' id='block_1_1' title="bbox 319 193 1541 259">
    <p class='ocr_par' dir='ltr' id='par_1_1' title="bbox 319 193 1541 259">
     <span class='ocr_line' id='line_1_1' title="bbox 319 193 1541 259; baseline -0.002 0"><span class='ocrx_word' id='word_1_1' title='bbox 319 197 382 259; x_wconf 77' lang='grc'><strong>603</strong></span> <span class='ocrx_word' id='word_1_2' title='bbox 700 229 704 240; x_wconf 83' lang='lat'><strong>·</strong></span> <span class='ocrx_word' id='word_1_3' title='bbox 741 195 775 254; x_wconf 81' lang='lat' dir='ltr'><strong>S.</strong></span> <span class='ocrx_word' id='word_1_4' title='bbox 802 193 977 256; x_wconf 75' lang='lat' dir='ltr'><strong>ANTONII</strong></span> <span class='ocrx_word' id='word_1_5' title='bbox 1007 195 1195 258; x_wconf 77' lang='lat' dir='ltr'><strong>ribuarii</strong></span> <span class='ocrx_word' id='word_1_6' title='bbox 1213 195 1364 258; x_wconf 74' lang='lat' dir='ltr'><strong>orditi</strong></span> <span class='ocrx_word' id='word_1_7' title='bbox 1395 195 1541 258; x_wconf 80' lang='lat' dir='ltr'><strong>OMNIA.</strong></span> 
     </span>
    </p>
   </div>
   <div class='ocr_carea' id='block_1_2' title="bbox 261 349 1973 4792">
    <p class='ocr_par' dir='ltr' id='par_1_2' title="bbox 320 349 1689 446">
     <span class='ocr_line' id='line_1_2' title="bbox 320 349 1689 446; baseline -0.001 -28"><span class='ocrx_word' id='word_1_8' title='bbox 320 369 439 418; x_wconf 84' lang='lat' dir='ltr'><strong>manos</strong></span> <span class='ocrx_word' id='word_1_9' title='bbox 461 349 626 425; x_wconf 74' lang='lat' dir='ltr'><strong>imitatur,</strong></span> <span class='ocrx_word' id='word_1_10' title='bbox 645 352 714 414; x_wconf 85' lang='lat' dir='ltr'><strong>sed</strong></span> <span class='ocrx_word' id='word_1_11' title='bbox 741 353 871 416; x_wconf 86' lang='lat' dir='ltr'><strong>ratione</strong></span> <span class='ocrx_word' id='word_1_12' title='bbox 900 355 1024 417; x_wconf 76' lang='lat' dir='ltr'><strong>caretz</strong></span> <span class='ocrx_word' id='word_1_13' title='bbox 1054 369 1114 431; x_wconf 89' lang='lat' dir='ltr'><strong>per</strong></span> <span class='ocrx_word' id='word_1_14' title='bbox 1327 369 1338 384; x_wconf 82' lang='grc'><em>·</em></span> <span class='ocrx_word' id='word_1_15' title='bbox 1436 383 1576 446; x_wconf 72' lang='lat' dir='ltr'>SERMO</span> <span class='ocrx_word' id='word_1_16' title='bbox 1600 383 1689 446; x_wconf 42' lang='lat' dir='ltr'><strong>xm·</strong></span> 
     </span>
    </p>

    <p class='ocr_par' dir='ltr' id='par_1_3' title="bbox 319 449 1689 531">
     <span class='ocr_line' id='line_1_3' title="bbox 319 449 1689 531; baseline -0.001 -17"><span class='ocrx_word' id='word_1_17' title='bbox 319 469 421 531; x_wconf 86' lang='lat' dir='ltr'><strong>quam</strong></span> <span class='ocrx_word' id='word_1_18' title='bbox 434 450 666 526; x_wconf 87' lang='lat' dir='ltr'><strong>intelliguntur</strong></span> <span class='ocrx_word' id='word_1_19' title='bbox 680 449 742 522; x_wconf 92' lang='lat' dir='ltr'><strong>illi,</strong></span> <span class='ocrx_word' id='word_1_20' title='bbox 754 449 810 528; x_wconf 89' lang='lat' dir='ltr'><strong>qui</strong></span> <span class='ocrx_word' id='word_1_21' title='bbox 823 452 1001 527; x_wconf 92' lang='lat' dir='ltr'><strong>imaginem</strong></span> <span class='ocrx_word' id='word_1_22' title='bbox 1015 467 1115 513; x_wconf 88' lang='lat' dir='ltr'><strong>sano-</strong></span> <span class='ocrx_word' id='word_1_23' title='bbox 1382 496 1393 530; x_wconf 78' lang='lat'><strong>,</strong></span> <span class='ocrx_word' id='word_1_24' title='bbox 1685 475 1689 484; x_wconf 93' lang='lat'>·</span> 
     </span>
    </p>

    <p class='ocr_par' dir='ltr' id='par_1_4' title="bbox 320 535 1729 623">
     <span class='ocr_line' id='line_1_4' title="bbox 320 535 1729 623; baseline -0.005 -8"><span class='ocrx_word' id='word_1_25' title='bbox 320 551 426 614; x_wconf 89' lang='lat' dir='ltr'><strong>titatis</strong></span> <span class='ocrx_word' id='word_1_26' title='bbox 450 547 583 620; x_wconf 87' lang='lat' dir='ltr'><strong>babent,</strong></span> <span class='ocrx_word' id='word_1_27' title='bbox 605 563 671 609; x_wconf 91' lang='lat' dir='ltr'><strong>non</strong></span> <span class='ocrx_word' id='word_1_28' title='bbox 694 549 924 623; x_wconf 69' lang='lat' dir='ltr'><strong>existentiam</strong></span> <span class='ocrx_word' id='word_1_29' title='bbox 949 548 1045 610; x_wconf 90' lang='lat' dir='ltr'><strong>bonis</strong></span> <span class='ocrx_word' id='word_1_30' title='bbox 1077 563 1113 610; x_wconf 88' lang='lat' dir='ltr'><strong>se</strong></span> <span class='ocrx_word' id='word_1_31' title='bbox 1295 549 1298 554; x_wconf 84' lang='grc'><strong>’</strong></span> <span class='ocrx_word' id='word_1_32' title='bbox 1404 535 1447 592; x_wconf 71' lang='lat'><strong>⁰⁰</strong></span> <span class='ocrx_word' id='word_1_33' title='bbox 1466 535 1614 608; x_wconf 79' lang='lat' dir='ltr'><strong>iniquitate</strong></span> <span class='ocrx_word' id='word_1_34' title='bbox 1632 535 1729 594; x_wconf 80' lang='lat' dir='ltr'><strong>Arari.</strong></span> 
     </span>
    </p>

    <p class='ocr_par' dir='ltr' id='par_1_5' title="bbox 317 645 1972 920">
     <span class='ocr_line' id='line_1_5' title="bbox 319 645 1972 756; baseline -0.002 -46"><span class='ocrx_word' id='word_1_35' title='bbox 319 645 503 726; x_wconf 79' lang='lat' dir='ltr'><strong>praeierunt</strong></span> <span class='ocrx_word' id='word_1_36' title='bbox 524 646 684 723; x_wconf 86' lang='lat' dir='ltr'><strong>quantum</strong></span> <span class='ocrx_word' id='word_1_37' title='bbox 700 646 936 718; x_wconf 85' lang='lat' dir='ltr'><strong>adexteriora,</strong></span> <span class='ocrx_word' id='word_1_38' title='bbox 952 647 1114 708; x_wconf 64' lang='lat' dir='ltr'><strong>sedirra⁶</strong></span> <span class='ocrx_word' id='word_1_39' title='bbox 1168 679 1382 750; x_wconf 44' lang='lat' dir='ltr'><em>Demade&amp;</em></span> <span class='ocrx_word' id='word_1_40' title='bbox 1392 677 1512 750; x_wconf 54' lang='lat' dir='ltr'><em>justus</em></span> <span class='ocrx_word' id='word_1_41' title='bbox 1545 679 1648 752; x_wconf 57' lang='lat' dir='ltr'><em>sorus</em></span> <span class='ocrx_word' id='word_1_42' title='bbox 1677 679 1710 740; x_wconf 48' lang='grc' dir='ltr'><strong>εἰ</strong></span> <span class='ocrx_word' id='word_1_43' title='bbox 1731 681 1873 756; x_wconf 56' lang='lat' dir='ltr'><strong>pauens</strong></span> <span class='ocrx_word' id='word_1_44' title='bbox 1902 681 1972 742; x_wconf 45' lang='lat' dir='ltr'><strong>ew·</strong></span> 
     </span>
     <span class='ocr_line' id='line_1_6' title="bbox 317 723 1885 855; baseline -0.004 -47"><span class='ocrx_word' id='word_1_45' title='bbox 317 745 462 809; x_wconf 89' lang='lat' dir='ltr'><strong>tienales</strong></span> <span class='ocrx_word' id='word_1_46' title='bbox 481 743 559 806; x_wconf 89' lang='lat' dir='ltr'><strong>sunt</strong></span> <span class='ocrx_word' id='word_1_47' title='bbox 574 744 734 822; x_wconf 88' lang='lat' dir='ltr'><strong>quantum</strong></span> <span class='ocrx_word' id='word_1_48' title='bbox 753 743 794 803; x_wconf 91' lang='lat' dir='ltr'><strong>ad</strong></span> <span class='ocrx_word' id='word_1_49' title='bbox 821 744 993 806; x_wconf 88' lang='lat' dir='ltr'><strong>interiora.</strong></span> <span class='ocrx_word' id='word_1_50' title='bbox 1016 743 1113 804; x_wconf 83' lang='lat' dir='ltr'><strong>Tales</strong></span> <span class='ocrx_word' id='word_1_51' title='bbox 1397 723 1739 855; x_wconf 40' lang='lat' dir='ltr'>(p33L’7&#39;123d&#39;16).</span> <span class='ocrx_word' id='word_1_52' title='bbox 1876 727 1885 754; x_wconf 86' lang='grc'><strong>’</strong></span> 
     </span>
     <span class='ocr_line' id='line_1_7' title="bbox 318 838 1110 920; baseline -0.006 -16"><span class='ocrx_word' id='word_1_53' title='bbox 318 841 517 920; x_wconf 81' lang='lat' dir='ltr'>quandoque</span> <span class='ocrx_word' id='word_1_54' title='bbox 530 839 709 901; x_wconf 77' lang='lat' dir='ltr'><strong>transferri</strong></span> <span class='ocrx_word' id='word_1_55' title='bbox 724 838 804 901; x_wconf 87' lang='lat' dir='ltr'><strong>iacit</strong></span> <span class='ocrx_word' id='word_1_56' title='bbox 818 855 918 900; x_wconf 80' lang='lat' dir='ltr'><strong>verus</strong></span> <span class='ocrx_word' id='word_1_57' title='bbox 943 838 1110 912; x_wconf 90' lang='lat' dir='ltr'><strong>Salomon,</strong></span> 
     </span>
    </p>

    <p class='ocr_par' dir='ltr' id='par_1_6' title="bbox 261 931 1973 4694">
     <span class='ocr_line' id='line_1_8' title="bbox 317 931 1973 1013; baseline -0.002 -12"><span class='ocrx_word' id='word_1_58' title='bbox 317 939 405 1001; x_wconf 89' lang='lat' dir='ltr'><strong>idest</strong></span> <span class='ocrx_word' id='word_1_59' title='bbox 416 938 568 999; x_wconf 85' lang='lat' dir='ltr'><strong>Christus</strong></span> <span class='ocrx_word' id='word_1_60' title='bbox 581 937 623 998; x_wconf 91' lang='lat' dir='ltr'><strong>de</strong></span> <span class='ocrx_word' id='word_1_61' title='bbox 636 936 786 1008; x_wconf 85' lang='lat' dir='ltr'><strong>Tharsis,</strong></span> <span class='ocrx_word' id='word_1_62' title='bbox 803 936 889 998; x_wconf 89' lang='lat' dir='ltr'><strong>idest</strong></span> <span class='ocrx_word' id='word_1_63' title='bbox 902 937 943 998; x_wconf 90' lang='lat' dir='ltr'><strong>de</strong></span> <span class='ocrx_word' id='word_1_64' title='bbox 958 937 1115 1013; x_wconf 87' lang='lat' dir='ltr'><strong>explora·</strong></span> <span class='ocrx_word' id='word_1_65' title='bbox 1208 935 1296 995; x_wconf 86' lang='lat' dir='ltr'><strong>Deus</strong></span> <span class='ocrx_word' id='word_1_66' title='bbox 1311 931 1474 1010; x_wconf 83' lang='lat' dir='ltr'><strong>siquidem</strong></span> <span class='ocrx_word' id='word_1_67' title='bbox 1482 933 1598 1011; x_wconf 87' lang='lat' dir='ltr'><strong>judex,</strong></span> <span class='ocrx_word' id='word_1_68' title='bbox 1614 934 1841 1010; x_wconf 88' lang='lat' dir='ltr'><strong>etjustusest;</strong></span> <span class='ocrx_word' id='word_1_69' title='bbox 1856 936 1902 998; x_wconf 91' lang='lat' dir='ltr'><strong>de</strong></span> <span class='ocrx_word' id='word_1_70' title='bbox 1915 953 1973 998; x_wconf 92' lang='lat' dir='ltr'><strong>cu·</strong></span> 
     </span>
     <span class='ocr_line' id='line_1_9' title="bbox 316 1026 1972 1112; baseline -0.001 -14"><span class='ocrx_word' id='word_1_71' title='bbox 316 1036 409 1098; x_wconf 87' lang='lat' dir='ltr'><strong>tione</strong></span> <span class='ocrx_word' id='word_1_72' title='bbox 442 1034 558 1111; x_wconf 84' lang='lat' dir='ltr'><strong>gaudii</strong></span> <span class='ocrx_word' id='word_1_73' title='bbox 590 1033 784 1109; x_wconf 83' lang='lat' dir='ltr'><strong>temporalis</strong></span> <span class='ocrx_word' id='word_1_74' title='bbox 821 1033 857 1093; x_wconf 92' lang='lat' dir='ltr'><strong>in</strong></span> <span class='ocrx_word' id='word_1_75' title='bbox 892 1033 1114 1095; x_wconf 88' lang='lat' dir='ltr'><strong>ministerium</strong></span> <span class='ocrx_word' id='word_1_76' title='bbox 1164 1026 1348 1108; x_wconf 85' lang='lat' dir='ltr'><strong>jusjudicii</strong></span> <span class='ocrx_word' id='word_1_77' title='bbox 1357 1031 1491 1106; x_wconf 87' lang='lat' dir='ltr'><strong>justitia</strong></span> <span class='ocrx_word' id='word_1_78' title='bbox 1502 1030 1584 1092; x_wconf 94' lang='lat' dir='ltr'><strong>dicit</strong></span> <span class='ocrx_word' id='word_1_79' title='bbox 1594 1031 1656 1094; x_wconf 87' lang='lat' dir='ltr'><strong>Job</strong></span> <span class='ocrx_word' id='word_1_80' title='bbox 1667 1029 1712 1110; x_wconf 81' lang='grc'><strong>(9,</strong></span> <span class='ocrx_word' id='word_1_81' title='bbox 1727 1033 1764 1092; x_wconf 87' lang='grc'><strong>19</strong></span> <span class='ocrx_word' id='word_1_82' title='bbox 1774 1032 1972 1112; x_wconf 76' lang='lat' dir='ltr'><strong>eteo):«Si</strong></span> 
     </span>
     <span class='ocr_line' id='line_1_10' title="bbox 317 1127 1971 1208; baseline -0.001 -14"><span class='ocrx_word' id='word_1_83' title='bbox 317 1147 426 1194; x_wconf 89' lang='lat' dir='ltr'><strong>suum.</strong></span> <span class='ocrx_word' id='word_1_84' title='bbox 443 1134 525 1194; x_wconf 91' lang='lat' dir='ltr'><strong>item</strong></span> <span class='ocrx_word' id='word_1_85' title='bbox 541 1131 594 1192; x_wconf 94' lang='lat' dir='ltr'><strong>leo</strong></span> <span class='ocrx_word' id='word_1_86' title='bbox 609 1130 808 1192; x_wconf 81' lang='lat' dir='ltr'><strong>naturaliter</strong></span> <span class='ocrx_word' id='word_1_87' title='bbox 821 1131 957 1192; x_wconf 88' lang='lat' dir='ltr'><strong>veretur</strong></span> <span class='ocrx_word' id='word_1_88' title='bbox 976 1131 1112 1206; x_wconf 90' lang='lat' dir='ltr'><strong>gallum,</strong></span> <span class='ocrx_word' id='word_1_89' title='bbox 1166 1127 1309 1204; x_wconf 72' lang='lat' dir='ltr'><strong>equitas</strong></span> <span class='ocrx_word' id='word_1_90' title='bbox 1330 1127 1452 1204; x_wconf 89' lang='lat' dir='ltr'><strong>judicii</strong></span> <span class='ocrx_word' id='word_1_91' title='bbox 1471 1128 1643 1204; x_wconf 76' lang='lat' dir='ltr'><strong>quaeritur,</strong></span> <span class='ocrx_word' id='word_1_92' title='bbox 1659 1143 1756 1190; x_wconf 90' lang='lat' dir='ltr'><strong>nemo</strong></span> <span class='ocrx_word' id='word_1_93' title='bbox 1780 1131 1886 1192; x_wconf 88' lang='lat' dir='ltr'><strong>audet</strong></span> <span class='ocrx_word' id='word_1_94' title='bbox 1906 1148 1971 1208; x_wconf 91' lang='lat' dir='ltr'><strong>pro</strong></span> 
     </span>
     <span class='ocr_line' id='line_1_11' title="bbox 318 1223 1973 1304; baseline 0 -13"><span class='ocrx_word' id='word_1_95' title='bbox 318 1231 353 1291; x_wconf 93' lang='lat' dir='ltr'><strong>et</strong></span> <span class='ocrx_word' id='word_1_96' title='bbox 370 1227 515 1290; x_wconf 85' lang='lat' dir='ltr'><strong>maxime</strong></span> <span class='ocrx_word' id='word_1_97' title='bbox 539 1227 661 1288; x_wconf 90' lang='lat' dir='ltr'><strong>album.</strong></span> <span class='ocrx_word' id='word_1_98' title='bbox 680 1227 735 1289; x_wconf 86' lang='lat' dir='ltr'><strong>Sic</strong></span> <span class='ocrx_word' id='word_1_99' title='bbox 756 1225 908 1288; x_wconf 91' lang='lat' dir='ltr'><strong>diabolus</strong></span> <span class='ocrx_word' id='word_1_100' title='bbox 926 1225 1112 1304; x_wconf 84' lang='lat' dir='ltr'><strong>praelatum,</strong></span> <span class='ocrx_word' id='word_1_101' title='bbox 1168 1239 1222 1286; x_wconf 91' lang='lat' dir='ltr'><strong>me</strong></span> <span class='ocrx_word' id='word_1_102' title='bbox 1242 1223 1469 1286; x_wconf 86' lang='lat' dir='ltr'><strong>testimonium</strong></span> <span class='ocrx_word' id='word_1_103' title='bbox 1483 1224 1634 1286; x_wconf 89' lang='lat' dir='ltr'><strong>reddere.</strong></span> <span class='ocrx_word' id='word_1_104' title='bbox 1654 1227 1690 1288; x_wconf 87' lang='lat' dir='ltr'><strong>Si</strong></span> <span class='ocrx_word' id='word_1_105' title='bbox 1706 1227 1900 1302; x_wconf 83' lang='lat' dir='ltr'><strong>justificare</strong></span> <span class='ocrx_word' id='word_1_106' title='bbox 1916 1246 1973 1291; x_wconf 90' lang='lat' dir='ltr'><strong>me</strong></span> 
     </span>
     <span class='ocr_line' id='line_1_12' title="bbox 318 1321 1972 1403; baseline -0.001 -15"><span class='ocrx_word' id='word_1_107' title='bbox 318 1326 391 1388; x_wconf 83' lang='lat' dir='ltr'><strong>sire</strong></span> <span class='ocrx_word' id='word_1_108' title='bbox 413 1325 676 1403; x_wconf 72' lang='lat' dir='ltr'><strong>predicatorem,</strong></span> <span class='ocrx_word' id='word_1_109' title='bbox 704 1325 738 1386; x_wconf 95' lang='lat' dir='ltr'><strong>et</strong></span> <span class='ocrx_word' id='word_1_110' title='bbox 763 1325 908 1385; x_wconf 86' lang='lat' dir='ltr'><strong>maxime</strong></span> <span class='ocrx_word' id='word_1_111' title='bbox 936 1324 1113 1385; x_wconf 86' lang='lat' dir='ltr'><strong>contineri·</strong></span> <span class='ocrx_word' id='word_1_112' title='bbox 1168 1321 1316 1394; x_wconf 81' lang='lat' dir='ltr'><strong>voluero,</strong></span> <span class='ocrx_word' id='word_1_113' title='bbox 1324 1335 1362 1383; x_wconf 91' lang='grc' dir='ltr'><strong>οε</strong></span> <span class='ocrx_word' id='word_1_114' title='bbox 1374 1335 1483 1383; x_wconf 91' lang='lat' dir='ltr'><strong>meum</strong></span> <span class='ocrx_word' id='word_1_115' title='bbox 1493 1321 1728 1385; x_wconf 89' lang='lat' dir='ltr'><strong>condemnabit</strong></span> <span class='ocrx_word' id='word_1_116' title='bbox 1737 1339 1810 1386; x_wconf 88' lang='lat' dir='ltr'><strong>me:</strong></span> <span class='ocrx_word' id='word_1_117' title='bbox 1826 1325 1862 1386; x_wconf 89' lang='lat' dir='ltr'><strong>Si</strong></span> <span class='ocrx_word' id='word_1_118' title='bbox 1871 1325 1972 1387; x_wconf 90' lang='lat' dir='ltr'><strong>inno·</strong></span> 
     </span>
     <span class='ocr_line' id='line_1_13' title="bbox 317 1417 1971 1501; baseline -0.001 -16"><span class='ocrx_word' id='word_1_119' title='bbox 317 1425 396 1495; x_wconf 88' lang='lat' dir='ltr'><strong>tem,</strong></span> <span class='ocrx_word' id='word_1_120' title='bbox 421 1422 463 1483; x_wconf 92' lang='lat' dir='ltr'><strong>de</strong></span> <span class='ocrx_word' id='word_1_121' title='bbox 487 1437 551 1500; x_wconf 83' lang='lat' dir='ltr'><strong>quo</strong></span> <span class='ocrx_word' id='word_1_122' title='bbox 575 1419 831 1483; x_wconf 75' lang='lat' dir='ltr'><strong>proverbiorum</strong></span> <span class='ocrx_word' id='word_1_123' title='bbox 857 1420 921 1501; x_wconf 88' lang='grc'>(30,</span> <span class='ocrx_word' id='word_1_124' title='bbox 933 1422 970 1482; x_wconf 88' lang='grc'><strong>31</strong></span> <span class='ocrx_word' id='word_1_125' title='bbox 987 1420 1021 1481; x_wconf 93' lang='lat' dir='ltr'><strong>et</strong></span> <span class='ocrx_word' id='word_1_126' title='bbox 1034 1417 1111 1499; x_wconf 80' lang='lat'>32):</span> <span class='ocrx_word' id='word_1_127' title='bbox 1168 1419 1296 1480; x_wconf 90' lang='lat' dir='ltr'><strong>centem</strong></span> <span class='ocrx_word' id='word_1_128' title='bbox 1305 1432 1358 1480; x_wconf 90' lang='lat' dir='ltr'><strong>me</strong></span> <span class='ocrx_word' id='word_1_129' title='bbox 1366 1418 1553 1490; x_wconf 89' lang='lat' dir='ltr'><strong>ostendero,</strong></span> <span class='ocrx_word' id='word_1_130' title='bbox 1563 1434 1761 1496; x_wconf 86' lang='lat' dir='ltr'><strong>pravumme</strong></span> <span class='ocrx_word' id='word_1_131' title='bbox 1770 1423 1971 1499; x_wconf 87' lang='lat' dir='ltr'><strong>comproba·</strong></span> 
     </span>
     <span class='ocr_line' id='line_1_14' title="bbox 315 1514 1968 1595; baseline 0.001 -14"><span class='ocrx_word' id='word_1_132' title='bbox 315 1520 465 1582; x_wconf 75' lang='lat' dir='ltr'><strong>«Gallus</strong></span> <span class='ocrx_word' id='word_1_133' title='bbox 488 1519 677 1580; x_wconf 89' lang='lat' dir='ltr'><strong>succinctus</strong></span> <span class='ocrx_word' id='word_1_134' title='bbox 699 1517 848 1594; x_wconf 84' lang='lat' dir='ltr'><strong>lumb0s3</strong></span> <span class='ocrx_word' id='word_1_135' title='bbox 866 1519 899 1580; x_wconf 91' lang='lat' dir='ltr'><strong>et</strong></span> <span class='ocrx_word' id='word_1_136' title='bbox 920 1519 1010 1579; x_wconf 81' lang='lat' dir='ltr'><strong>aries</strong></span> <span class='ocrx_word' id='word_1_137' title='bbox 1028 1534 1035 1577; x_wconf 93' lang='lat'><strong>:</strong></span> <span class='ocrx_word' id='word_1_138' title='bbox 1050 1531 1113 1578; x_wconf 91' lang='lat' dir='ltr'><strong>nec</strong></span> <span class='ocrx_word' id='word_1_139' title='bbox 1166 1514 1300 1578; x_wconf 67' lang='lat' dir='ltr'><strong>bitaldt</strong></span> <span class='ocrx_word' id='word_1_140' title='bbox 1313 1527 1392 1576; x_wconf 84' lang='lat' dir='ltr'><strong>vere</strong></span> <span class='ocrx_word' id='word_1_141' title='bbox 1406 1530 1563 1592; x_wconf 85' lang='lat' dir='ltr'><strong>pravum:</strong></span> <span class='ocrx_word' id='word_1_142' title='bbox 1576 1519 1697 1580; x_wconf 89' lang='lat' dir='ltr'><strong>Omnes</strong></span> <span class='ocrx_word' id='word_1_143' title='bbox 1717 1519 1806 1578; x_wconf 91' lang='lat' dir='ltr'><strong>euim</strong></span> <span class='ocrx_word' id='word_1_144' title='bbox 1820 1521 1968 1595; x_wconf 83' lang='lat' dir='ltr'><strong>jusiitiae</strong></span> 
     </span>
     <span class='ocr_line' id='line_1_15' title="bbox 316 1613 1969 1694; baseline -0.001 -14"><span class='ocrx_word' id='word_1_145' title='bbox 316 1618 437 1694; x_wconf 89' lang='lat' dir='ltr'><strong>estqui</strong></span> <span class='ocrx_word' id='word_1_146' title='bbox 458 1617 595 1678; x_wconf 78' lang='lat' dir='ltr'><strong>resistat</strong></span> <span class='ocrx_word' id='word_1_147' title='bbox 613 1615 655 1676; x_wconf 92' lang='lat' dir='ltr'><strong>ei.</strong></span> <span class='ocrx_word' id='word_1_148' title='bbox 672 1615 712 1676; x_wconf 78' lang='lat' dir='ltr'><strong>nt</strong></span> <span class='ocrx_word' id='word_1_149' title='bbox 735 1615 791 1692; x_wconf 91' lang='lat' dir='ltr'><strong>qui</strong></span> <span class='ocrx_word' id='word_1_150' title='bbox 807 1615 928 1678; x_wconf 87' lang='lat' dir='ltr'><strong>stultus</strong></span> <span class='ocrx_word' id='word_1_151' title='bbox 941 1629 1112 1691; x_wconf 86' lang='lat' dir='ltr'><strong>apperne-</strong></span> <span class='ocrx_word' id='word_1_152' title='bbox 1167 1627 1250 1674; x_wconf 86' lang='lat' dir='ltr'><strong>meae</strong></span> <span class='ocrx_word' id='word_1_153' title='bbox 1264 1613 1421 1689; x_wconf 60' lang='lat' dir='ltr'><strong>unquam</strong></span> <span class='ocrx_word' id='word_1_154' title='bbox 1435 1629 1565 1690; x_wconf 90' lang='lat' dir='ltr'><strong>pannus</strong></span> <span class='ocrx_word' id='word_1_155' title='bbox 1579 1614 1731 1676; x_wconf 88' lang='lat' dir='ltr'><strong>mulieris</strong></span> <span class='ocrx_word' id='word_1_156' title='bbox 1746 1619 1969 1679; x_wconf 78' lang='lat' dir='ltr'><strong>menstruatas</strong></span> 
     </span>
     <span class='ocr_line' id='line_1_16' title="bbox 316 1706 1967 1794; baseline -0.001 -17"><span class='ocrx_word' id='word_1_157' title='bbox 316 1715 362 1778; x_wconf 83' lang='lat' dir='ltr'><strong>rit</strong></span> <span class='ocrx_word' id='word_1_158' title='bbox 383 1712 443 1794; x_wconf 88' lang='lat'><strong>(1),</strong></span> <span class='ocrx_word' id='word_1_159' title='bbox 464 1713 638 1791; x_wconf 77' lang='lat' dir='ltr'><strong>postquam</strong></span> <span class='ocrx_word' id='word_1_160' title='bbox 655 1712 805 1774; x_wconf 82' lang='lat' dir='ltr'><strong>elevatus</strong></span> <span class='ocrx_word' id='word_1_161' title='bbox 828 1712 878 1774; x_wconf 91' lang='lat' dir='ltr'><strong>est</strong></span> <span class='ocrx_word' id='word_1_162' title='bbox 903 1711 938 1772; x_wconf 93' lang='lat' dir='ltr'><strong>in</strong></span> <span class='ocrx_word' id='word_1_163' title='bbox 957 1710 1110 1778; x_wconf 86' lang='lat' dir='ltr'><strong>sublime.</strong></span> <span class='ocrx_word' id='word_1_164' title='bbox 1167 1706 1247 1787; x_wconf 85' lang='lat' dir='ltr'><strong>(isa.</strong></span> <span class='ocrx_word' id='word_1_165' title='bbox 1261 1711 1311 1780; x_wconf 83' lang='grc'><strong>64,</strong></span> <span class='ocrx_word' id='word_1_166' title='bbox 1322 1708 1368 1789; x_wconf 86' lang='grc'><strong>6).</strong></span> <span class='ocrx_word' id='word_1_167' title='bbox 1383 1711 1428 1772; x_wconf 81' lang='lat' dir='ltr'><strong>nr</strong></span> <span class='ocrx_word' id='word_1_168' title='bbox 1437 1711 1655 1784; x_wconf 75' lang='lat' dir='ltr'><strong>sortts;uude</strong></span> <span class='ocrx_word' id='word_1_169' title='bbox 1669 1711 1705 1772; x_wconf 93' lang='lat' dir='ltr'><strong>in</strong></span> <span class='ocrx_word' id='word_1_170' title='bbox 1718 1712 1835 1774; x_wconf 92' lang='lat' dir='ltr'><strong>eodem</strong></span> <span class='ocrx_word' id='word_1_171' title='bbox 1844 1715 1911 1776; x_wconf 90' lang='lat' dir='ltr'><strong>Job</strong></span> <span class='ocrx_word' id='word_1_172' title='bbox 1921 1714 1967 1793; x_wconf 86' lang='lat'><strong>(9,</strong></span> 
     </span>
     <span class='ocr_line' id='line_1_17' title="bbox 315 1803 1969 1891; baseline -0.001 -17"><span class='ocrx_word' id='word_1_173' title='bbox 315 1814 356 1875; x_wconf 80' lang='lat' dir='ltr'><strong>Et</strong></span> <span class='ocrx_word' id='word_1_174' title='bbox 366 1813 428 1876; x_wconf 76' lang='lat' dir='ltr'><strong>lob</strong></span> <span class='ocrx_word' id='word_1_175' title='bbox 444 1809 513 1891; x_wconf 88' lang='grc'><strong>(38,</strong></span> <span class='ocrx_word' id='word_1_176' title='bbox 527 1808 581 1889; x_wconf 84' lang='grc'><strong>36)</strong></span> <span class='ocrx_word' id='word_1_177' title='bbox 595 1831 603 1870; x_wconf 87' lang='lat'><em>=</em></span> <span class='ocrx_word' id='word_1_178' title='bbox 621 1813 703 1876; x_wconf 81' lang='lat' dir='ltr'><strong>Quis</strong></span> <span class='ocrx_word' id='word_1_179' title='bbox 715 1810 807 1870; x_wconf 81' lang='lat' dir='ltr'><strong>dedit</strong></span> <span class='ocrx_word' id='word_1_180' title='bbox 825 1814 913 1884; x_wconf 69' lang='lat' dir='ltr'><strong>emto</strong></span> <span class='ocrx_word' id='word_1_181' title='bbox 927 1810 1113 1885; x_wconf 71' lang='lat' dir='ltr'><strong>iutelligere—</strong></span> <span class='ocrx_word' id='word_1_182' title='bbox 1167 1803 1221 1884; x_wconf 88' lang='lat'><strong>19)</strong></span> <span class='ocrx_word' id='word_1_183' title='bbox 1235 1827 1243 1865; x_wconf 76' lang='grc' dir='ltr'>ε</span> <span class='ocrx_word' id='word_1_184' title='bbox 1256 1821 1276 1866; x_wconf 78' lang='grc' dir='ltr'><strong>ιι</strong></span> <span class='ocrx_word' id='word_1_185' title='bbox 1291 1807 1327 1867; x_wconf 88' lang='lat' dir='ltr'><strong>Si</strong></span> <span class='ocrx_word' id='word_1_186' title='bbox 1342 1805 1502 1868; x_wconf 86' lang='lat' dir='ltr'><strong>tortitudo</strong></span> <span class='ocrx_word' id='word_1_187' title='bbox 1521 1806 1694 1884; x_wconf 83' lang='lat' dir='ltr'><strong>quaeritur,</strong></span> <span class='ocrx_word' id='word_1_188' title='bbox 1710 1807 1969 1872; x_wconf 87' lang='lat' dir='ltr'><strong>robustissimus</strong></span> 
     </span>
     <span class='ocr_line' id='line_1_18' title="bbox 316 1902 1970 1982; baseline -0.002 -11"><span class='ocrx_word' id='word_1_189' title='bbox 316 1908 554 1971; x_wconf 77' lang='lat' dir='ltr'><strong>ttomttialIus</strong></span> <span class='ocrx_word' id='word_1_190' title='bbox 574 1922 611 1968; x_wconf 93' lang='lat' dir='ltr'><strong>se</strong></span> <span class='ocrx_word' id='word_1_191' title='bbox 635 1905 699 1968; x_wconf 89' lang='lat' dir='ltr'><strong>alis</strong></span> <span class='ocrx_word' id='word_1_192' title='bbox 720 1906 827 1982; x_wconf 88' lang='lat' dir='ltr'><strong>primo</strong></span> <span class='ocrx_word' id='word_1_193' title='bbox 849 1905 985 1975; x_wconf 87' lang='lat' dir='ltr'><strong>excitat,</strong></span> <span class='ocrx_word' id='word_1_194' title='bbox 1011 1906 1045 1967; x_wconf 89' lang='lat' dir='ltr'><strong>ot</strong></span> <span class='ocrx_word' id='word_1_195' title='bbox 1062 1905 1112 1966; x_wconf 90' lang='lat' dir='ltr'><strong>sic</strong></span> <span class='ocrx_word' id='word_1_196' title='bbox 1166 1902 1234 1977; x_wconf 88' lang='lat' dir='ltr'><strong>est;</strong></span> <span class='ocrx_word' id='word_1_197' title='bbox 1250 1903 1674 1982; x_wconf 70' lang='lat' dir='ltr'><strong>›etiterumzbeusqu&#39;us</strong></span> <span class='ocrx_word' id='word_1_198' title='bbox 1688 1907 1970 1970; x_wconf 81' lang='lat' dir='ltr'><strong>iraenemoresis-</strong></span> 
     </span>
     <span class='ocr_line' id='line_1_19' title="bbox 315 1999 1969 2078; baseline 0 -12"><span class='ocrx_word' id='word_1_199' title='bbox 315 2005 424 2067; x_wconf 89' lang='lat' dir='ltr'><strong>lucem</strong></span> <span class='ocrx_word' id='word_1_200' title='bbox 441 2005 616 2066; x_wconf 84' lang='lat' dir='ltr'><strong>venturam</strong></span> <span class='ocrx_word' id='word_1_201' title='bbox 636 2002 826 2064; x_wconf 88' lang='lat' dir='ltr'><strong>denunciat.</strong></span> <span class='ocrx_word' id='word_1_202' title='bbox 844 2002 898 2062; x_wconf 87' lang='lat' dir='ltr'><strong>Sic</strong></span> <span class='ocrx_word' id='word_1_203' title='bbox 913 2001 1113 2078; x_wconf 73' lang='lat' dir='ltr'><strong>praedicator</strong></span> <span class='ocrx_word' id='word_1_204' title='bbox 1166 2002 1237 2063; x_wconf 90' lang='lat' dir='ltr'><strong>tere</strong></span> <span class='ocrx_word' id='word_1_205' title='bbox 1246 2001 1364 2076; x_wconf 87' lang='lat' dir='ltr'><strong>polest.</strong></span> <span class='ocrx_word' id='word_1_206' title='bbox 1380 2002 1426 2062; x_wconf 81' lang='lat' dir='ltr'><strong>nt</strong></span> <span class='ocrx_word' id='word_1_207' title='bbox 1444 1999 1602 2074; x_wconf 77' lang='lat' dir='ltr'><strong>petieras:</strong></span> <span class='ocrx_word' id='word_1_208' title='bbox 1615 2005 1779 2077; x_wconf 76' lang='lat' dir='ltr'><strong>Nurrgctd</strong></span> <span class='ocrx_word' id='word_1_209' title='bbox 1792 2007 1969 2066; x_wconf 81' lang='lat' dir='ltr'><strong>irascitur</strong></span> 
     </span>
     <span class='ocr_line' id='line_1_20' title="bbox 315 2097 1968 2179; baseline 0 -17"><span class='ocrx_word' id='word_1_210' title='bbox 315 2103 409 2179; x_wconf 84' lang='lat' dir='ltr'><strong>prius</strong></span> <span class='ocrx_word' id='word_1_211' title='bbox 430 2115 466 2162; x_wconf 90' lang='lat' dir='ltr'><strong>se</strong></span> <span class='ocrx_word' id='word_1_212' title='bbox 484 2099 635 2162; x_wconf 87' lang='lat' dir='ltr'><strong>ierieudo</strong></span> <span class='ocrx_word' id='word_1_213' title='bbox 660 2099 908 2174; x_wconf 78' lang='lat' dir='ltr'><strong>vigilantiorem</strong></span> <span class='ocrx_word' id='word_1_214' title='bbox 935 2115 971 2159; x_wconf 89' lang='lat' dir='ltr'><strong>se</strong></span> <span class='ocrx_word' id='word_1_215' title='bbox 990 2097 1109 2171; x_wconf 88' lang='lat' dir='ltr'><strong>reddit,</strong></span> <span class='ocrx_word' id='word_1_216' title='bbox 1163 2099 1968 2174; x_wconf 65' lang='lat' dir='ltr'><strong>persingulasdtestouamiissitpattensmum-</strong></span> 
     </span>
     <span class='ocr_line' id='line_1_21' title="bbox 315 2192 1964 2274; baseline 0.001 -16"><span class='ocrx_word' id='word_1_217' title='bbox 315 2197 430 2274; x_wconf 86' lang='lat' dir='ltr'><strong>sicque</strong></span> <span class='ocrx_word' id='word_1_218' title='bbox 454 2195 585 2262; x_wconf 89' lang='lat' dir='ltr'><strong>deinde,</strong></span> <span class='ocrx_word' id='word_1_219' title='bbox 620 2194 728 2255; x_wconf 90' lang='lat' dir='ltr'><strong>lucem</strong></span> <span class='ocrx_word' id='word_1_220' title='bbox 749 2192 924 2256; x_wconf 83' lang='lat' dir='ltr'><strong>venturam</strong></span> <span class='ocrx_word' id='word_1_221' title='bbox 948 2193 1026 2254; x_wconf 91' lang='lat' dir='ltr'><strong>aliis</strong></span> <span class='ocrx_word' id='word_1_222' title='bbox 1052 2193 1112 2254; x_wconf 87' lang='lat' dir='ltr'><strong>de·</strong></span> <span class='ocrx_word' id='word_1_223' title='bbox 1166 2193 1244 2272; x_wconf 83' lang='lat' dir='ltr'><strong>quid</strong></span> <span class='ocrx_word' id='word_1_224' title='bbox 1257 2209 1323 2256; x_wconf 92' lang='lat' dir='ltr'><strong>non</strong></span> <span class='ocrx_word' id='word_1_225' title='bbox 1336 2196 1578 2257; x_wconf 75' lang='lat' dir='ltr'><strong>trosctturtlle</strong></span> <span class='ocrx_word' id='word_1_226' title='bbox 1586 2197 1746 2272; x_wconf 90' lang='lat' dir='ltr'><strong>patientia</strong></span> <span class='ocrx_word' id='word_1_227' title='bbox 1756 2201 1840 2274; x_wconf 87' lang='lat' dir='ltr'><strong>ejus,</strong></span> <span class='ocrx_word' id='word_1_228' title='bbox 1851 2200 1886 2261; x_wconf 92' lang='lat' dir='ltr'><strong>et</strong></span> <span class='ocrx_word' id='word_1_229' title='bbox 1896 2200 1964 2270; x_wconf 87' lang='lat' dir='ltr'><strong>ira,</strong></span> 
     </span>
     <span class='ocr_line' id='line_1_22' title="bbox 315 2289 1964 2371; baseline 0.001 -16"><span class='ocrx_word' id='word_1_230' title='bbox 315 2292 517 2364; x_wconf 88' lang='lat' dir='ltr'><strong>nunciando,</strong></span> <span class='ocrx_word' id='word_1_231' title='bbox 546 2306 661 2354; x_wconf 84' lang='lat' dir='ltr'><strong>vocem</strong></span> <span class='ocrx_word' id='word_1_232' title='bbox 694 2290 942 2367; x_wconf 77' lang='lat' dir='ltr'><strong>predicationis</strong></span> <span class='ocrx_word' id='word_1_233' title='bbox 978 2289 1109 2352; x_wconf 90' lang='lat' dir='ltr'><strong>emittit.</strong></span> <span class='ocrx_word' id='word_1_234' title='bbox 1165 2291 1261 2354; x_wconf 84' lang='lat' dir='ltr'><strong>isaiae</strong></span> <span class='ocrx_word' id='word_1_235' title='bbox 1275 2289 1338 2371; x_wconf 86' lang='grc'>(27,</span> <span class='ocrx_word' id='word_1_236' title='bbox 1349 2292 1370 2352; x_wconf 84' lang='grc'><strong><em>3</em></strong></span> <span class='ocrx_word' id='word_1_237' title='bbox 1381 2292 1415 2354; x_wconf 89' lang='lat' dir='ltr'><strong>et</strong></span> <span class='ocrx_word' id='word_1_238' title='bbox 1427 2289 1461 2370; x_wconf 81' lang='grc'><strong>4)</strong></span> <span class='ocrx_word' id='word_1_239' title='bbox 1479 2307 1487 2351; x_wconf 89' lang='lat'><strong>:</strong></span> <span class='ocrx_word' id='word_1_240' title='bbox 1503 2293 1621 2364; x_wconf 85' lang='lat' dir='ltr'><strong>Nocte,</strong></span> <span class='ocrx_word' id='word_1_241' title='bbox 1635 2295 1670 2355; x_wconf 87' lang='lat' dir='ltr'><strong>et</strong></span> <span class='ocrx_word' id='word_1_242' title='bbox 1683 2296 1850 2356; x_wconf 85' lang='lat' dir='ltr'><strong>dieseroo</strong></span> <span class='ocrx_word' id='word_1_243' title='bbox 1864 2309 1964 2356; x_wconf 87' lang='lat' dir='ltr'><strong>eam:</strong></span> 
     </span>
     <span class='ocr_line' id='line_1_23' title="bbox 312 2387 1963 2467; baseline -0.001 -14"><span class='ocrx_word' id='word_1_244' title='bbox 312 2407 334 2453; x_wconf 81' lang='grc' dir='ltr'><strong>ιι</strong></span> <span class='ocrx_word' id='word_1_245' title='bbox 354 2390 578 2467; x_wconf 89' lang='lat' dir='ltr'><strong>Persequatur</strong></span> <span class='ocrx_word' id='word_1_246' title='bbox 597 2388 754 2449; x_wconf 89' lang='lat' dir='ltr'><strong>iuimicus</strong></span> <span class='ocrx_word' id='word_1_247' title='bbox 777 2387 923 2448; x_wconf 88' lang='lat' dir='ltr'><strong>animam</strong></span> <span class='ocrx_word' id='word_1_248' title='bbox 945 2401 1064 2460; x_wconf 88' lang='lat' dir='ltr'><strong>meam,</strong></span> <span class='ocrx_word' id='word_1_249' title='bbox 1078 2387 1111 2450; x_wconf 89' lang='lat' dir='ltr'><strong>et</strong></span> <span class='ocrx_word' id='word_1_250' title='bbox 1165 2391 1249 2450; x_wconf 84' lang='lat' dir='ltr'><strong>Ecce</strong></span> <span class='ocrx_word' id='word_1_251' title='bbox 1261 2388 1434 2464; x_wconf 88' lang='lat' dir='ltr'><strong>patientia.</strong></span> <span class='ocrx_word' id='word_1_252' title='bbox 1449 2388 1488 2450; x_wconf 83' lang='lat' dir='ltr'><strong>ut</strong></span> <span class='ocrx_word' id='word_1_253' title='bbox 1503 2387 1690 2466; x_wconf 76' lang='lat' dir='ltr'><strong>indignatio</strong></span> <span class='ocrx_word' id='word_1_254' title='bbox 1705 2391 1834 2454; x_wconf 89' lang='lat' dir='ltr'><strong>nonest</strong></span> <span class='ocrx_word' id='word_1_255' title='bbox 1850 2392 1938 2452; x_wconf 87' lang='lat' dir='ltr'><strong>mihi</strong></span> <span class='ocrx_word' id='word_1_256' title='bbox 1955 2409 1963 2452; x_wconf 72' lang='grc' dir='ltr'><strong>ι</strong></span> 
     </span>
     <span class='ocr_line' id='line_1_24' title="bbox 313 2483 1964 2566; baseline 0 -16"><span class='ocrx_word' id='word_1_257' title='bbox 313 2485 584 2565; x_wconf 89' lang='lat' dir='ltr'><strong>comprehendat,</strong></span> <span class='ocrx_word' id='word_1_258' title='bbox 614 2486 649 2546; x_wconf 90' lang='lat' dir='ltr'><strong>et</strong></span> <span class='ocrx_word' id='word_1_259' title='bbox 677 2483 849 2545; x_wconf 90' lang='lat' dir='ltr'><strong>conculcet</strong></span> <span class='ocrx_word' id='word_1_260' title='bbox 882 2483 919 2544; x_wconf 93' lang='lat' dir='ltr'><strong>in</strong></span> <span class='ocrx_word' id='word_1_261' title='bbox 940 2483 1031 2544; x_wconf 85' lang='lat' dir='ltr'><strong>terra</strong></span> <span class='ocrx_word' id='word_1_262' title='bbox 1058 2483 1111 2544; x_wconf 79' lang='lat' dir='ltr'><strong>vi·</strong></span> <span class='ocrx_word' id='word_1_263' title='bbox 1164 2486 1261 2564; x_wconf 81' lang='lat' dir='ltr'><strong>quasi</strong></span> <span class='ocrx_word' id='word_1_264' title='bbox 1274 2485 1374 2558; x_wconf 91' lang='lat' dir='ltr'><strong>dicat,</strong></span> <span class='ocrx_word' id='word_1_265' title='bbox 1388 2485 1721 2564; x_wconf 87' lang='lat' dir='ltr'><strong>est,·undesequitur</strong></span> <span class='ocrx_word' id='word_1_266' title='bbox 1734 2488 1868 2550; x_wconf 87' lang='lat' dir='ltr'><strong>statim:</strong></span> <span class='ocrx_word' id='word_1_267' title='bbox 1886 2490 1964 2566; x_wconf 88' lang='lat' dir='ltr'><strong>quis</strong></span> 
     </span>
     <span class='ocr_line' id='line_1_25' title="bbox 261 2579 1963 2662; baseline -0.001 -16"><span class='ocrx_word' id='word_1_268' title='bbox 261 2642 263 2661; x_wconf 87' lang='grc'>,</span> <span class='ocrx_word' id='word_1_269' title='bbox 311 2586 381 2647; x_wconf 87' lang='lat' dir='ltr'><strong>tam</strong></span> <span class='ocrx_word' id='word_1_270' title='bbox 396 2598 515 2654; x_wconf 88' lang='lat' dir='ltr'><strong>meam,</strong></span> <span class='ocrx_word' id='word_1_271' title='bbox 539 2583 572 2643; x_wconf 92' lang='lat' dir='ltr'><strong>et</strong></span> <span class='ocrx_word' id='word_1_272' title='bbox 592 2580 735 2657; x_wconf 83' lang='lat' dir='ltr'><strong>gloriam</strong></span> <span class='ocrx_word' id='word_1_273' title='bbox 754 2593 863 2640; x_wconf 89' lang='lat' dir='ltr'><strong>meam</strong></span> <span class='ocrx_word' id='word_1_274' title='bbox 886 2579 922 2640; x_wconf 87' lang='lat' dir='ltr'><strong>in</strong></span> <span class='ocrx_word' id='word_1_275' title='bbox 937 2579 1109 2656; x_wconf 74' lang='lat' dir='ltr'><strong>pulverem</strong></span> <span class='ocrx_word' id='word_1_276' title='bbox 1164 2581 1477 2659; x_wconf 87' lang='lat' dir='ltr'><strong>dabitmespinam,</strong></span> <span class='ocrx_word' id='word_1_277' title='bbox 1500 2582 1533 2646; x_wconf 92' lang='lat' dir='ltr'><strong>et</strong></span> <span class='ocrx_word' id='word_1_278' title='bbox 1551 2586 1709 2661; x_wconf 88' lang='lat' dir='ltr'><strong>vepremt</strong></span> <span class='ocrx_word' id='word_1_279' title='bbox 1729 2586 1825 2662; x_wconf 85' lang='lat' dir='ltr'><strong>qnasi</strong></span> <span class='ocrx_word' id='word_1_280' title='bbox 1848 2585 1963 2648; x_wconf 88' lang='lat' dir='ltr'><strong>dicat:</strong></span> 
     </span>
     <span class='ocr_line' id='line_1_26' title="bbox 314 2675 1965 2756; baseline 0.002 -14"><span class='ocrx_word' id='word_1_281' title='bbox 314 2679 500 2742; x_wconf 85' lang='lat' dir='ltr'><strong>deducat.»</strong></span> <span class='ocrx_word' id='word_1_282' title='bbox 520 2681 590 2739; x_wconf 87' lang='lat' dir='ltr'><strong>Hoc</strong></span> <span class='ocrx_word' id='word_1_283' title='bbox 611 2677 663 2738; x_wconf 89' lang='lat' dir='ltr'><strong>est</strong></span> <span class='ocrx_word' id='word_1_284' title='bbox 683 2675 769 2754; x_wconf 87' lang='lat' dir='ltr'><strong>quod</strong></span> <span class='ocrx_word' id='word_1_285' title='bbox 789 2675 910 2739; x_wconf 88' lang='lat' dir='ltr'><strong>dicitur</strong></span> <span class='ocrx_word' id='word_1_286' title='bbox 926 2676 960 2736; x_wconf 93' lang='lat' dir='ltr'><strong>in</strong></span> <span class='ocrx_word' id='word_1_287' title='bbox 974 2675 1110 2737; x_wconf 71' lang='lat' dir='ltr'><strong>cautim</strong></span> <span class='ocrx_word' id='word_1_288' title='bbox 1165 2679 1327 2756; x_wconf 86' lang='lat' dir='ltr'><strong>iniquitas</strong></span> <span class='ocrx_word' id='word_1_289' title='bbox 1351 2681 1462 2742; x_wconf 81' lang='lat' dir='ltr'><strong>restra</strong></span> <span class='ocrx_word' id='word_1_290' title='bbox 1488 2695 1542 2742; x_wconf 92' lang='lat' dir='ltr'><strong>me</strong></span> <span class='ocrx_word' id='word_1_291' title='bbox 1560 2681 1759 2744; x_wconf 90' lang='lat' dir='ltr'><strong>naturaliter</strong></span> <span class='ocrx_word' id='word_1_292' title='bbox 1782 2683 1908 2754; x_wconf 89' lang='lat' dir='ltr'><strong>mitem,</strong></span> <span class='ocrx_word' id='word_1_293' title='bbox 1930 2685 1965 2745; x_wconf 90' lang='lat' dir='ltr'><strong>et</strong></span> 
     </span>
     <span class='ocr_line' id='line_1_27' title="bbox 314 2770 1961 2859; baseline 0.002 -21"><span class='ocrx_word' id='word_1_294' title='bbox 314 2777 420 2838; x_wconf 76' lang='lat' dir='ltr'><strong>Exodi</strong></span> <span class='ocrx_word' id='word_1_295' title='bbox 436 2775 500 2854; x_wconf 88' lang='lat'><strong>(15,</strong></span> <span class='ocrx_word' id='word_1_296' title='bbox 516 2772 550 2854; x_wconf 91' lang='lat'><strong>9)</strong></span> <span class='ocrx_word' id='word_1_297' title='bbox 568 2794 576 2834; x_wconf 74' lang='grc' dir='ltr'><strong>ι</strong></span> <span class='ocrx_word' id='word_1_298' title='bbox 594 2775 816 2850; x_wconf 76' lang='lat' dir='ltr'><strong>«Persequar</strong></span> <span class='ocrx_word' id='word_1_299' title='bbox 835 2775 868 2834; x_wconf 91' lang='lat' dir='ltr'><strong>et</strong></span> <span class='ocrx_word' id='word_1_300' title='bbox 891 2770 1111 2848; x_wconf 88' lang='lat' dir='ltr'><strong>comprehen-</strong></span> <span class='ocrx_word' id='word_1_301' title='bbox 1163 2775 1532 2848; x_wconf 84' lang='lat' dir='ltr'><strong>misericordem,laclet</strong></span> <span class='ocrx_word' id='word_1_302' title='bbox 1541 2777 1670 2850; x_wconf 88' lang='lat' dir='ltr'><strong>durum,</strong></span> <span class='ocrx_word' id='word_1_303' title='bbox 1681 2779 1715 2840; x_wconf 93' lang='lat' dir='ltr'><strong>et</strong></span> <span class='ocrx_word' id='word_1_304' title='bbox 1722 2778 1889 2840; x_wconf 90' lang='lat' dir='ltr'><strong>crudelem</strong></span> <span class='ocrx_word' id='word_1_305' title='bbox 1897 2777 1961 2859; x_wconf 87' lang='lat'><strong>(3),</strong></span> 
     </span>
     <span class='ocr_line' id='line_1_28' title="bbox 313 2867 1965 2948; baseline 0.001 -12"><span class='ocrx_word' id='word_1_306' title='bbox 313 2875 402 2948; x_wconf 87' lang='lat' dir='ltr'><strong>dam,</strong></span> <span class='ocrx_word' id='word_1_307' title='bbox 431 2872 577 2934; x_wconf 85' lang='lat' dir='ltr'><strong>dividam</strong></span> <span class='ocrx_word' id='word_1_308' title='bbox 608 2869 736 2948; x_wconf 80' lang='lat' dir='ltr'><strong>spolie3</strong></span> <span class='ocrx_word' id='word_1_309' title='bbox 765 2869 894 2932; x_wconf 81' lang='lat' dir='ltr'><strong>»idest</strong></span> <span class='ocrx_word' id='word_1_310' title='bbox 919 2867 1109 2931; x_wconf 78' lang='lat' dir='ltr'><strong>membran</strong></span> <span class='ocrx_word' id='word_1_311' title='bbox 1164 2873 1202 2934; x_wconf 92' lang='lat' dir='ltr'><strong>ut</strong></span> <span class='ocrx_word' id='word_1_312' title='bbox 1225 2873 1339 2935; x_wconf 87' lang='lat' dir='ltr'><strong>vincat</strong></span> <span class='ocrx_word' id='word_1_313' title='bbox 1361 2875 1517 2936; x_wconf 85' lang='lat' dir='ltr'><strong>naturam</strong></span> <span class='ocrx_word' id='word_1_314' title='bbox 1542 2890 1660 2936; x_wconf 90' lang='lat' dir='ltr'><strong>meam.</strong></span> <span class='ocrx_word' id='word_1_315' title='bbox 1678 2877 1836 2938; x_wconf 77' lang='lat' dir='ltr'><strong>Gladium</strong></span> <span class='ocrx_word' id='word_1_316' title='bbox 1855 2891 1965 2938; x_wconf 76' lang='lat' dir='ltr'><strong>suram</strong></span> 
     </span>
     <span class='ocr_line' id='line_1_29' title="bbox 313 2965 1960 3049; baseline 0.001 -16"><span class='ocrx_word' id='word_1_317' title='bbox 313 2971 438 3033; x_wconf 82' lang='lat' dir='ltr'><strong>divinis</strong></span> <span class='ocrx_word' id='word_1_318' title='bbox 451 2967 648 3032; x_wconf 88' lang='lat' dir='ltr'><strong>ministeriis</strong></span> <span class='ocrx_word' id='word_1_319' title='bbox 669 2968 836 3044; x_wconf 85' lang='lat' dir='ltr'><strong>separata,</strong></span> <span class='ocrx_word' id='word_1_320' title='bbox 857 2965 1044 3043; x_wconf 88' lang='lat' dir='ltr'><strong>iniquitatis</strong></span> <span class='ocrx_word' id='word_1_321' title='bbox 1059 2965 1111 3027; x_wconf 85' lang='lat' dir='ltr'><strong>la·</strong></span> <span class='ocrx_word' id='word_1_322' title='bbox 1163 2971 1320 3032; x_wconf 74' lang='lat' dir='ltr'><strong>attrabit.</strong></span> <span class='ocrx_word' id='word_1_323' title='bbox 1332 2971 1370 3032; x_wconf 90' lang='lat' dir='ltr'><strong>In</strong></span> <span class='ocrx_word' id='word_1_324' title='bbox 1381 2970 1493 3048; x_wconf 86' lang='lat' dir='ltr'><strong>gladio</strong></span> <span class='ocrx_word' id='word_1_325' title='bbox 1510 2971 1617 3047; x_wconf 86' lang='lat' dir='ltr'><strong>figura</strong></span> <span class='ocrx_word' id='word_1_326' title='bbox 1623 2972 1743 3049; x_wconf 83' lang='lat' dir='ltr'><strong>judicii</strong></span> <span class='ocrx_word' id='word_1_327' title='bbox 1756 2973 1960 3035; x_wconf 74' lang='lat' dir='ltr'><strong>declaratur.</strong></span> 
     </span>
     <span class='ocr_line' id='line_1_30' title="bbox 312 3060 1963 3144; baseline 0.002 -14"><span class='ocrx_word' id='word_1_328' title='bbox 312 3069 400 3130; x_wconf 88' lang='lat' dir='ltr'><strong>ciam</strong></span> <span class='ocrx_word' id='word_1_329' title='bbox 427 3066 687 3128; x_wconf 88' lang='lat' dir='ltr'><strong>instrumenta:</strong></span> <span class='ocrx_word' id='word_1_330' title='bbox 724 3060 916 3138; x_wconf 74' lang='lat' dir='ltr'><strong>evaginabo</strong></span> <span class='ocrx_word' id='word_1_331' title='bbox 961 3063 1109 3139; x_wconf 90' lang='lat' dir='ltr'><strong>gladium</strong></span> <span class='ocrx_word' id='word_1_332' title='bbox 1163 3066 1300 3128; x_wconf 80' lang='lat' dir='ltr'><strong>Gladius</strong></span> <span class='ocrx_word' id='word_1_333' title='bbox 1314 3068 1735 3144; x_wconf 87' lang='lat' dir='ltr'><strong>enimpungit,scindit,-et</strong></span> <span class='ocrx_word' id='word_1_334' title='bbox 1749 3071 1903 3132; x_wconf 85' lang='lat' dir='ltr'><strong>conterit.</strong></span> <span class='ocrx_word' id='word_1_335' title='bbox 1922 3074 1963 3133; x_wconf 82' lang='lat' dir='ltr'><strong>ut</strong></span> 
     </span>
     <span class='ocr_line' id='line_1_31' title="bbox 313 3158 1961 3241; baseline 0.002 -15"><span class='ocrx_word' id='word_1_336' title='bbox 313 3179 442 3239; x_wconf 84' lang='lat' dir='ltr'><strong>meum;</strong></span> <span class='ocrx_word' id='word_1_337' title='bbox 462 3163 553 3226; x_wconf 88' lang='lat' dir='ltr'><strong>idest</strong></span> <span class='ocrx_word' id='word_1_338' title='bbox 573 3176 704 3224; x_wconf 92' lang='lat' dir='ltr'><strong>omnem</strong></span> <span class='ocrx_word' id='word_1_339' title='bbox 725 3159 868 3222; x_wconf 89' lang='lat' dir='ltr'><strong>nocendi</strong></span> <span class='ocrx_word' id='word_1_340' title='bbox 895 3158 1028 3222; x_wconf 90' lang='lat' dir='ltr'><strong>modum</strong></span> <span class='ocrx_word' id='word_1_341' title='bbox 1049 3175 1110 3222; x_wconf 88' lang='lat' dir='ltr'><strong>ex·</strong></span> <span class='ocrx_word' id='word_1_342' title='bbox 1163 3163 1212 3224; x_wconf 88' lang='lat' dir='ltr'><strong>sic</strong></span> <span class='ocrx_word' id='word_1_343' title='bbox 1227 3162 1261 3222; x_wconf 91' lang='lat' dir='ltr'><strong>in</strong></span> <span class='ocrx_word' id='word_1_344' title='bbox 1285 3163 1392 3240; x_wconf 91' lang='lat' dir='ltr'><strong>prima</strong></span> <span class='ocrx_word' id='word_1_345' title='bbox 1412 3165 1507 3241; x_wconf 88' lang='lat' dir='ltr'><strong>porta</strong></span> <span class='ocrx_word' id='word_1_346' title='bbox 1522 3165 1587 3228; x_wconf 89' lang='lat' dir='ltr'><strong>erit</strong></span> <span class='ocrx_word' id='word_1_347' title='bbox 1601 3165 1747 3241; x_wconf 90' lang='lat' dir='ltr'><strong>punctio,</strong></span> <span class='ocrx_word' id='word_1_348' title='bbox 1762 3167 1961 3229; x_wconf 86' lang='lat' dir='ltr'><strong>insecenda</strong></span> 
     </span>
     <span class='ocr_line' id='line_1_32' title="bbox 313 3256 1961 3342; baseline 0.004 -22"><span class='ocrx_word' id='word_1_349' title='bbox 313 3261 455 3338; x_wconf 89' lang='lat' dir='ltr'><strong>plicabo.</strong></span> <span class='ocrx_word' id='word_1_350' title='bbox 480 3259 638 3336; x_wconf 86' lang='lat' dir='ltr'><strong>Sequitur</strong></span> <span class='ocrx_word' id='word_1_351' title='bbox 658 3278 667 3318; x_wconf 83' lang='grc' dir='ltr'><strong>ι</strong></span> <span class='ocrx_word' id='word_1_352' title='bbox 682 3257 949 3331; x_wconf 76' lang='lat' dir='ltr'><strong>comprehendat</strong></span> <span class='ocrx_word' id='word_1_353' title='bbox 959 3273 971 3329; x_wconf 88' lang='lat'><strong>,·</strong></span> <span class='ocrx_word' id='word_1_354' title='bbox 989 3256 1029 3318; x_wconf 93' lang='lat' dir='ltr'><strong>de</strong></span> <span class='ocrx_word' id='word_1_355' title='bbox 1043 3271 1108 3333; x_wconf 83' lang='lat' dir='ltr'><strong>qua</strong></span> <span class='ocrx_word' id='word_1_356' title='bbox 1163 3259 1293 3332; x_wconf 89' lang='lat' dir='ltr'><strong>scissio,</strong></span> <span class='ocrx_word' id='word_1_357' title='bbox 1316 3262 1350 3324; x_wconf 92' lang='lat' dir='ltr'><strong>et</strong></span> <span class='ocrx_word' id='word_1_358' title='bbox 1373 3261 1691 3339; x_wconf 78' lang='lat' dir='ltr'><strong>divisiosopboniae</strong></span> <span class='ocrx_word' id='word_1_359' title='bbox 1700 3261 1744 3342; x_wconf 93' lang='lat'><strong>(1,</strong></span> <span class='ocrx_word' id='word_1_360' title='bbox 1762 3263 1814 3342; x_wconf 89' lang='lat'><strong>10)</strong></span> <span class='ocrx_word' id='word_1_361' title='bbox 1830 3286 1838 3324; x_wconf 90' lang='lat'>:</span> <span class='ocrx_word' id='word_1_362' title='bbox 1854 3267 1961 3327; x_wconf 77' lang='lat' dir='ltr'><strong>«Vox</strong></span> 
     </span>
     <span class='ocr_line' id='line_1_33' title="bbox 314 3351 1961 3439; baseline 0.002 -20"><span class='ocrx_word' id='word_1_363' title='bbox 314 3357 612 3434; x_wconf 82' lang='lat' dir='ltr'><strong>comprehensione</strong></span> <span class='ocrx_word' id='word_1_364' title='bbox 635 3355 672 3415; x_wconf 91' lang='lat' dir='ltr'><strong>iu</strong></span> <span class='ocrx_word' id='word_1_365' title='bbox 692 3353 834 3416; x_wconf 76' lang='lat' dir='ltr'><strong>Turonis</strong></span> <span class='ocrx_word' id='word_1_366' title='bbox 851 3351 898 3433; x_wconf 89' lang='lat' dir='ltr'><strong>(i,</strong></span> <span class='ocrx_word' id='word_1_367' title='bbox 914 3351 948 3432; x_wconf 87' lang='lat'><strong>3)</strong></span> <span class='ocrx_word' id='word_1_368' title='bbox 965 3353 1109 3415; x_wconf 82' lang='lat' dir='ltr'><strong>:Omnes</strong></span> <span class='ocrx_word' id='word_1_369' title='bbox 1163 3357 1340 3418; x_wconf 88' lang='lat' dir='ltr'><strong>clamantis</strong></span> <span class='ocrx_word' id='word_1_370' title='bbox 1363 3373 1383 3419; x_wconf 86' lang='lat' dir='ltr'><strong>a</strong></span> <span class='ocrx_word' id='word_1_371' title='bbox 1403 3357 1510 3434; x_wconf 92' lang='lat' dir='ltr'><strong>prima</strong></span> <span class='ocrx_word' id='word_1_372' title='bbox 1535 3361 1630 3434; x_wconf 89' lang='lat' dir='ltr'><strong>porta</strong></span> <span class='ocrx_word' id='word_1_373' title='bbox 1645 3357 1705 3439; x_wconf 84' lang='grc'>(4),</span> <span class='ocrx_word' id='word_1_374' title='bbox 1720 3363 1754 3422; x_wconf 93' lang='lat' dir='ltr'><strong>et</strong></span> <span class='ocrx_word' id='word_1_375' title='bbox 1775 3360 1926 3422; x_wconf 88' lang='lat' dir='ltr'><strong>ululatus</strong></span> <span class='ocrx_word' id='word_1_376' title='bbox 1941 3377 1961 3422; x_wconf 87' lang='lat' dir='ltr'><strong>a</strong></span> 
     </span>
     <span class='ocr_line' id='line_1_34' title="bbox 311 3448 1958 3532; baseline 0.002 -16"><span class='ocrx_word' id='word_1_377' title='bbox 311 3453 555 3530; x_wconf 69' lang='lat' dir='ltr'><strong>persecutores</strong></span> <span class='ocrx_word' id='word_1_378' title='bbox 582 3456 658 3527; x_wconf 83' lang='lat' dir='ltr'><strong>ejus</strong></span> <span class='ocrx_word' id='word_1_379' title='bbox 688 3450 1022 3525; x_wconf 68' lang='lat' dir='ltr'><strong>comprehenderunt</strong></span> <span class='ocrx_word' id='word_1_380' title='bbox 1050 3448 1107 3530; x_wconf 85' lang='lat'><strong>(2)</strong></span> <span class='ocrx_word' id='word_1_381' title='bbox 1162 3453 1320 3525; x_wconf 90' lang='lat' dir='ltr'><strong>secunda,</strong></span> <span class='ocrx_word' id='word_1_382' title='bbox 1337 3456 1371 3516; x_wconf 88' lang='lat' dir='ltr'><strong>et</strong></span> <span class='ocrx_word' id='word_1_383' title='bbox 1396 3455 1553 3518; x_wconf 88' lang='lat' dir='ltr'><strong>contritio</strong></span> <span class='ocrx_word' id='word_1_384' title='bbox 1581 3471 1703 3532; x_wconf 88' lang='lat' dir='ltr'><strong>magna</strong></span> <span class='ocrx_word' id='word_1_385' title='bbox 1726 3472 1747 3518; x_wconf 88' lang='lat' dir='ltr'><strong>a</strong></span> <span class='ocrx_word' id='word_1_386' title='bbox 1770 3457 1958 3519; x_wconf 78' lang='lat' dir='ltr'><strong>collibus.»</strong></span> 
     </span>
     <span class='ocr_line' id='line_1_35' title="bbox 311 3547 1958 3630; baseline 0.001 -15"><span class='ocrx_word' id='word_1_387' title='bbox 311 3566 391 3614; x_wconf 86' lang='lat' dir='ltr'><strong>eam</strong></span> <span class='ocrx_word' id='word_1_388' title='bbox 417 3551 512 3612; x_wconf 79' lang='lat' dir='ltr'><strong>trater</strong></span> <span class='ocrx_word' id='word_1_389' title='bbox 535 3551 726 3626; x_wconf 74' lang='lat' dir='ltr'><strong>cupressos.</strong></span> <span class='ocrx_word' id='word_1_390' title='bbox 751 3550 843 3609; x_wconf 82' lang='lat' dir='ltr'><strong>&#39;lunc</strong></span> <span class='ocrx_word' id='word_1_391' title='bbox 862 3547 951 3609; x_wconf 92' lang='lat' dir='ltr'><strong>enim</strong></span> <span class='ocrx_word' id='word_1_392' title='bbox 963 3547 1074 3608; x_wconf 87' lang='lat' dir='ltr'><strong>anima</strong></span> <span class='ocrx_word' id='word_1_393' title='bbox 1086 3564 1108 3608; x_wconf 92' lang='lat' dir='ltr'><strong>a</strong></span> <span class='ocrx_word' id='word_1_394' title='bbox 1162 3551 1276 3614; x_wconf 86' lang='lat' dir='ltr'><strong>Prima</strong></span> <span class='ocrx_word' id='word_1_395' title='bbox 1287 3552 1382 3628; x_wconf 87' lang='lat' dir='ltr'><strong>porta</strong></span> <span class='ocrx_word' id='word_1_396' title='bbox 1397 3552 1462 3613; x_wconf 91' lang='lat' dir='ltr'><strong>erit</strong></span> <span class='ocrx_word' id='word_1_397' title='bbox 1481 3553 1517 3613; x_wconf 92' lang='lat' dir='ltr'><strong>in</strong></span> <span class='ocrx_word' id='word_1_398' title='bbox 1531 3553 1624 3614; x_wconf 83' lang='lat' dir='ltr'><strong>exitu</strong></span> <span class='ocrx_word' id='word_1_399' title='bbox 1635 3554 1676 3615; x_wconf 93' lang='lat' dir='ltr'><strong>de</strong></span> <span class='ocrx_word' id='word_1_400' title='bbox 1692 3553 1866 3630; x_wconf 73' lang='lat' dir='ltr'><strong>sepulcris</strong></span> <span class='ocrx_word' id='word_1_401' title='bbox 1879 3571 1958 3616; x_wconf 90' lang='lat' dir='ltr'><strong>cum</strong></span> 
     </span>
     <span class='ocr_line' id='line_1_36' title="bbox 312 3644 1958 3728; baseline 0.001 -17"><span class='ocrx_word' id='word_1_402' title='bbox 312 3645 581 3725; x_wconf 84' lang='lat' dir='ltr'><strong>persecutoribus</strong></span> <span class='ocrx_word' id='word_1_403' title='bbox 595 3645 694 3707; x_wconf 79' lang='lat' dir='ltr'><strong>facile</strong></span> <span class='ocrx_word' id='word_1_404' title='bbox 710 3644 1013 3721; x_wconf 88' lang='lat' dir='ltr'><strong>comprehenditur,</strong></span> <span class='ocrx_word' id='word_1_405' title='bbox 1032 3659 1107 3706; x_wconf 93' lang='lat' dir='ltr'><strong>oum</strong></span> <span class='ocrx_word' id='word_1_406' title='bbox 1162 3647 1385 3710; x_wconf 88' lang='lat' dir='ltr'><strong>clamabitur:</strong></span> <span class='ocrx_word' id='word_1_407' title='bbox 1403 3649 1536 3724; x_wconf 79' lang='lat' dir='ltr'><strong>surgite</strong></span> <span class='ocrx_word' id='word_1_408' title='bbox 1557 3651 1690 3722; x_wconf 88' lang='lat' dir='ltr'><strong>mortni,</strong></span> <span class='ocrx_word' id='word_1_409' title='bbox 1707 3651 1764 3728; x_wconf 89' lang='lat' dir='ltr'><strong>qui</strong></span> <span class='ocrx_word' id='word_1_410' title='bbox 1783 3652 1905 3727; x_wconf 87' lang='lat' dir='ltr'><strong>jacetis</strong></span> <span class='ocrx_word' id='word_1_411' title='bbox 1920 3654 1958 3712; x_wconf 89' lang='lat' dir='ltr'><strong>in</strong></span> 
     </span>
     <span class='ocr_line' id='line_1_37' title="bbox 308 3741 1956 3825; baseline 0.001 -19"><span class='ocrx_word' id='word_1_412' title='bbox 308 3759 354 3807; x_wconf 79' lang='lat' dir='ltr'><strong>ex</strong></span> <span class='ocrx_word' id='word_1_413' title='bbox 365 3744 477 3806; x_wconf 88' lang='lat' dir='ltr'><strong>animo</strong></span> <span class='ocrx_word' id='word_1_414' title='bbox 492 3741 700 3820; x_wconf 90' lang='lat' dir='ltr'><strong>adipiscendi</strong></span> <span class='ocrx_word' id='word_1_415' title='bbox 713 3742 801 3820; x_wconf 87' lang='lat' dir='ltr'><strong>quod</strong></span> <span class='ocrx_word' id='word_1_416' title='bbox 814 3741 966 3814; x_wconf 88' lang='lat' dir='ltr'><strong>delectat,</strong></span> <span class='ocrx_word' id='word_1_417' title='bbox 983 3742 1025 3803; x_wconf 86' lang='lat' dir='ltr'><strong>et.</strong></span> <span class='ocrx_word' id='word_1_418' title='bbox 1036 3741 1109 3804; x_wconf 81' lang='lat' dir='ltr'><strong>evi·</strong></span> <span class='ocrx_word' id='word_1_419' title='bbox 1162 3744 1325 3822; x_wconf 87' lang='lat' dir='ltr'><strong>sepulcris</strong></span> <span class='ocrx_word' id='word_1_420' title='bbox 1336 3746 1497 3808; x_wconf 78' lang='lat' dir='ltr'><strong>etc&#39;iunc</strong></span> <span class='ocrx_word' id='word_1_421' title='bbox 1509 3747 1573 3810; x_wconf 91' lang='lat' dir='ltr'><strong>erit</strong></span> <span class='ocrx_word' id='word_1_422' title='bbox 1583 3749 1716 3824; x_wconf 91' lang='lat' dir='ltr'><strong>punctio</strong></span> <span class='ocrx_word' id='word_1_423' title='bbox 1728 3751 1827 3825; x_wconf 89' lang='lat' dir='ltr'><strong>bujus</strong></span> <span class='ocrx_word' id='word_1_424' title='bbox 1838 3749 1956 3824; x_wconf 91' lang='lat' dir='ltr'><strong>gladii.</strong></span> 
     </span>
     <span class='ocr_line' id='line_1_38' title="bbox 313 3838 1957 3922; baseline 0.001 -17"><span class='ocrx_word' id='word_1_425' title='bbox 313 3842 405 3906; x_wconf 89' lang='lat' dir='ltr'><strong>tandi</strong></span> <span class='ocrx_word' id='word_1_426' title='bbox 422 3840 508 3920; x_wconf 88' lang='lat' dir='ltr'><strong>quod</strong></span> <span class='ocrx_word' id='word_1_427' title='bbox 526 3840 665 3912; x_wconf 86' lang='lat' dir='ltr'><strong>cruciet,</strong></span> <span class='ocrx_word' id='word_1_428' title='bbox 687 3839 908 3915; x_wconf 87' lang='lat' dir='ltr'><strong>angustiatur.</strong></span> <span class='ocrx_word' id='word_1_429' title='bbox 926 3838 1082 3915; x_wconf 82' lang='lat' dir='ltr'><strong>Sequitur</strong></span> <span class='ocrx_word' id='word_1_430' title='bbox 1097 3854 1105 3899; x_wconf 91' lang='lat'>:</span> <span class='ocrx_word' id='word_1_431' title='bbox 1162 3841 1254 3914; x_wconf 90' lang='lat' dir='ltr'><strong>Quod</strong></span> <span class='ocrx_word' id='word_1_432' title='bbox 1269 3841 1380 3905; x_wconf 89' lang='lat' dir='ltr'><strong>autem</strong></span> <span class='ocrx_word' id='word_1_433' title='bbox 1392 3843 1554 3920; x_wconf 85' lang='lat' dir='ltr'><strong>sequitur,</strong></span> <span class='ocrx_word' id='word_1_434' title='bbox 1570 3843 1720 3907; x_wconf 90' lang='lat' dir='ltr'><strong>declarat</strong></span> <span class='ocrx_word' id='word_1_435' title='bbox 1730 3845 1896 3922; x_wconf 83' lang='lat' dir='ltr'><strong>judicium</strong></span> <span class='ocrx_word' id='word_1_436' title='bbox 1908 3845 1957 3906; x_wconf 89' lang='lat' dir='ltr'><strong>di·</strong></span> 
     </span>
     <span class='ocr_line' id='line_1_39' title="bbox 309 3933 1957 4017; baseline 0 -13"><span class='ocrx_word' id='word_1_437' title='bbox 309 3942 355 4002; x_wconf 80' lang='lat' dir='ltr'><strong>et</strong></span> <span class='ocrx_word' id='word_1_438' title='bbox 378 3939 559 4002; x_wconf 85' lang='lat' dir='ltr'><strong>conculcet.</strong></span> <span class='ocrx_word' id='word_1_439' title='bbox 587 3935 812 3999; x_wconf 80' lang='lat' dir='ltr'><strong>Ecclesiastici</strong></span> <span class='ocrx_word' id='word_1_440' title='bbox 833 3933 948 4014; x_wconf 87' lang='lat'><strong>(9,10)</strong></span> <span class='ocrx_word' id='word_1_441' title='bbox 966 3951 975 3994; x_wconf 91' lang='lat'>:</span> <span class='ocrx_word' id='word_1_442' title='bbox 993 3935 1107 3996; x_wconf 88' lang='lat' dir='ltr'><strong>Omnis</strong></span> <span class='ocrx_word' id='word_1_443' title='bbox 1161 3939 1389 4017; x_wconf 76' lang='lat' dir='ltr'><strong>coaptationis,</strong></span> <span class='ocrx_word' id='word_1_444' title='bbox 1415 3939 1556 4002; x_wconf 91' lang='lat' dir='ltr'><strong>diceudo</strong></span> <span class='ocrx_word' id='word_1_445' title='bbox 1578 3940 1676 4002; x_wconf 90' lang='lat' dir='ltr'><strong>malis</strong></span> <span class='ocrx_word' id='word_1_446' title='bbox 1703 3954 1710 4002; x_wconf 92' lang='lat'>:</span> <span class='ocrx_word' id='word_1_447' title='bbox 1740 3945 1896 4016; x_wconf 74' lang='lat' dir='ltr'><strong>Esurtot,</strong></span> <span class='ocrx_word' id='word_1_448' title='bbox 1921 3945 1957 4004; x_wconf 89' lang='lat' dir='ltr'><strong>et</strong></span> 
     </span>
     <span class='ocr_line' id='line_1_40' title="bbox 310 4033 1957 4112; baseline 0.001 -14"><span class='ocrx_word' id='word_1_449' title='bbox 310 4037 442 4108; x_wconf 89' lang='lat' dir='ltr'><strong>mulier,</strong></span> <span class='ocrx_word' id='word_1_450' title='bbox 466 4035 603 4112; x_wconf 87' lang='lat' dir='ltr'><strong>quaeest</strong></span> <span class='ocrx_word' id='word_1_451' title='bbox 621 4033 922 4108; x_wconf 78' lang='lat' dir='ltr'><strong>fornicaria,quasi</strong></span> <span class='ocrx_word' id='word_1_452' title='bbox 936 4033 1107 4094; x_wconf 88' lang='lat' dir='ltr'><strong>stercusln</strong></span> <span class='ocrx_word' id='word_1_453' title='bbox 1161 4050 1231 4098; x_wconf 79' lang='lat' dir='ltr'><strong>nore</strong></span> <span class='ocrx_word' id='word_1_454' title='bbox 1253 4035 1394 4098; x_wconf 79' lang='lat' dir='ltr'><strong>dedistis</strong></span> <span class='ocrx_word' id='word_1_455' title='bbox 1416 4039 1502 4098; x_wconf 82' lang='lat' dir='ltr'><strong>mitt</strong></span> <span class='ocrx_word' id='word_1_456' title='bbox 1523 4039 1735 4099; x_wconf 66' lang='lat' dir='ltr'><strong>murmurare</strong></span> <span class='ocrx_word' id='word_1_457' title='bbox 1758 4054 1769 4098; x_wconf 93' lang='lat'><em>:</em></span> <span class='ocrx_word' id='word_1_458' title='bbox 1795 4039 1894 4100; x_wconf 81' lang='lat' dir='ltr'><strong>sitiet</strong></span> <span class='ocrx_word' id='word_1_459' title='bbox 1920 4040 1957 4100; x_wconf 87' lang='lat' dir='ltr'><strong>et</strong></span> 
     </span>
     <span class='ocr_line' id='line_1_41' title="bbox 308 4127 1955 4212; baseline 0.001 -17"><span class='ocrx_word' id='word_1_460' title='bbox 308 4133 365 4195; x_wconf 80' lang='lat' dir='ltr'><strong>via</strong></span> <span class='ocrx_word' id='word_1_461' title='bbox 380 4131 421 4194; x_wconf 92' lang='lat' dir='ltr'><strong>ab</strong></span> <span class='ocrx_word' id='word_1_462' title='bbox 436 4129 590 4192; x_wconf 90' lang='lat' dir='ltr'><strong>omnibus</strong></span> <span class='ocrx_word' id='word_1_463' title='bbox 602 4128 881 4206; x_wconf 73' lang='lat' dir='ltr'><strong>pretereuntibus</strong></span> <span class='ocrx_word' id='word_1_464' title='bbox 894 4127 1108 4189; x_wconf 78' lang='lat' dir='ltr'><strong>conculcabi·</strong></span> <span class='ocrx_word' id='word_1_465' title='bbox 1160 4146 1230 4193; x_wconf 80' lang='lat' dir='ltr'><strong>non</strong></span> <span class='ocrx_word' id='word_1_466' title='bbox 1244 4133 1385 4194; x_wconf 77' lang='lat' dir='ltr'><strong>dedistis</strong></span> <span class='ocrx_word' id='word_1_467' title='bbox 1407 4135 1492 4195; x_wconf 80' lang='lat' dir='ltr'><strong>mibi</strong></span> <span class='ocrx_word' id='word_1_468' title='bbox 1506 4135 1619 4194; x_wconf 84' lang='lat' dir='ltr'><strong>bibere</strong></span> <span class='ocrx_word' id='word_1_469' title='bbox 1633 4131 1693 4212; x_wconf 89' lang='lat'><strong>(5).</strong></span> <span class='ocrx_word' id='word_1_470' title='bbox 1715 4133 1815 4195; x_wconf 90' lang='lat' dir='ltr'><strong>Bonis</strong></span> <span class='ocrx_word' id='word_1_471' title='bbox 1839 4150 1920 4196; x_wconf 81' lang='lat' dir='ltr'><strong>vero</strong></span> <span class='ocrx_word' id='word_1_472' title='bbox 1936 4151 1955 4196; x_wconf 92' lang='grc' dir='ltr'>θ</span> 
     </span>
     <span class='ocr_line' id='line_1_42' title="bbox 307 4225 1954 4303; baseline 0 -11"><span class='ocrx_word' id='word_1_473' title='bbox 307 4227 373 4292; x_wconf 89' lang='lat' dir='ltr'><strong>tur.</strong></span> <span class='ocrx_word' id='word_1_474' title='bbox 389 4225 545 4303; x_wconf 85' lang='lat' dir='ltr'><strong>Sequitur</strong></span> <span class='ocrx_word' id='word_1_475' title='bbox 559 4246 567 4285; x_wconf 73' lang='grc' dir='ltr'>ε</span> <span class='ocrx_word' id='word_1_476' title='bbox 582 4226 628 4286; x_wconf 78' lang='lat' dir='ltr'><strong>Et</strong></span> <span class='ocrx_word' id='word_1_477' title='bbox 642 4225 790 4302; x_wconf 67' lang='lat' dir='ltr'><strong>pronam</strong></span> <span class='ocrx_word' id='word_1_478' title='bbox 810 4239 926 4286; x_wconf 85' lang='lat' dir='ltr'><strong>meam</strong></span> <span class='ocrx_word' id='word_1_479' title='bbox 939 4229 977 4285; x_wconf 83' lang='lat' dir='ltr'><strong>in</strong></span> <span class='ocrx_word' id='word_1_480' title='bbox 985 4229 1107 4300; x_wconf 75' lang='lat' dir='ltr'><strong>pedre-</strong></span> <span class='ocrx_word' id='word_1_481' title='bbox 1160 4228 1351 4292; x_wconf 88' lang='lat' dir='ltr'><strong>contrario:</strong></span> <span class='ocrx_word' id='word_1_482' title='bbox 1373 4232 1528 4302; x_wconf 74' lang='lat' dir='ltr'><strong>dsurtot,</strong></span> <span class='ocrx_word' id='word_1_483' title='bbox 1544 4230 1578 4291; x_wconf 86' lang='lat' dir='ltr'><strong>et</strong></span> <span class='ocrx_word' id='word_1_484' title='bbox 1591 4232 1735 4291; x_wconf 75' lang='lat' dir='ltr'><strong>dedistis</strong></span> <span class='ocrx_word' id='word_1_485' title='bbox 1746 4235 1832 4294; x_wconf 78' lang='lat' dir='ltr'><strong>mitt</strong></span> <span class='ocrx_word' id='word_1_486' title='bbox 1847 4247 1954 4293; x_wconf 82' lang='lat' dir='ltr'><strong>men-</strong></span> 
     </span>
     <span class='ocr_line' id='line_1_43' title="bbox 307 4320 1953 4400; baseline -0.001 -11"><span class='ocrx_word' id='word_1_487' title='bbox 307 4339 385 4389; x_wconf 85' lang='lat' dir='ltr'><strong>rem</strong></span> <span class='ocrx_word' id='word_1_488' title='bbox 407 4323 562 4386; x_wconf 85' lang='lat' dir='ltr'><strong>deducet.</strong></span> <span class='ocrx_word' id='word_1_489' title='bbox 578 4322 674 4384; x_wconf 88' lang='lat' dir='ltr'><strong>Unde</strong></span> <span class='ocrx_word' id='word_1_490' title='bbox 699 4321 807 4397; x_wconf 87' lang='lat' dir='ltr'><strong>primo</strong></span> <span class='ocrx_word' id='word_1_491' title='bbox 834 4320 1105 4384; x_wconf 82' lang='lat' dir='ltr'><strong>Macbabaeorum</strong></span> <span class='ocrx_word' id='word_1_492' title='bbox 1159 4328 1287 4388; x_wconf 76' lang='lat' dir='ltr'><strong>discere</strong></span> <span class='ocrx_word' id='word_1_493' title='bbox 1310 4325 1373 4387; x_wconf 88' lang='lat' dir='ltr'><strong>etc.</strong></span> <span class='ocrx_word' id='word_1_494' title='bbox 1398 4326 1438 4387; x_wconf 84' lang='lat' dir='ltr'><strong>Et</strong></span> <span class='ocrx_word' id='word_1_495' title='bbox 1458 4327 1538 4388; x_wconf 89' lang='lat' dir='ltr'><strong>tunc</strong></span> <span class='ocrx_word' id='word_1_496' title='bbox 1561 4325 1618 4389; x_wconf 88' lang='lat' dir='ltr'><strong>tiet</strong></span> <span class='ocrx_word' id='word_1_497' title='bbox 1639 4327 1769 4400; x_wconf 88' lang='lat' dir='ltr'><strong>scissio,</strong></span> <span class='ocrx_word' id='word_1_498' title='bbox 1786 4330 1820 4390; x_wconf 91' lang='lat' dir='ltr'><strong>et</strong></span> <span class='ocrx_word' id='word_1_499' title='bbox 1831 4327 1953 4388; x_wconf 85' lang='lat' dir='ltr'><strong>divisio</strong></span> 
     </span>
     <span class='ocr_line' id='line_1_44' title="bbox 308 4418 1951 4504; baseline 0 -19"><span class='ocrx_word' id='word_1_500' title='bbox 308 4422 354 4504; x_wconf 88' lang='grc'><strong>(2,</strong></span> <span class='ocrx_word' id='word_1_501' title='bbox 368 4424 409 4484; x_wconf 80' lang='grc'><strong>62</strong></span> <span class='ocrx_word' id='word_1_502' title='bbox 432 4421 466 4484; x_wconf 93' lang='lat' dir='ltr'><strong>et</strong></span> <span class='ocrx_word' id='word_1_503' title='bbox 490 4419 543 4500; x_wconf 84' lang='lat'><strong>63)</strong></span> <span class='ocrx_word' id='word_1_504' title='bbox 559 4436 567 4481; x_wconf 75' lang='grc' dir='ltr'>ε</span> <span class='ocrx_word' id='word_1_505' title='bbox 583 4435 602 4480; x_wconf 75' lang='lat' dir='ltr'><strong>s</strong></span> <span class='ocrx_word' id='word_1_506' title='bbox 618 4419 732 4480; x_wconf 75' lang='lat' dir='ltr'><strong>(iluna</strong></span> <span class='ocrx_word' id='word_1_507' title='bbox 756 4419 941 4496; x_wconf 88' lang='lat' dir='ltr'><strong>peccatoris</strong></span> <span class='ocrx_word' id='word_1_508' title='bbox 963 4418 1103 4493; x_wconf 88' lang='lat' dir='ltr'><strong>stercus,</strong></span> <span class='ocrx_word' id='word_1_509' title='bbox 1158 4422 1248 4486; x_wconf 91' lang='lat' dir='ltr'><strong>inter</strong></span> <span class='ocrx_word' id='word_1_510' title='bbox 1266 4437 1334 4485; x_wconf 91' lang='lat' dir='ltr'><strong>eos.</strong></span> <span class='ocrx_word' id='word_1_511' title='bbox 1359 4423 1506 4484; x_wconf 84' lang='lat' dir='ltr'><strong>Tandem</strong></span> <span class='ocrx_word' id='word_1_512' title='bbox 1520 4421 1685 4486; x_wconf 78' lang='lat' dir='ltr'><strong>inferetur</strong></span> <span class='ocrx_word' id='word_1_513' title='bbox 1695 4425 1857 4488; x_wconf 79' lang='lat' dir='ltr'><strong>contritio</strong></span> <span class='ocrx_word' id='word_1_514' title='bbox 1871 4441 1951 4485; x_wconf 83' lang='lat' dir='ltr'><strong>mu-</strong></span> 
     </span>
     <span class='ocr_line' id='line_1_45' title="bbox 307 4515 1950 4595; baseline -0.002 -10"><span class='ocrx_word' id='word_1_515' title='bbox 307 4524 341 4585; x_wconf 88' lang='lat' dir='ltr'><strong>et</strong></span> <span class='ocrx_word' id='word_1_516' title='bbox 354 4521 480 4586; x_wconf 82' lang='lat' dir='ltr'><strong>vermis</strong></span> <span class='ocrx_word' id='word_1_517' title='bbox 492 4519 543 4581; x_wconf 91' lang='lat' dir='ltr'><strong>est</strong></span> <span class='ocrx_word' id='word_1_518' title='bbox 557 4533 564 4579; x_wconf 86' lang='grc' dir='ltr'><strong>ι</strong></span> <span class='ocrx_word' id='word_1_519' title='bbox 579 4516 678 4578; x_wconf 91' lang='lat' dir='ltr'><strong>bodie</strong></span> <span class='ocrx_word' id='word_1_520' title='bbox 693 4515 876 4589; x_wconf 83' lang='lat' dir='ltr'><strong>extollitur,</strong></span> <span class='ocrx_word' id='word_1_521' title='bbox 893 4519 927 4578; x_wconf 92' lang='lat' dir='ltr'><strong>et</strong></span> <span class='ocrx_word' id='word_1_522' title='bbox 941 4533 1017 4578; x_wconf 87' lang='lat' dir='ltr'><strong>cras</strong></span> <span class='ocrx_word' id='word_1_523' title='bbox 1037 4531 1104 4578; x_wconf 92' lang='lat' dir='ltr'><strong>nou</strong></span> <span class='ocrx_word' id='word_1_524' title='bbox 1157 4533 1258 4595; x_wconf 77' lang='lat' dir='ltr'><strong>proc</strong></span> <span class='ocrx_word' id='word_1_525' title='bbox 1270 4521 1416 4592; x_wconf 82' lang='lat' dir='ltr'><strong>collibus,</strong></span> <span class='ocrx_word' id='word_1_526' title='bbox 1432 4534 1508 4582; x_wconf 88' lang='lat' dir='ltr'><strong>cum</strong></span> <span class='ocrx_word' id='word_1_527' title='bbox 1526 4518 1656 4582; x_wconf 90' lang='lat' dir='ltr'><strong>dicetur</strong></span> <span class='ocrx_word' id='word_1_528' title='bbox 1671 4535 1679 4582; x_wconf 91' lang='lat'><strong>:</strong></span> <span class='ocrx_word' id='word_1_529' title='bbox 1693 4522 1748 4583; x_wconf 82' lang='lat' dir='ltr'><strong>lte</strong></span> <span class='ocrx_word' id='word_1_530' title='bbox 1766 4521 1950 4594; x_wconf 75' lang='lat' dir='ltr'><strong>maledieti,</strong></span> 
     </span>
     <span class='ocr_line' id='line_1_46' title="bbox 308 4615 1519 4694; baseline -0.002 -14"><span class='ocrx_word' id='word_1_531' title='bbox 308 4618 520 4684; x_wconf 78' lang='lat' dir='ltr'><strong>invenietur:</strong></span> <span class='ocrx_word' id='word_1_532' title='bbox 537 4617 616 4694; x_wconf 80' lang='lat' dir='ltr'><strong>qnia</strong></span> <span class='ocrx_word' id='word_1_533' title='bbox 644 4628 825 4677; x_wconf 81' lang='lat' dir='ltr'><strong>censemus</strong></span> <span class='ocrx_word' id='word_1_534' title='bbox 846 4615 899 4678; x_wconf 84' lang='lat' dir='ltr'><strong>est</strong></span> <span class='ocrx_word' id='word_1_535' title='bbox 918 4615 955 4676; x_wconf 91' lang='lat' dir='ltr'><strong>in</strong></span> <span class='ocrx_word' id='word_1_536' title='bbox 979 4616 1104 4679; x_wconf 88' lang='lat' dir='ltr'><strong>terram</strong></span> <span class='ocrx_word' id='word_1_537' title='bbox 1157 4619 1195 4678; x_wconf 80' lang='lat' dir='ltr'><strong>te</strong></span> <span class='ocrx_word' id='word_1_538' title='bbox 1208 4619 1324 4693; x_wconf 78' lang='lat' dir='ltr'><strong>torem</strong></span> <span class='ocrx_word' id='word_1_539' title='bbox 1338 4618 1519 4679; x_wconf 76' lang='lat' dir='ltr'><strong>eternum.</strong></span> 
     </span>
    </p>

    <p class='ocr_par' dir='ltr' id='par_1_7' title="bbox 306 4711 1947 4792">
     <span class='ocr_line' id='line_1_47' title="bbox 306 4711 1947 4792; baseline -0.003 -13"><span class='ocrx_word' id='word_1_540' title='bbox 306 4731 414 4790; x_wconf 91' lang='lat' dir='ltr'><strong>suam,</strong></span> <span class='ocrx_word' id='word_1_541' title='bbox 430 4719 464 4780; x_wconf 93' lang='lat' dir='ltr'><strong>et</strong></span> <span class='ocrx_word' id='word_1_542' title='bbox 475 4714 632 4792; x_wconf 87' lang='lat' dir='ltr'><strong>cogitatio</strong></span> <span class='ocrx_word' id='word_1_543' title='bbox 643 4715 714 4790; x_wconf 80' lang='lat' dir='ltr'><strong>ejus</strong></span> <span class='ocrx_word' id='word_1_544' title='bbox 730 4711 841 4790; x_wconf 85' lang='lat' dir='ltr'><strong>periit.</strong></span> <span class='ocrx_word' id='word_1_545' title='bbox 857 4728 877 4772; x_wconf 68' lang='lat' dir='ltr'><strong>a</strong></span> <span class='ocrx_word' id='word_1_546' title='bbox 1198 4718 1327 4776; x_wconf 82' lang='lat' dir='ltr'><strong>Arcum</strong></span> <span class='ocrx_word' id='word_1_547' title='bbox 1350 4728 1452 4774; x_wconf 78' lang='lat' dir='ltr'><strong>serem</strong></span> <span class='ocrx_word' id='word_1_548' title='bbox 1466 4713 1619 4786; x_wconf 79' lang='lat' dir='ltr'><strong>tetendit,</strong></span> <span class='ocrx_word' id='word_1_549' title='bbox 1641 4714 1674 4775; x_wconf 84' lang='lat' dir='ltr'><strong>et</strong></span> <span class='ocrx_word' id='word_1_550' title='bbox 1685 4716 1828 4789; x_wconf 82' lang='lat' dir='ltr'><strong>paravit</strong></span> <span class='ocrx_word' id='word_1_551' title='bbox 1843 4719 1947 4778; x_wconf 72' lang='lat' dir='ltr'><strong>mum.</strong></span> 
     </span>
    </p>
   </div>
   <div class='ocr_carea' id='block_1_3' title="bbox 304 4867 1949 5490">
    <p class='ocr_par' dir='ltr' id='par_1_8' title="bbox 304 4867 1949 5490">
     <span class='ocr_line' id='line_1_48' title="bbox 341 4867 1947 4948; baseline 0 -19"><span class='ocrx_word' id='word_1_552' title='bbox 341 4873 382 4948; x_wconf 87' lang='lat' dir='ltr'><strong>(i)</strong></span> <span class='ocrx_word' id='word_1_553' title='bbox 395 4875 477 4944; x_wconf 65' lang='grc' dir='ltr'>(αἱ).</span> <span class='ocrx_word' id='word_1_554' title='bbox 503 4874 564 4931; x_wconf 87' lang='grc' dir='ltr'><strong>Νθθ</strong></span> <span class='ocrx_word' id='word_1_555' title='bbox 582 4879 626 4930; x_wconf 85' lang='lat' dir='ltr'><strong>est</strong></span> <span class='ocrx_word' id='word_1_556' title='bbox 650 4885 710 4941; x_wconf 84' lang='lat' dir='ltr'><strong>rex,</strong></span> <span class='ocrx_word' id='word_1_557' title='bbox 723 4869 772 4942; x_wconf 85' lang='lat' dir='ltr'><strong>qui</strong></span> <span class='ocrx_word' id='word_1_558' title='bbox 791 4867 906 4929; x_wconf 86' lang='lat' dir='ltr'><strong>resistat</strong></span> <span class='ocrx_word' id='word_1_559' title='bbox 927 4869 964 4926; x_wconf 90' lang='lat' dir='ltr'><strong>ei.</strong></span> <span class='ocrx_word' id='word_1_560' title='bbox 981 4869 1027 4940; x_wconf 85' lang='lat' dir='ltr'><strong>Et,</strong></span> <span class='ocrx_word' id='word_1_561' title='bbox 1054 4869 1103 4942; x_wconf 86' lang='lat' dir='ltr'><strong>qui</strong></span> <span class='ocrx_word' id='word_1_562' title='bbox 1157 4869 1312 4944; x_wconf 84' lang='lat' dir='ltr'><strong>paucisque</strong></span> <span class='ocrx_word' id='word_1_563' title='bbox 1331 4867 1495 4944; x_wconf 84' lang='lat' dir='ltr'><strong>interjectis,</strong></span> <span class='ocrx_word' id='word_1_564' title='bbox 1512 4867 1588 4926; x_wconf 89' lang='lat' dir='ltr'><strong>addit</strong></span> <span class='ocrx_word' id='word_1_565' title='bbox 1603 4885 1611 4926; x_wconf 91' lang='lat'><strong>:</strong></span> <span class='ocrx_word' id='word_1_566' title='bbox 1626 4869 1732 4942; x_wconf 88' lang='lat' dir='ltr'><strong>Utipsa</strong></span> <span class='ocrx_word' id='word_1_567' title='bbox 1745 4868 1809 4927; x_wconf 84' lang='lat' dir='ltr'><strong>baec</strong></span> <span class='ocrx_word' id='word_1_568' title='bbox 1826 4869 1947 4929; x_wconf 85' lang='lat' dir='ltr'><strong>erudeli·</strong></span> 
     </span>
     <span class='ocr_line' id='line_1_49' title="bbox 304 4933 1947 5066; baseline -0.001 -66"><span class='ocrx_word' id='word_1_569' title='bbox 304 4944 410 5002; x_wconf 85' lang='lat' dir='ltr'><strong>stultus</strong></span> <span class='ocrx_word' id='word_1_570' title='bbox 424 4945 563 5016; x_wconf 84' lang='lat' dir='ltr'><strong>apparuit.</strong></span> <span class='ocrx_word' id='word_1_571' title='bbox 1157 4946 1201 4998; x_wconf 90' lang='lat' dir='ltr'><strong>tas</strong></span> <span class='ocrx_word' id='word_1_572' title='bbox 1220 4947 1304 5012; x_wconf 81' lang='lat' dir='ltr'><strong>atque</strong></span> <span class='ocrx_word' id='word_1_573' title='bbox 1325 4935 1496 5022; x_wconf 64' lang='lat' dir='ltr'><strong>immutatio,</strong></span> <span class='ocrx_word' id='word_1_574' title='bbox 1517 4953 1573 4996; x_wconf 88' lang='lat' dir='ltr'><strong>non</strong></span> <span class='ocrx_word' id='word_1_575' title='bbox 1589 4940 1626 4996; x_wconf 88' lang='lat' dir='ltr'><strong>sit</strong></span> <span class='ocrx_word' id='word_1_576' title='bbox 1643 4939 1672 4996; x_wconf 94' lang='lat' dir='ltr'><strong>in</strong></span> <span class='ocrx_word' id='word_1_577' title='bbox 1687 4933 1823 5066; x_wconf 46' lang='lat' dir='ltr'><strong>{uilitate</strong></span> <span class='ocrx_word' id='word_1_578' title='bbox 1835 4941 1947 5014; x_wconf 87' lang='lat' dir='ltr'><strong>judicis,</strong></span> 
     </span>
     <span class='ocr_line' id='line_1_50' title="bbox 342 5009 1949 5086; baseline -0.001 -16"><span class='ocrx_word' id='word_1_579' title='bbox 342 5015 384 5082; x_wconf 76' lang='grc'><strong>(2)</strong></span> <span class='ocrx_word' id='word_1_580' title='bbox 401 5015 482 5083; x_wconf 81' lang='lat' dir='ltr'><strong>Vutp.</strong></span> <span class='ocrx_word' id='word_1_581' title='bbox 500 5029 506 5069; x_wconf 92' lang='lat'>:</span> <span class='ocrx_word' id='word_1_582' title='bbox 524 5009 783 5086; x_wconf 87' lang='lat' dir='ltr'><strong>apprehenderunt.</strong></span> <span class='ocrx_word' id='word_1_583' title='bbox 1157 5009 1250 5068; x_wconf 89' lang='lat' dir='ltr'><strong>sedin</strong></span> <span class='ocrx_word' id='word_1_584' title='bbox 1266 5017 1362 5067; x_wconf 85' lang='lat' dir='ltr'><strong>mente</strong></span> <span class='ocrx_word' id='word_1_585' title='bbox 1381 5011 1523 5082; x_wconf 83' lang='lat' dir='ltr'><strong>patientis.</strong></span> <span class='ocrx_word' id='word_1_586' title='bbox 1541 5009 1622 5078; x_wconf 79' lang='lat' dir='ltr'><strong>ssncd</strong></span> <span class='ocrx_word' id='word_1_587' title='bbox 1640 5024 1690 5066; x_wconf 87' lang='lat' dir='ltr'><strong>ver</strong></span> <span class='ocrx_word' id='word_1_588' title='bbox 1710 5025 1736 5068; x_wconf 84' lang='lat' dir='ltr'><strong>is</strong></span> <span class='ocrx_word' id='word_1_589' title='bbox 1754 5025 1810 5083; x_wconf 84' lang='lat' dir='ltr'><strong>que</strong></span> <span class='ocrx_word' id='word_1_590' title='bbox 1830 5025 1868 5068; x_wconf 88' lang='lat' dir='ltr'><strong>ue</strong></span> <span class='ocrx_word' id='word_1_591' title='bbox 1886 5013 1949 5070; x_wconf 88' lang='lat' dir='ltr'><strong>aliis</strong></span> 
     </span>
     <span class='ocr_line' id='line_1_51' title="bbox 342 5027 1949 5162; baseline -0.001 -21"><span class='ocrx_word' id='word_1_592' title='bbox 342 5085 382 5154; x_wconf 82' lang='grc'><strong>(3)</strong></span> <span class='ocrx_word' id='word_1_593' title='bbox 390 5085 484 5140; x_wconf 81' lang='lat' dir='ltr'><strong>Faciet</strong></span> <span class='ocrx_word' id='word_1_594' title='bbox 499 5085 614 5148; x_wconf 78' lang='lat' dir='ltr'><strong>durum,</strong></span> <span class='ocrx_word' id='word_1_595' title='bbox 629 5086 655 5140; x_wconf 86' lang='lat' dir='ltr'><strong>et</strong></span> <span class='ocrx_word' id='word_1_596' title='bbox 675 5083 825 5162; x_wconf 33' lang='lat' dir='ltr'><strong>medates..</strong></span> <span class='ocrx_word' id='word_1_597' title='bbox 846 5080 893 5139; x_wconf 90' lang='lat' dir='ltr'><strong>Sic</strong></span> <span class='ocrx_word' id='word_1_598' title='bbox 907 5079 960 5137; x_wconf 85' lang='lat' dir='ltr'><strong>lob</strong></span> <span class='ocrx_word' id='word_1_599' title='bbox 974 5093 1038 5153; x_wconf 87' lang='lat' dir='ltr'><strong>cap.</strong></span> <span class='ocrx_word' id='word_1_600' title='bbox 1054 5080 1101 5152; x_wconf 84' lang='lat'><strong>30,</strong></span> <span class='ocrx_word' id='word_1_601' title='bbox 1157 5079 1430 5160; x_wconf 70' lang='lat' dir='ltr'><strong>retexltdicenszllt</strong></span> <span class='ocrx_word' id='word_1_602' title='bbox 1445 5081 1473 5138; x_wconf 91' lang='lat' dir='ltr'><strong>in</strong></span> <span class='ocrx_word' id='word_1_603' title='bbox 1488 5081 1589 5138; x_wconf 85' lang='lat' dir='ltr'><strong>duritie</strong></span> <span class='ocrx_word' id='word_1_604' title='bbox 1606 5093 1709 5137; x_wconf 89' lang='lat' dir='ltr'><strong>manus</strong></span> <span class='ocrx_word' id='word_1_605' title='bbox 1723 5089 1779 5162; x_wconf 77' lang='lat' dir='ltr'><strong>tue</strong></span> <span class='ocrx_word' id='word_1_606' title='bbox 1789 5027 1949 5140; x_wconf 50' lang='lat' dir='ltr'><strong>adversaris</strong></span> 
     </span>
     <span class='ocr_line' id='line_1_52' title="bbox 305 5146 1945 5222; baseline -0.001 -10"><span class='ocrx_word' id='word_1_607' title='bbox 305 5169 380 5212; x_wconf 81' lang='lat' dir='ltr'><strong>vers.</strong></span> <span class='ocrx_word' id='word_1_608' title='bbox 392 5155 437 5222; x_wconf 76' lang='lat' dir='ltr'><strong>tl,</strong></span> <span class='ocrx_word' id='word_1_609' title='bbox 454 5154 511 5210; x_wconf 89' lang='lat' dir='ltr'><strong>ait:</strong></span> <span class='ocrx_word' id='word_1_610' title='bbox 528 5153 655 5211; x_wconf 70' lang='lat' dir='ltr'><strong>umatus</strong></span> <span class='ocrx_word' id='word_1_611' title='bbox 672 5167 701 5209; x_wconf 82' lang='lat' dir='ltr'><strong>es</strong></span> <span class='ocrx_word' id='word_1_612' title='bbox 724 5146 796 5208; x_wconf 74' lang='lat' dir='ltr'><strong>mitt</strong></span> <span class='ocrx_word' id='word_1_613' title='bbox 810 5167 843 5207; x_wconf 82' lang='lat' dir='ltr'><strong>m</strong></span> <span class='ocrx_word' id='word_1_614' title='bbox 863 5149 1012 5218; x_wconf 86' lang='lat' dir='ltr'><strong>crudelem,</strong></span> <span class='ocrx_word' id='word_1_615' title='bbox 1028 5155 1054 5207; x_wconf 85' lang='lat' dir='ltr'><strong>et</strong></span> <span class='ocrx_word' id='word_1_616' title='bbox 1071 5152 1103 5208; x_wconf 81' lang='lat' dir='ltr'><strong>ir</strong></span> <span class='ocrx_word' id='word_1_617' title='bbox 1156 5151 1237 5208; x_wconf 85' lang='lat' dir='ltr'><strong>mihi.</strong></span> <span class='ocrx_word' id='word_1_618' title='bbox 1260 5151 1361 5209; x_wconf 79' lang='lat' dir='ltr'><strong>Manus</strong></span> <span class='ocrx_word' id='word_1_619' title='bbox 1383 5152 1488 5209; x_wconf 89' lang='lat' dir='ltr'><strong>etenim</strong></span> <span class='ocrx_word' id='word_1_620' title='bbox 1510 5151 1561 5208; x_wconf 82' lang='lat' dir='ltr'><strong>Dei</strong></span> <span class='ocrx_word' id='word_1_621' title='bbox 1578 5149 1648 5208; x_wconf 88' lang='lat' dir='ltr'><strong>dura</strong></span> <span class='ocrx_word' id='word_1_622' title='bbox 1667 5151 1801 5220; x_wconf 85' lang='lat' dir='ltr'><strong>creditur,</strong></span> <span class='ocrx_word' id='word_1_623' title='bbox 1816 5167 1881 5209; x_wconf 93' lang='lat' dir='ltr'><strong>cum</strong></span> <span class='ocrx_word' id='word_1_624' title='bbox 1897 5169 1945 5210; x_wconf 82' lang='lat' dir='ltr'><strong>ro-</strong></span> 
     </span>
     <span class='ocr_line' id='line_1_53' title="bbox 304 5220 1945 5294; baseline -0.002 -11"><span class='ocrx_word' id='word_1_625' title='bbox 304 5226 415 5283; x_wconf 83' lang='lat' dir='ltr'><strong>duritiu</strong></span> <span class='ocrx_word' id='word_1_626' title='bbox 436 5239 538 5280; x_wconf 73' lang='lat' dir='ltr'><strong>mcum</strong></span> <span class='ocrx_word' id='word_1_627' title='bbox 559 5227 613 5279; x_wconf 82' lang='lat' dir='ltr'><strong>tue</strong></span> <span class='ocrx_word' id='word_1_628' title='bbox 622 5223 784 5280; x_wconf 66' lang='lat' dir='ltr'><strong>Moersarts</strong></span> <span class='ocrx_word' id='word_1_629' title='bbox 805 5221 886 5279; x_wconf 82' lang='lat' dir='ltr'><strong>miti.</strong></span> <span class='ocrx_word' id='word_1_630' title='bbox 902 5221 991 5289; x_wconf 83' lang='lat' dir='ltr'><strong>Quem</strong></span> <span class='ocrx_word' id='word_1_631' title='bbox 1007 5220 1102 5278; x_wconf 90' lang='lat' dir='ltr'><strong>iocum</strong></span> <span class='ocrx_word' id='word_1_632' title='bbox 1158 5222 1258 5280; x_wconf 83' lang='lat' dir='ltr'><strong>lentati</strong></span> <span class='ocrx_word' id='word_1_633' title='bbox 1271 5229 1374 5278; x_wconf 79' lang='lat' dir='ltr'><strong>nostre</strong></span> <span class='ocrx_word' id='word_1_634' title='bbox 1386 5222 1538 5291; x_wconf 85' lang='lat' dir='ltr'><strong>contraria,</strong></span> <span class='ocrx_word' id='word_1_635' title='bbox 1554 5220 1735 5294; x_wconf 86' lang='lat' dir='ltr'><strong>hocquodei</strong></span> <span class='ocrx_word' id='word_1_636' title='bbox 1750 5222 1779 5278; x_wconf 90' lang='lat' dir='ltr'><strong>iu</strong></span> <span class='ocrx_word' id='word_1_637' title='bbox 1794 5222 1945 5280; x_wconf 90' lang='lat' dir='ltr'><strong>nobisdis·</strong></span> 
     </span>
     <span class='ocr_line' id='line_1_54' title="bbox 305 5289 1945 5374; baseline -0.002 -19"><span class='ocrx_word' id='word_1_638' title='bbox 305 5299 333 5354; x_wconf 90' lang='lat' dir='ltr'><strong>S.</strong></span> <span class='ocrx_word' id='word_1_639' title='bbox 358 5295 513 5368; x_wconf 82' lang='lat' dir='ltr'><strong>Gregorius</strong></span> <span class='ocrx_word' id='word_1_640' title='bbox 537 5292 586 5350; x_wconf 87' lang='lat' dir='ltr'><strong>lib.</strong></span> <span class='ocrx_word' id='word_1_641' title='bbox 606 5292 650 5360; x_wconf 76' lang='grc'><strong>20,</strong></span> <span class='ocrx_word' id='word_1_642' title='bbox 672 5293 771 5350; x_wconf 83' lang='lat' dir='ltr'><strong>ldorel:</strong></span> <span class='ocrx_word' id='word_1_643' title='bbox 789 5299 859 5349; x_wconf 90' lang='lat' dir='ltr'><strong>tom.</strong></span> <span class='ocrx_word' id='word_1_644' title='bbox 880 5293 902 5359; x_wconf 87' lang='lat' dir='ltr'><strong>i,</strong></span> <span class='ocrx_word' id='word_1_645' title='bbox 922 5289 988 5348; x_wconf 90' lang='lat' dir='ltr'><strong>edit.</strong></span> <span class='ocrx_word' id='word_1_646' title='bbox 1010 5291 1100 5348; x_wconf 87' lang='lat' dir='ltr'><strong>biaur.</strong></span> <span class='ocrx_word' id='word_1_647' title='bbox 1156 5293 1228 5364; x_wconf 90' lang='lat' dir='ltr'><strong>plice</strong></span> <span class='ocrx_word' id='word_1_648' title='bbox 1266 5289 1393 5348; x_wconf 80' lang='lat' dir='ltr'><strong>feriendo</strong></span> <span class='ocrx_word' id='word_1_649' title='bbox 1408 5292 1603 5374; x_wconf 81' lang='lat' dir='ltr'><strong>persequitur3</strong></span> <span class='ocrx_word' id='word_1_650' title='bbox 1616 5289 1945 5365; x_wconf 86' lang='lat' dir='ltr'><strong>ettlegeilaingeminat,</strong></span> 
     </span>
     <span class='ocr_line' id='line_1_55' title="bbox 304 5361 1813 5490; baseline -0.005 -64"><span class='ocrx_word' id='word_1_651' title='bbox 304 5367 412 5434; x_wconf 83' lang='lat' dir='ltr'><strong>Paris,</strong></span> <span class='ocrx_word' id='word_1_652' title='bbox 437 5364 492 5421; x_wconf 93' lang='lat' dir='ltr'><strong>coi.</strong></span> <span class='ocrx_word' id='word_1_653' title='bbox 519 5363 584 5430; x_wconf 81' lang='lat' dir='ltr'><strong>eol,</strong></span> <span class='ocrx_word' id='word_1_654' title='bbox 612 5375 690 5418; x_wconf 90' lang='lat' dir='ltr'><strong>uum.</strong></span> <span class='ocrx_word' id='word_1_655' title='bbox 716 5362 752 5420; x_wconf 80' lang='lat' dir='ltr'><strong>di</strong></span> <span class='ocrx_word' id='word_1_656' title='bbox 805 5363 844 5420; x_wconf 88' lang='lat' dir='ltr'><strong>ita</strong></span> <span class='ocrx_word' id='word_1_657' title='bbox 872 5363 1099 5434; x_wconf 84' lang='lat' dir='ltr'><strong>interpretatur:</strong></span> <span class='ocrx_word' id='word_1_658' title='bbox 1155 5377 1219 5420; x_wconf 90' lang='lat' dir='ltr'><strong>cum</strong></span> <span class='ocrx_word' id='word_1_659' title='bbox 1251 5361 1353 5418; x_wconf 87' lang='lat' dir='ltr'><strong>olentis</strong></span> <span class='ocrx_word' id='word_1_660' title='bbox 1368 5376 1462 5420; x_wconf 83' lang='lat' dir='ltr'><strong>anima</strong></span> <span class='ocrx_word' id='word_1_661' title='bbox 1477 5361 1658 5420; x_wconf 86' lang='lat' dir='ltr'><strong>clementiam</strong></span> <span class='ocrx_word' id='word_1_662' title='bbox 1673 5370 1813 5490; x_wconf 54' lang='lat' dir='ltr'><strong>exssffl&#39;</strong></span> 
     </span>
    </p>
   </div>
   <div class='ocr_carea' id='block_1_4' title="bbox 304 5405 1704 5559">
    <p class='ocr_par' dir='ltr' id='par_1_9' title="bbox 304 5405 1704 5559">
     <span class='ocr_line' id='line_1_56' title="bbox 304 5405 1704 5559; baseline -0.004 -65"><span class='ocrx_word' id='word_1_663' title='bbox 304 5440 357 5507; x_wconf 88' lang='lat' dir='ltr'><strong>Qui</strong></span> <span class='ocrx_word' id='word_1_664' title='bbox 379 5436 408 5492; x_wconf 90' lang='lat' dir='ltr'><strong>iu</strong></span> <span class='ocrx_word' id='word_1_665' title='bbox 418 5436 510 5507; x_wconf 88' lang='lat' dir='ltr'><strong>teipso</strong></span> <span class='ocrx_word' id='word_1_666' title='bbox 529 5433 703 5490; x_wconf 86' lang='lat' dir='ltr'><strong>crudelitatis</strong></span> <span class='ocrx_word' id='word_1_667' title='bbox 724 5405 794 5490; x_wconf 72' lang='lat' dir='ltr'><strong>nibil</strong></span> <span class='ocrx_word' id='word_1_668' title='bbox 816 5431 917 5559; x_wconf 58' lang='lat' dir='ltr'><strong>babesi</strong></span> <span class='ocrx_word' id='word_1_669' title='bbox 931 5430 1100 5504; x_wconf 83' lang='lat' dir='ltr'><strong>mihiquem</strong></span> <span class='ocrx_word' id='word_1_670' title='bbox 1192 5433 1221 5506; x_wconf 83' lang='lat' dir='ltr'><strong>(l</strong></span> <span class='ocrx_word' id='word_1_671' title='bbox 1250 5434 1332 5502; x_wconf 81' lang='lat' dir='ltr'><strong>Vutg.</strong></span> <span class='ocrx_word' id='word_1_672' title='bbox 1344 5433 1406 5490; x_wconf 87' lang='lat' dir='ltr'><strong>Vox</strong></span> <span class='ocrx_word' id='word_1_673' title='bbox 1420 5433 1579 5489; x_wconf 89' lang='lat' dir='ltr'><strong>clamorisa</strong></span> <span class='ocrx_word' id='word_1_674' title='bbox 1595 5439 1704 5503; x_wconf 83' lang='lat' dir='ltr'><strong>pornp</strong></span> 
     </span>
    </p>
   </div>
   <div class='ocr_carea' id='block_1_5' title="bbox 305 5502 1494 5584">
    <p class='ocr_par' dir='ltr' id='par_1_10' title="bbox 305 5502 1494 5584">
     <span class='ocr_line' id='line_1_57' title="bbox 305 5502 1494 5584; baseline -0.006 -20"><span class='ocrx_word' id='word_1_675' title='bbox 305 5507 475 5584; x_wconf 82' lang='lat' dir='ltr'><strong>respirasse</strong></span> <span class='ocrx_word' id='word_1_676' title='bbox 493 5503 831 5577; x_wconf 86' lang='lat' dir='ltr'><strong>percussionenonsinis,</strong></span> <span class='ocrx_word' id='word_1_677' title='bbox 847 5519 896 5560; x_wconf 85' lang='lat' dir='ltr'><strong>cru</strong></span> <span class='ocrx_word' id='word_1_678' title='bbox 918 5502 1100 5574; x_wconf 84' lang='lat' dir='ltr'><strong>eiisvlderis3</strong></span> <span class='ocrx_word' id='word_1_679' title='bbox 1160 5543 1162 5548; x_wconf 85' lang='lat'>-</span> <span class='ocrx_word' id='word_1_680' title='bbox 1192 5505 1221 5573; x_wconf 82' lang='grc'><strong>(5</strong></span> <span class='ocrx_word' id='word_1_681' title='bbox 1249 5503 1346 5559; x_wconf 80' lang='lat' dir='ltr'><strong>Mattb.</strong></span> <span class='ocrx_word' id='word_1_682' title='bbox 1363 5503 1408 5571; x_wconf 79' lang='lat'><strong>25,</strong></span> <span class='ocrx_word' id='word_1_683' title='bbox 1424 5503 1467 5558; x_wconf 72' lang='lat' dir='ltr'><strong>tt.</strong></span> <span class='ocrx_word' id='word_1_684' title='bbox 1491 5540 1494 5548; x_wconf 83' lang='grc'>.</span> 
     </span>
    </p>
   </div>
   <div class='ocr_carea' id='block_1_6' title="bbox 0 0 2096 6409">
    <p class='ocr_par' dir='ltr' id='par_1_11' title="bbox 0 0 2096 6409">
     <span class='ocr_line' id='line_1_58' title="bbox 0 0 2096 6409; baseline 0 0"><span class='ocrx_word' id='word_1_685' title='bbox 0 0 2096 6409; x_wconf 95' lang='lat' dir='ltr'><strong> </strong></span> 
     </span>
    </p>
   </div>
  </div>
 </body>
</html>
