4184 6410
322 311 386 372 ¹707
751 307 784 380 S·
812 312 987 379 ANTONII
1015 315 1202 379 Pauuaul
1230 312 1368 380 OPERA
1394 316 1542 380 OMNIA.
1910 315 1980 378 708

200 483 202 490 ’
320 469 465 547 primum
488 470 659 548 peccatum
675 467 723 548 (1)
748 470 980 544 resedentibus
997 488 1017 534 a
1032 474 1111 546 Deo,
1168 472 1238 536 lere
1255 474 1357 552 cupit.
1381 473 1444 538 Sed
1458 473 1583 553 quanto
1607 472 1746 538 altitudo
1771 473 1975 551 temporalis

322 569 355 630 et
388 568 538 630 ultimum
577 567 792 633 redeuntibus
827 569 869 630 ad
899 572 1014 637 Deum·
1051 569 1113 634 lob
1168 570 1268 634 altius
1295 587 1332 634 se
1357 571 1520 646 erexerit,
1545 571 1637 634 tanto
1663 571 1910 642 incertitudini,
1936 573 1975 634 et

321 663 386 744 (31,
410 663 462 743 18)
482 686 490 724 ε
518 665 580 738 Qui
606 665 687 727 dicit
712 665 794 742 regi,
820 667 983 743 apostata.
1007 669 1114 745 Super
1167 667 1408 732 tentationibus
1423 669 1613 746 exponitur,
1629 667 1831 730 sicutnidos
1845 669 1971 731 inalto

319 778 417 840 quem
430 761 539 824 locum
554 762 635 824 dicit
650 763 829 840 Gregorius
845 761 894 844 (2)
918 781 926 828 :
945 764 1113 843 superbas
1169 766 1296 842 positus
1309 765 1344 828 in
1369 765 1497 828 incerto
1518 767 1579 836 est,
1596 766 1630 828 et
1652 769 1751 828 vento
1778 765 1972 844 expositus

318 860 429 925 rector
439 859 537 933 toties
556 859 597 920 ad
609 859 741 937 culpam
756 861 932 937 apostasiae
942 860 1111 934 dilabitur,
1169 862 1337 940 Siquidem
1367 862 1466 925 nidus
1489 861 1629 924 mollitie
1651 863 1794 940 quadam
1820 863 1972 924 interius

319 957 451 1036 quoties
467 972 611 1034 praeesse
624 956 814 1022 hominibus
828 957 1023 1026 delectatur.
1035 958 1113 1022 Inde
1169 958 1303 1036 politur,
1320 959 1470 1022 euterius
1485 957 1662 1021 conficitur
1675 975 1720 1022 ex
1740 959 1905 1037 putridis;
1920 959 1971 1020 ita
2068 973 2069 992 ¹

318 1055 419 1116 etiam
441 1053 502 1118 lob
520 1053 583 1134 (31,
597 1056 649 1130 26,
666 1055 709 1122 nd
722 1052 778 1133 28)
795 1071 839 1116 :s
860 1055 895 1118 Si
909 1055 979 1118 uidi
996 1055 1111 1128 solem,
1168 1056 1201 1119 et
1229 1055 1326 1120 nidus
1355 1056 1507 1134 superbi,
1534 1056 1664 1118 scilicet
1686 1071 1795 1130 mens,
1821 1056 1972 1118 interius

319 1167 393 1213 cum
418 1150 572 1228 fulgeret,
588 1155 622 1214 et
642 1151 755 1214 lunam
778 1151 984 1219 incedentem
999 1153 1111 1216 claro:
1168 1154 1292 1230 politur
1305 1153 1450 1218 molliter
1463 1152 1590 1216 divitiis
1601 1152 1855 1230 temporalibus,
1870 1155 1972 1215 exte-

318 1249 348 1313 εἰ
363 1249 534 1311 osculatus
554 1263 627 1308 sum
651 1265 785 1316 manum
810 1265 917 1315 meam
940 1265 1112 1315 oremeo:
1168 1251 1240 1312 rius
1269 1265 1350 1314 sero
1388 1249 1614 1314 circumdatur
1645 1248 1801 1327 operibus
1838 1249 1974 1312 intruc-
2068 1229 2069 1264 ³

319 1345 393 1408 haec
409 1343 458 1425 (3)
484 1345 537 1408 est
554 1345 701 1408 maxima
722 1346 896 1424 iniquitas,
922 1347 955 1417 et
979 1348 1113 1422 negatio
1169 1346 1286 1411 tunsis.

319 1442 436 1506 contra
448 1444 564 1504 Deum.
576 1459 596 1503 s
609 1442 780 1519 Siquidem
794 1443 845 1504 sol
859 1443 895 1509 iu
910 1443 1050 1522 fulgore,
1062 1445 1115 1514 est
1208 1445 1348 1517 Quantis
1363 1444 1465 1508 etiem
1491 1442 1610 1508 debeat
1635 1441 1773 1520 reprimi
1795 1441 1972 1520 superbia,

317 1539 441 1600 bonurn
456 1555 539 1618 opus
557 1539 593 1600 lu
615 1539 884 1604 manifestatione
902 1562 909 1601 ε
924 1541 1004 1605 luna
1020 1542 1114 1604 ince-
1168 1541 1249 1605 dicit
1272 1544 1356 1606 Osee
1380 1539 1428 1619 (tl,
1454 1539 1506 1620 11)
1523 1561 1531 1602 ε
1546 1558 1565 1601 ‹
1579 1540 1739 1617 Ephraim
1766 1539 1864 1617 quasi
1894 1539 1971 1602 aris

318 1637 400 1700 dens
429 1637 531 1710 clare,
555 1639 608 1702 est
629 1637 739 1714 fulgor
760 1637 928 1714 opinionis
949 1655 956 1694 ε
978 1655 1113 1705 menum
1168 1639 1326 1711 avolavit,
1338 1639 1371 1702 et
1381 1638 1491 1715 glorta
1502 1640 1575 1714 ejus
1589 1635 1810 1717 (8)abutero,
1823 1639 1969 1714 apertu,

318 1734 465 1800 osculari
480 1737 531 1797 eet
543 1734 631 1798 bono
645 1735 740 1812 operi
752 1735 1115 1814 applauderemppleu·
1167 1739 1201 1800 θῖ
1220 1737 1392 1814 conceptu.
1409 1754 1429 1796 »
1444 1735 1614 1813 Siquidem
1638 1738 1716 1802 dots
1739 1751 1815 1798 oum
1837 1749 1970 1810 pennas

317 1832 427 1896 dimus
441 1831 530 1896 enim
544 1832 709 1904 omnibus,
726 1847 809 1910 quos
831 1832 1033 1897 muniamur.
1052 1834 1114 1896 Hic
1167 1833 1345 1910 adceperit,
1363 1832 1537 1910 perinane
1551 1832 1675 1904 avolat,
1689 1831 1805 1898 eodem
1821 1831 1972 1895 modoet

318 1933 429 1992 autem
443 1931 559 2008 aperte
573 1931 722 2006 apparet,
739 1944 841 2006 quamv
852 1929 1058 1992 detestabilis
1070 1930 1115 1995 sit
1168 1929 1342 2007 superbus,
1359 1943 1434 1995 cunr
1458 1943 1585 2006 pennas
1606 1929 1801 1996 divitiarum
1819 1929 1968 2006 aceepit.

319 2025 489 2103 superbia,
514 2026 671 2108 qnoniam
693 2025 779 2091 hono
796 2026 890 2103 operi
914 2029 1028 2090 nostro
1051 2043 1115 2104 ap·
1168 2027 1340 2103 perinane
1356 2028 1527 2104 evagatur,
1544 2027 1577 2090 et
1591 2042 1652 2104 per
1664 2027 1850 2090 vanitatem
1865 2025 1972 2088 eii’er-

319 2123 489 2202 plaudere,
501 2121 624 2184 honum
640 2139 723 2202 opus
738 2122 964 2196 manifestare,
974 2127 1009 2186 et
1019 2123 1060 2186 de
1073 2140 1114 2188 eo
1167 2127 1233 2187 tur.
1249 2124 1313 2186 Sed
1333 2123 1364 2190 si
1383 2123 1624 2195 consideraret,
1641 2139 1740 2202 quam
1754 2123 1870 2190 viliter
1885 2139 1971 2186 con-

318 2220 440 2283 bonam
459 2219 651 2297 opinionem
674 2221 843 2298 appetere,
860 2221 911 2282 est
931 2221 1112 2300 apostasia,
1169 2221 1301 2298 cipitur,
1315 2221 1472 2298 qualiter,
1488 2235 1554 2298 quo
1576 2221 1722 2293 semine,
1740 2221 1872 2288 scilicet
1894 2221 1969 2294 rili,

318 2319 353 2380 et
373 2317 508 2394 negatio
523 2319 640 2380 contra
655 2319 771 2380 Deum.
1168 2321 1203 2382 et
1217 2317 1350 2382 loetente
1364 2320 1531 2396 spermate
1547 2318 1583 2379 in
1599 2317 1867 2395 matricejucuit,
1888 2333 1972 2380 san-

359 2415 524 2488 Quantum
536 2413 647 2476 inanis
659 2412 880 2491 superbierit,
893 2415 1117 2481 ostendithu·
1169 2415 1270 2492 guina
1283 2417 1492 2484 menstruoso
1504 2414 1551 2479 ibi
1567 2415 1724 2487 nutritus,
1734 2415 1880 2496 qualiter
1889 2415 1971 2478 inde

319 2513 473 2590 gustinus
488 2512 603 2582 dicens
619 2510 666 2590 (4)
681 2533 689 2572 2
705 2512 817 2584 Quise
837 2527 994 2590 magnum
1008 2514 1113 2590 putat,
1170 2512 1285 2586 exirit,
1308 2512 1417 2589 gloria
1440 2515 1514 2590 ejus
1536 2511 1577 2574 eb
1599 2510 1663 2579 hoc
1686 2512 1846 2580 evolaret
1872 2512 1971 2576 Unde

321 2609 496 2686 superbus,
519 2609 552 2670 et
575 2622 711 2686 egonus,
728 2610 788 2676 est.
805 2611 843 2673 ln
865 2624 966 2672 carne
990 2611 1114 2687 crepet,
1170 2607 1379 2687 Michaeam,
1392 2607 1444 2686 11)
1463 2629 1470 2670 =
1486 2625 1505 2673 ε
1520 2609 1689 2682 comedes,
1703 2611 1737 2676 θῖ
1750 2624 1817 2672 non
1833 2611 1973 2672 satura·

321 2707 357 2768 in
368 2705 645 2768 cordemendicat
656 2726 663 2766 ι
676 2704 814 2769 Inflatus
827 2705 888 2778 est,
901 2721 968 2777 non
979 2707 1113 2784 plenus.
1170 2705 1271 2778 heris,
1288 2706 1321 2768 et
1334 2705 1523 2771 humiliatio
1546 2707 1603 2768 tua
1623 2706 1659 2771 in
1674 2707 1783 2772 medio
1795 2707 1846 2773 tui
1860 2723 1880 2766 s
1894 2709 1969 2782 est;

325 2801 494 2880 Superbus
518 2802 608 2864 enim
632 2803 682 2864 θεῖ
704 2801 825 2864 similis
845 2803 984 2866 vessicae
1009 2803 1116 2880 plenae
1171 2803 1267 2880 quusi
1282 2802 1389 2868 dioat:
1406 2806 1601 2882 Quanquam
1619 2803 1657 2870 tu
1678 2803 1777 2876 altus,
1794 2805 1828 2868 et
1843 2820 1971 2881 super·

323 2903 434 2971 rento
451 2915 525 2978 quae
542 2899 570 2960 si
595 2899 760 2962 modicum
778 2915 841 2962 acu
862 2900 1041 2978 pungatur,
1058 2900 1118 2964 de-
1171 2901 1232 2963 bus
1254 2900 1313 2974 sis,
1335 2901 1481 2970 attende,
1504 2900 1591 2979 quod
1611 2901 1751 2968 altitudo
1772 2902 1972 2978 temporalis

323 2999 496 3076 turgescit,
513 2999 547 3060 et
570 3001 752 3061 evacuetur
768 3013 775 3052 ε
792 2997 840 3059 ita
866 2998 1029 3076 superbus
1053 2999 1117 3062 sti·
1172 2999 1338 3065 neminem
1359 2999 1470 3072 satiat,
1495 2999 1548 3062 vel
1570 2999 1692 3080 replet;
1720 3001 1755 3066 et
1777 2999 1972 3062 humiliatio

326 3095 416 3158 mulo
436 3095 552 3158 mortis
570 3095 679 3159 tactus
698 3094 916 3164 annihilatur.
942 3094 1035 3158 Unde
1055 3095 1117 3160 Joh
1171 3096 1240 3167 tua,
1256 3093 1342 3164 idest
1356 3092 1483 3166 venter,
1500 3093 1558 3172 qui
1572 3095 1605 3157 te
1622 3092 1759 3158 deberet
1772 3093 1970 3165 humiliare,

326 3191 392 3272 (27,
407 3191 461 3272 21)
478 3213 486 3252 s
509 3191 648 3255 ‹Tollet
661 3206 737 3255 enm
752 3191 870 3254 ventus
884 3207 995 3265 urens,
1011 3195 1045 3264 et
1057 3209 1120 3258 au·
1172 3205 1212 3254 eo
1235 3191 1333 3269 quod,
1349 3189 1563 3263 solissolis,
1578 3190 1687 3252 delere
1708 3190 1874 3254 sentinam
1900 3190 1972 3252 im-

325 3289 410 3352 teret
433 3289 473 3350 de
490 3287 563 3350 looo
587 3303 660 3360 suo,
676 3288 773 3366 quasi
793 3289 891 3351 turbo
906 3306 926 3350 s
939 3287 1007 3370 (5);
1022 3291 1119 3368 quasi
1174 3287 1344 3350 munditiae
1356 3287 1434 3361 tuae,
1447 3287 1483 3350 in
1496 3287 1605 3351 medio
1620 3288 1687 3364 tui;
1700 3288 1910 3366 quissenter
1921 3291 1973 3352 θεῖ

325 3388 434 3450 dicat:
451 3389 526 3465 Ipsa
545 3387 683 3448 sentosa
705 3385 836 3450 inflatio
858 3387 992 3464 superbi
1012 3388 1120 3464 rapiet
1174 3385 1208 3448 in
1221 3385 1330 3448 medio
1344 3385 1500 3451 hominis.

1200 3481 1353 3556 Quantis
1371 3482 1472 3545 etiam
1494 3482 1666 3559 affligatur
1688 3481 1864 3560 superbus,
1883 3481 1969 3546 dicit

325 3581 433 3650 turbo.
443 3581 536 3644 Unde
546 3580 634 3643 idem
644 3580 705 3644 Job
717 3578 782 3659 (30,
793 3578 1059 3660 22)=ehlevasti
1068 3597 1120 3644 me
1174 3579 1280 3642 isaias
1307 3579 1371 3660 (17,
1402 3578 1454 3660 13)
1478 3595 1528 3642 :e
1557 3579 1719 3658 Rapiatur
1746 3580 1834 3642 sicut
1855 3579 1970 3656 pulvis

327 3681 368 3742 ad
381 3679 562 3751 modicum,
575 3679 608 3740 et
622 3679 717 3756 quasi
729 3693 830 3755 super
843 3679 978 3741 rentum
994 3695 1119 3756 ponens
1175 3677 1335 3738 montium
1350 3693 1370 3738 a
1384 3677 1630 3751 reclamitat
1645 3676 1838 3746 sicutturho
1852 3691 1970 3740 coram

327 3777 460 3840 allisisti
473 3775 522 3856 (6)
530 3791 583 3838 me
594 3775 842 3838 validasssens
852 3775 986 3848 dicitur,
999 3775 1040 3838 ad
1054 3791 1121 3838 mo·
1174 3776 1379 3852 tempestate.
1403 3792 1422 3837 a
1441 3775 1570 3848 Quanto
1592 3774 1725 3853 quidem
1742 3774 1844 3836 altius
1867 3773 1974 3836 luent

326 3875 436 3937 dicum
451 3874 589 3937 elevasti
600 3889 663 3947 me,
680 3873 770 3951 quia,
786 3871 894 3935 omnis
907 3874 1041 3936 terrena
1056 3874 1121 3936 ele·
1175 3871 1285 3950 pulvis
1306 3874 1578 3950 supermontem,
1603 3873 1697 3944 tanto
1717 3871 1870 3942 velocius
1894 3871 1970 3932 dis-

326 3973 416 4036 ratio
438 3971 478 4034 ad
504 3968 670 4033 modicum
689 3971 750 4042 est,
767 3970 845 4048 quia
868 3969 984 4032 linitur
1009 3971 1117 4043 citius,
1175 3969 1460 4048 pergiturimpetu
1474 3969 1692 4044 turbinis,ita
1707 3985 1782 4032 curn
1803 3968 1971 4046 superbus

327 4085 426 4148 quam
437 4070 581 4146 putetur.
593 4069 663 4141 Qua
674 4065 803 4129 ratione
818 4067 1038 4130 etiaminanis
1049 4067 1121 4130 hoec
1159 4067 1325 4144 'rapietur
1336 4067 1469 4129 turbine
1484 4066 1653 4135 infernali.
1666 4067 1761 4130 Unde
1774 4067 1792 4129 J
1795 4065 1836 4128 ob
1853 4063 1971 4148 (21,17

327 4166 470 4228 elevatio
494 4163 670 4226 manifeste
693 4162 890 4236 ostenditur,
907 4180 983 4227 cum
1002 4164 1120 4227 subdi·
1175 4165 1209 4227 et
1223 4163 1276 4242 18)
1292 4185 1300 4225 =
1315 4179 1335 4225 c
1350 4163 1485 4236 Quoties
1509 4163 1646 4234 lucerna
1663 4163 1842 4240 impiorum
1857 4164 1973 4227 extin·
2068 4159 2069 4208 ¹

327 4267 383 4326 tur
398 4283 406 4324 ε
422 4262 677 4340 superventum
693 4276 832 4340 ponens.
849 4262 932 4344 Quid
953 4262 1042 4324 enlm
1060 4277 1122 4325 va·
1174 4263 1305 4338 guetur,
1320 4261 1352 4323 et
1366 4261 1581 4338 superveniet
1593 4261 1642 4330 eis
1657 4259 1847 4332 inundatio,
1861 4261 1897 4322 et
1911 4260 1974 4321 do-
2068 4311 2069 4350 3

326 4360 402 4424 nius
417 4361 451 4422 et
464 4358 616 4435 fragilius
630 4361 692 4432 est,
708 4374 808 4441 quam
822 4359 934 4424 sedem
947 4375 1071 4437 ponere
1085 4359 1120 4426 in
1175 4357 1263 4419 loros
1282 4355 1409 4435 dividet
1428 4355 1552 4420 luroris
1572 4357 1625 4420 sui
1635 4357 1677 4421 t»
1691 4359 1843 4426 Lucerna
1864 4356 1973 4433 siqui·
2068 4409 2069 4446 ,

325 4455 568 4524 ventumtldeo
589 4453 674 4518 bene
697 4455 894 4534 subjunxit:
913 4455 1048 4518 allisisti
1069 4472 1121 4527 me
1175 4455 1249 4517 dem
1272 4457 1461 4530 impiorum
1490 4453 1699 4529 extinguitur
1724 4452 1760 4524 in¹
1788 4453 1913 4525 morte,
1940 4454 1973 4514 et
2068 4447 2069 4518 j

325 4555 448 4620 valide.
472 4554 566 4618 Unde
581 4551 704 4616 Abdias
729 4551 773 4632 (1,
788 4551 822 4632 1)
839 4570 847 4610 r
863 4570 882 4615 c
899 4553 934 4614 Si
954 4553 1121 4627 exaltatus
1175 4551 1388 4630 superventio
1421 4567 1526 4629 poena
1558 4549 1751 4621 infernalis,
1782 4551 1816 4617 et
1843 4549 1973 4617 dividet

325 4654 430 4718 tueris
445 4654 481 4716 ut
494 4651 619 4728 aquila,
634 4653 667 4715 et
690 4651 725 4714 in
740 4651 808 4714 alto
823 4647 873 4730 (7)
896 4651 1049 4728 posueris
1062 4651 1120 4714 ni·
1174 4649 1334 4715 Dominus
1355 4648 1486 4711 dolores
1507 4647 1629 4710 luroris
1655 4647 1719 4710 sni.
1743 4645 1974 4725 Superbi,qui
2068 4691 2069 4696 η

326 4753 402 4814 dum
416 4753 522 4824 tuum,
543 4748 622 4812 inde
646 4747 818 4811 detraham
844 4750 887 4821 te,
904 4748 985 4810 dicit
1007 4749 1122 4822 Domi·
1175 4761 1241 4808 non
1264 4745 1453 4811 habuerunt
1470 4745 1599 4824 pondos
1618 4745 1747 4822 gratie,
1765 4747 1867 4814 erunt
1882 4745 1972 4808 sicot

326 4865 401 4913 nus.
417 4851 507 4912 Bene
521 4847 645 4926 aquila,
662 4861 736 4926 quae
749 4844 869 4910 ceteris
883 4845 1002 4922 aribus
1020 4846 1120 4909 altius
1175 4844 1301 4916 favilla,
1329 4845 1363 4908 et
1385 4843 1482 4920 palea
1505 4843 1652 4920 impulsu
1671 4840 1827 4914 turbinis,
1844 4857 1922 4920 quoe
1937 4843 1974 4904 in
2068 4887 2069 4890 ,

326 4947 428 5019 volet,
453 4946 564 5022 signat
583 4943 773 5021 superbum,
789 4943 844 5020 qui
864 4958 980 5005 omnes
1001 4943 1119 5005 excel·
1175 4942 1340 5003 momento
1368 4941 1572 5018 dispergitur
1597 4939 1633 5000 in
1661 4939 1776 5001 multis
1805 4937 1911 5014 locis,
1942 4943 1976 5002 θῖ
2068 4993 2069 5040 3

364 5138 404 5212 (1)
420 5137 556 5211 Superbia
568 5137 688 5212 primum
721 5143 850 5195 eceaturn
878 5143 933 5196 eto.
949 5133 1043 5198 Verba
1060 5137 1119 5196 Au·
1210 5133 1240 5206 (3
1277 5135 1359 5204 Vulq.
1374 5149 1448 5206 qnae.

329 5152 908 5285 gesturum:etmuuuaboraoelicto
930 5221 1045 5336 magno.
1060 5209 1121 5276 Quo
1211 5207 1241 5265 u
1266 5201 1976 5276 Serm.ib:deoolrov.:suntquisediuitee
2068 5295 2069 5298 Ἴ

329 5283 385 5340 alio
398 5280 452 5338 nisi
471 5279 611 5355 superbies
622 5279 636 5335 i
649 5293 706 5337 non
723 5279 800 5335 enim
811 5287 855 5336 est
869 5276 961 5350 majus
993 5275 1120 5347 elicium,
1175 5277 1320 5335 aliectant.

329 5366 414 5424 quarn
429 5357 590 5423 apostatare
602 5365 617 5406 o
630 5353 699 5416 Deo,
713 5349 788 5424 quod
802 5357 846 5406 est
859 5350 968 5406 initium
980 5347 1121 5421 superbie
1212 5347 1253 5420 (b)
1276 5347 1357 5418 Vutq.
1372 5354 1402 5405 et
1420 5343 1540 5415 auferet,
1560 5351 1589 5402 et
1603 5343 1681 5404 vdua
1692 5342 1776 5405 turbo
1793 5343 1888 5417 rapiet
1906 5360 1974 5402 enm
2068 5317 2069 5344 ³

330 5422 464 5480 hominis.
480 5424 515 5478 Et
528 5434 594 5476 vere
618 5419 664 5476 ille
682 5421 884 5477 immaculatus
897 5427 950 5488 est,
967 5417 1015 5492 qui
1034 5420 1121 5476 etiem
1174 5417 1288 5476 deloco
1307 5432 1369 5484 quo.

330 5492 499 5552 hoedelicto
515 5498 611 5548 caret:
628 5491 693 5562 quio
712 5490 766 5549 hoo
789 5498 833 5548 est
851 5489 980 5548 ultimum
998 5485 1119 5552 redeun·
1211 5489 1240 5560 (6
1272 5487 1353 5559 Votu.
1368 5486 1479 5545 elisisti.

329 5565 405 5623 tibus
417 5561 452 5620 ad
468 5564 569 5629 Deum,
585 5558 875 5692 ‹frod-recedentibus
887 5561 1010 5633 primum
1021 5559 1083 5620 tuit.
1210 5562 1240 5630 (7
1271 5559 1353 5630 Vulp.
1367 5565 1395 5616 et
1404 5557 1429 5614 εἰ
1444 5559 1517 5616 inter
1527 5555 1632 5616 sidera.

364 5635 404 5708 (2)
420 5631 517 5695 llorot.
534 5632 552 5689 l.
567 5631 591 5688 x
609 5633 642 5700 V,
658 5645 723 5688 rnc.
745 5631 780 5690 sl
793 5629 857 5700 iob,
873 5645 951 5688 uum.
973 5631 1017 5690 52.
1212 5631 1253 5702 (8)
1272 5629 1352 5700 t'otp.
1367 5642 1476 5686 eornm.
