4114 6396
1661 297 1723 364 954

120 459 280 537 Sequitur
303 460 370 522 :nt
394 460 541 536 oesttptu
567 461 628 523 tua
648 475 717 523 noaz
732 475 876 537 coartor·
929 461 1023 523 silvae
1038 461 1173 539 propter
1186 460 1408 533 sterilitatem,
1425 459 1503 536 quia
1517 459 1595 522 sunt
1608 459 1721 532 rudes,

73 558 214 620 centur.
226 557 642 621 Honestcontracuriosos
655 557 874 619 invisibilium
930 563 963 621 st
978 558 1110 622 steriles
1130 558 1239 621 fructu
1261 557 1424 619 bonorum
1440 572 1589 634 operum,
1606 558 1640 619 et
1660 573 1722 619 ac-

76 655 301 729 scrutatores;
333 654 420 715 unde
457 653 493 713 in
526 653 699 716 Parabolis
726 651 793 732 (23,
815 652 873 733 5):
930 657 1065 733 quirant
1079 655 1142 716 sibi
1162 656 1408 732 possessionem
1430 654 1465 714 in
1485 656 1577 716 terra
1596 654 1725 715 Phera-

76 753 161 814 «ΝΘ
187 751 298 827 erigas
321 751 435 813 oculos
463 749 503 812 ad
524 767 616 828 opes,
641 768 724 829 quas
751 751 875 813 habere
929 753 1001 826 zaei,
1032 753 1064 814 st
1092 753 1267 830 Raphaim.
1305 754 1389 814 Istos
1422 751 1543 813 debent
1570 751 1724 828 plantare

77 865 149 910 non
179 847 304 925 poteris
318 845 387 927 (1);
411 849 489 926 quia
513 847 636 910 facient
662 849 727 909 sibi
748 863 875 925 pennas
930 850 1224 926 verbo,exemp10,
1241 851 1275 910 et
1298 849 1465 924 doctrina;
1488 849 1522 910 et
1542 847 1592 909 sic
1612 849 1725 910 succi-

77 945 119 1007 ut
133 944 176 1025 (2)
192 944 326 1023 aquilae,
341 947 374 1006 et
393 944 553 1008 volabunt
566 945 601 1006 in
617 946 747 1007 eoelum.
759 962 778 1005 a
790 948 876 1023 Opes
931 947 1052 1009 dentur
1075 947 1117 1008 ad
1139 961 1221 1023 opus
1244 946 1412 1007 Ecclesiae.
1437 945 1646 1018 Pherezaeus,
1665 961 1724 1006 se-

77 1045 156 1105 istae
167 1043 245 1104 sunt
255 1042 876 1121 abundantiadiviuitatis,quambomo
932 1059 1066 1122 parans,
1082 1044 1136 1105 uel
1157 1043 1284 1123 diuisus
1300 1043 1549 1120 interpretatur,
1565 1057 1625 1119 per
1639 1043 1725 1121 quod

79 1140 324 1218 perscrutando
350 1142 527 1216 penetrare
556 1155 622 1201 non
651 1141 770 1216 potest.
795 1141 876 1201 Item
930 1141 1132 1217 intelligitur
1164 1140 1338 1217 superbus,
1369 1139 1426 1216 qui
1459 1140 1594 1216 separat
1620 1155 1656 1200 se
1683 1137 1726 1201 ab

78 1238 144 1300 Job
169 1236 233 1316 (11,
257 1239 277 1296 7
298 1237 339 1297 ad
354 1234 388 1315 9)
406 1253 449 1297 ι(
470 1237 624 1300 Forsitan
651 1237 792 1314 vestigia
817 1237 877 1298 Dei
931 1240 1024 1315 aliis3
1042 1237 1129 1300 unde
1146 1236 1323 1314 Sophoniae
1346 1234 1391 1316 (1,
1413 1235 1446 1316 4)
1467 1257 1475 1296 z
1495 1235 1726 1313 ‹Disperdam

81 1333 357 1411 comprehendes,
374 1336 407 1396 et
422 1349 527 1411 usque
540 1333 581 1396 ad
597 1335 779 1412 perlectum
795 1337 877 1396 Om-
931 1337 972 1398 de
985 1336 1048 1398 hoo
1062 1336 1136 1398 loco
1149 1335 1312 1411 reliquias
1327 1334 1420 1405 Baal,
1441 1333 1475 1394 et
1488 1333 1625 1394 nomina
1644 1333 1728 1398 aedi-

79 1431 287 1510 nipotentem
308 1431 480 1508 reperies?
508 1432 681 1494 Excelsior
705 1432 788 1493 coelo
815 1433 876 1506 est,
931 1436 1064 1497 tuorum
1079 1448 1154 1494 eum
1170 1431 1409 1493 sacerdotibus.
1425 1447 1444 1490 s
1459 1431 1540 1491 Baal
1555 1431 1726 1508 iuterpre-
1785 1461 1787 1466 ·

80 1527 214 1605 etquid
240 1528 370 1589 faciest
398 1527 595 1605 profundior
616 1528 759 1602 interno,
790 1528 878 1590 unde
932 1531 1065 1594 taturin
1074 1529 1335 1590 sublimioribus.
1345 1530 1391 1590 De
1402 1527 1465 1589 hoc
1476 1525 1725 1606 Gregorius(5):

83 1627 285 1702 cognoscesl
299 1625 446 1702 Longior
459 1626 550 1686 terra
571 1642 729 1688 mensura
743 1629 827 1704 ejus,
846 1627 879 1688 et
934 1629 1026 1690 Sicut
1039 1645 1057 1688 u
1071 1642 1231 1688 aurarum
1246 1626 1327 1688 flatu
1349 1624 1472 1702 stipula
1486 1624 1522 1685 in
1543 1625 1648 1686 altum
1661 1625 1729 1687 tol·

84 1723 186 1785 latior
197 1722 324 1795 mari»
338 1723 416 1801 quia
427 1738 488 1783 nec
503 1723 599 1799 J'usti,
610 1739 672 1785 nec
686 1725 878 1801 peccatores
932 1727 1023 1797 litur,
1043 1723 1100 1784 sed
1123 1738 1203 1794 casu
1216 1723 1346 1784 concito
1361 1721 1403 1782 ad
1422 1721 1491 1782 ima
1503 1723 1727 1796 revocaturu3

86 1833 148 1879 nec
162 1817 283 1893 Angeli
311 1817 521 1880 altitudinem
548 1821 621 1894 ejus
647 1818 828 1895 attingunt3
846 1818 879 1879 et
933 1823 967 1884 et
978 1822 1064 1882 sicut
1079 1818 1269 1880 «fumusad
1283 1818 1399 1879 nubila
1414 1819 1589 1891 attollitur,
1607 1819 1663 1881 sed
1679 1833 1729 1880 re·

87 1915 276 1976 damonum
292 1914 433 1976 astutias
447 1914 546 1990 longe
561 1913 718 1976 subtilius
729 1915 876 1991 jndicat:
933 1919 1031 1996 pente
1041 1915 1293 1979 intumescendo
1303 1915 1338 1976 iu
1350 1915 1493 1975 nihilum
1503 1915 1725 1992 dissipatur»;

87 2010 421 2088 etquautumcunquo
437 2025 530 2071 mens
550 2012 690 2072 acuatur
704 2011 740 2072 in
761 2010 878 2088 inqui·
934 2016 983 2078 sic
997 2014 1150 2092 reliquiae
1162 2013 1254 2085 Baal,
1270 2012 1358 2074 idest
1371 2012 1582 2089 superbiores
1598 2013 1655 2090 qui
1670 2028 1730 2073 su-

86 2107 191 2169 rendo
205 2107 448 2168 districtionem
465 2105 621 2181 suturam,
632 2124 699 2170 non
715 2109 878 2185 agnoscit;
935 2111 1089 2191 perbiunt
1110 2111 1151 2172 de
1164 2111 1283 2186 gradu,
1298 2110 1334 2170 in
1357 2125 1422 2186 quo
1444 2111 1533 2171 sunt.
1559 2111 1727 2171 Praeterea

87 2205 175 2266 unde
200 2226 208 2264 ε
227 2204 339 2276 «Quis
363 2205 457 2265 novit
484 2205 680 2282 potestatem
706 2205 765 2267 irae
795 2207 880 2268 tuaet
935 2208 1103 2286 significat
1117 2223 1266 2279 auarum,
1281 2207 1337 2284 qui
1354 2221 1413 2284 per
1427 2207 1550 2267 multas
1564 2206 1730 2268 sollicitu-

87 2301 253 2382 (esaum,
264 2299 329 2379 11.)
343 2301 383 2362 nt
398 2300 484 2362 raam
499 2301 560 2363 tob
577 2303 687 2376 :aaut
701 2303 791 2364 tenet
802 2301 880 2364 vul-
935 2307 1031 2368 aines
1044 2289 1253 2376 distenditur,
1267 2304 1301 2364 et
1315 2302 1493 2378 annuitur,
1511 2303 1598 2364 unae
1612 2303 1730 2365 nocua-

459 299 567 364 PARS
597 300 742 364 PRIMA.
762 331 803 348 -
823 299 1043 364 EXPOSlTIO
1072 297 1117 364 IN
1145 299 1348 363 PSALMOS.

72 305 140 366 953

84 2401 158 2462 tum
175 2398 251 2460 solii
267 2398 331 2472 sui,
347 2399 380 2460 et
394 2398 555 2476 expandit
566 2415 667 2476 super
680 2400 763 2460 illud
776 2398 882 2462 nebu-

86 2497 156 2558 lam
185 2511 291 2557 suam.
316 2512 335 2555 r
362 2495 455 2558 Unde
485 2494 566 2559 dicit
599 2497 781 2572 Gregorius
808 2494 879 2576 (3):

88 2611 111 2654 «
126 2593 276 2671 cognitio
295 2595 367 2670 eius
395 2593 483 2665 solii,
515 2609 575 2655 seu
601 2594 714 2656 vultus
735 2594 879 2667 tenetur,

87 2690 168 2769 quia
190 2705 208 2751 a
227 2689 323 2751 nobis
342 2690 378 2750 in
398 2690 461 2751 hac
475 2689 544 2752 vita
568 2691 664 2767 regni
683 2693 755 2768 ejus
773 2691 881 2769 gloria

88 2803 157 2850 non
186 2787 409 2864 cognoscitur.
427 2789 534 2864 Super
548 2803 613 2866 quo
625 2789 715 2850 recte
737 2788 881 2866 expandi

88 2880 212 2943 nebula
238 2881 370 2956 dicitur,
387 2882 464 2958 quia
480 2883 568 2944 sicut
586 2883 646 2955 est,
663 2883 723 2944 illa
736 2883 882 2945 coelestis

88 2979 199 3056 gloria
212 2994 279 3040 non
290 2977 438 3054 videtum
455 2980 488 3042 et
497 2979 539 3064 ab
552 2979 625 3057 ipsa
637 2980 780 3042 videnda
789 2981 883 3057 iguo·

86 3075 208 3139 rantiaa
221 3077 345 3138 nostrae
358 3075 560 3140 obscuritate
575 3078 769 3156 caligamus.
784 3096 803 3139 a

336 3344 476 3406 SERMO
499 3345 636 3406 CXLVI.

149 3483 250 3542 Contra
266 3481 358 3540 malos
373 3483 526 3574 praelatos3
541 3492 570 3541 et
583 3483 619 3542 de
633 3485 723 3542 tribus
734 3485 821 3545 vitiis.

88 3620 172 3680 Ftttt
202 3621 355 3694 Ephrem
390 3617 616 3690 intendentes,
646 3619 680 3680 et
707 3620 885 3682 mittentes

130 3730 263 3787 unctam,
280 3720 333 3777 oet
351 3715 569 3777 intendentes
587 3718 735 3778 arcubus
757 3713 804 3794 (l)
830 3731 886 3777 se-

132 3811 275 3874 cundum
305 3811 406 3873 aliam
434 3810 605 3874 litteram:
624 3817 783 3875 conuersa·
803 3814 884 3875 sunt

131 3913 168 3972 tu
180 3913 235 3972 dte
248 3912 332 3972 bettt.
349 3907 453 3988 (Psal.
469 3911 519 3983 77,
535 3907 582 3988 9.)

129 4055 202 4114 ileo
218 4054 280 4125 est,
297 4053 429 4131 quando
451 4052 642 4116 sacerdotes
664 4053 700 4114 in
721 4053 884 4117 tentatio-

91 4148 191 4210 nibus
212 4148 442 4218 succumbunt,
467 4165 529 4211 nec
557 4150 729 4214 resistunt.
752 4153 799 4213 De
822 4152 886 4214 hac

92 4245 311 4307 conversione
326 4245 467 4308 habetur
480 4247 515 4307 in
531 4249 633 4310 Josue
646 4246 710 4327 (17,
726 4250 765 4311 15
776 4251 810 4312 et
820 4247 884 4329 lo),

91 4341 151 4402 ubi
165 4344 266 4403 Josue
280 4341 430 4417 loquitur
450 4343 492 4404 ad
507 4344 631 4406 tribum
646 4345 815 4422 Ephraim,
832 4347 886 4408 di-

94 4451 175 4497 cens
189 4457 196 4496 ε
211 4451 230 4496 ‹
243 4437 394 4498 Ascende
415 4437 450 4498 in
472 4439 601 4512 silvam,
618 4442 651 4504 et
672 4443 804 4505 succide
826 4442 887 4507 tibi

94 4533 204 4610 spatia
233 4531 268 4592 in
304 4534 396 4594 terra
433 4534 613 4608 Pherezaei,
643 4540 676 4600 et
709 4541 885 4618 Rapbaim.

94 4630 157 4702 Qui
172 4629 437 4708 responderunt:
453 4631 528 4692 Non
544 4633 726 4708 poterimus
741 4638 782 4698 ad
798 4653 889 4699 mon·

92 4729 174 4790 tana
201 4726 439 4801 conscendere,
471 4727 550 4805 quia
580 4727 699 4792 terreis
734 4734 888 4796 curribus

95 4826 235 4887 utuntur
248 4824 477 4886 chananei.»
497 4827 578 4887 Haec
599 4825 681 4888 dicit
702 4830 790 4890 Deus
809 4830 889 4891 tiliis

94 4922 249 4999 Ephrem,
266 4921 353 4984 idest
367 4921 447 4984 filiis
464 4921 744 4998 fructificationis,
761 4926 891 4989 scilicet

95 5018 336 5093 sacerdotibus,
352 5020 389 5081 ut
403 5020 585 5084 asceudant
598 5023 635 5083 tu
653 5025 788 5096 aduam,
804 5023 890 5088 idest

95 5117 280 5194 praedicent
303 5117 546 5194 peccatoribus,
570 5120 627 5198 qui
653 5123 890 5199 comparantur

133 5257 159 5326 (l
194 5255 485 5339 Vulg.:noupotes.

133 5326 162 5466 (ᾗ
190 5326 277 5398 Vulg.
294 5342 302 5383 ε
318 5340 409 5453 quasa.
491 5399 497 5412 ·

146 5398 174 5462 tt
194 5395 305 5464 blorul,
322 5397 369 5454 lb.
382 5399 472 5468 xvh,
490 5413 519 5456 m
530 5414 555 5458 c.
569 5399 605 5458 26
616 5400 678 5470 tob,
696 5417 774 5461 num.
790 5403 835 5462 39.

135 5465 174 5536 tt)
190 5464 373 5524 intendentes
383 5469 515 5538 arcubus,
525 5479 579 5528 ete.
589 5471 759 5531 TesteS.Au
783 5475 889 5540 ustino,

97 5539 227 5620 Enarrat.
251 5537 280 5592 ln
300 5537 384 5620 istum
408 5539 553 5598 Psalmum
574 5541 702 5602 lxxvii
725 5561 732 5600 :
755 5487 890 5603 §annulli

96 5605 212 5664 codices
226 5619 314 5679 graecu
339 5605 445 5666 habere
459 5609 601 5683 dicuntur,
614 5613 764 5673 tendentes
778 5624 806 5673 et
822 5615 888 5674 mit·

936 2403 1056 2465 siastes
1069 2400 1113 2481 (1,
1127 2404 1175 2474 13,
1188 2403 1220 2463 et
1230 2404 1262 2473 3,
1280 2399 1332 2480 10)
1344 2400 1465 2462 :uvidi
1478 2400 1728 2490 occupationem

936 2517 1102 2578 magnam,
1119 2515 1218 2577 quam
1239 2497 1331 2560 dedit
1350 2500 1437 2560 Deus
1459 2497 1649 2559 hominibus
1667 2495 1728 2577 (6),

937 2601 972 2661 ut
993 2597 1238 2674 occuparentur
1256 2595 1291 2656 in
1318 2610 1368 2666 ea,
1390 2594 1426 2656 ut
1444 2593 1675 2657 distendantur
1689 2611 1726 2670 »3

935 2697 1022 2758 idest
1034 2694 1120 2756 sieut
1134 2693 1232 2772 pellis
1245 2691 1457 2767 distenditur,
1469 2691 1518 2753 sio
1533 2691 1634 2753 corda
1646 2707 1731 2754 ava·

937 2809 1062 2855 rorum.

976 2893 1055 2952 Haec
1069 2890 1120 2951 est
1134 2887 1308 2964 occupatio
1323 2887 1465 2949 terrenae
1478 2884 1728 2961 sollicitudinis,

937 3003 1002 3067 qua
1021 2985 1174 3062 occupati
1198 2985 1275 3046 sunt
1297 2983 1402 3046 avari.
1426 2983 1506 3046 Item
1531 2984 1733 3048 Proverbia-

937 3101 1011 3146 rum
1036 3081 1100 3162 (20,
1121 3079 1174 3160 26)
1197 3103 1205 3142 ι
1228 3097 1247 3141 s
1268 3081 1418 3157 Dissipat
1441 3081 1563 3158 impios
1586 3098 1647 3145 rex
1671 3099 1731 3146 sa·

937 3183 1043 3261 piens,
1065 3180 1188 3242 »idest
1207 3194 1338 3250 avaros,
1362 3193 1501 3254 quorum
1515 3179 1653 3253 ,animus
1673 3196 1734 3258 per

938 3280 1070 3342 diversa
1098 3277 1180 3341 vitia
1203 3276 1362 3353 vagatum
1393 3277 1427 3338 et
1451 3275 1607 3339 incurvat
1630 3295 1733 3356 super

938 3377 1013 3438 illos
1036 3376 1210 3446 fornicem,
1235 3373 1322 3436 idest
1344 3387 1459 3434 arcum
1482 3373 1731 3453 triumphalem,

938 3473 1025 3536 idest
1044 3471 1251 3548 triumphum
1282 3485 1390 3542 suum,
1414 3469 1565 3532 districte
1588 3475 1732 3534 commi-

939 3570 1060 3632 nando.
1095 3569 1292 3630 Pherezaeus
1319 3564 1560 3642 interpretatur
1593 3569 1732 3632 divisus.

938 3666 1093 3730 Jeremiae
1114 3664 1158 3744 (6,
1182 3665 1220 3724 13
1244 3664 1277 3725 et
1300 3663 1352 3741 14)
1368 3679 1375 3722 :
1393 3666 1453 3724 «A
1477 3663 1605 3726 minore
1628 3682 1735 3744 usque

940 3765 980 3826 ad
997 3765 1159 3837 majorem
1184 3775 1299 3822 omnes
1320 3759 1472 3820 auaritiae
1494 3760 1637 3834 student,
1660 3766 1733 3827 sta

939 3860 1104 3939 propheta
1128 3872 1233 3935 usque
1255 3855 1296 3918 ad
1321 3856 1528 3919 sacerdotem
1548 3873 1663 3922 omnes
1683 3859 1737 3924 ia-

940 3958 1033 4020 ciunt
1047 3956 1171 4017 dolum.
1184 3955 1223 4016 at
1233 3952 1396 4016 curabant
1409 3955 1643 4017 contritionem
1656 3958 1735 4020 illias

940 4054 1053 4134 populi
1073 4053 1139 4115 mei
1160 4068 1235 4115 cum
1257 4050 1452 4127 ignominia,
1473 4051 1633 4123 dicentes,
1650 4058 1734 4126 Pax,

940 4169 1018 4232 pax,
1040 4152 1073 4214 et
1095 4166 1162 4212 non
1177 4150 1251 4211 erat
1272 4164 1348 4226 pax.
1366 4165 1385 4208 a
1409 4149 1529 4211 Contra
1547 4150 1737 4230 hujusmodi

940 4251 1156 4313 Phoroneum
1177 4247 1264 4309 mitti
1285 4243 1407 4307 debent
1421 4245 1482 4307 tilii
1497 4247 1651 4326 Ephrem,
1669 4251 1738 4313 sci·

941 4348 1020 4410 licet
1033 4345 1111 4408 boni
1131 4343 1378 4423 praedicatores,
1395 4345 1431 4406 ut
1446 4359 1503 4406 eos
1523 4347 1663 4408 Domino
1678 4363 1737 4409 ac-

941 4444 1087 4523 quirant.
1107 4443 1189 4504 Item
1213 4442 1330 4502 eontra
1350 4441 1526 4518 Raphaim,
1547 4443 1604 4520 qui
1624 4444 1736 4506 iuter-

943 4542 1093 4619 pretatur
1117 4539 1242 4601 matres
1269 4536 1438 4610 resolutae,
1464 4539 1535 4599 sive
1561 4539 1734 4602 absolutae.

942 4637 1001 4699 Isti
1018 4638 1096 4698 sunt
1109 4635 1251 4713 praelati,
1268 4649 1408 4710 quorum
1424 4649 1542 4697 manus
1556 4636 1735 4699 mulierum

943 4732 1209 4795 misericordium
1222 4731 1384 4792 coxerunt
1396 4729 1482 4792 tilios
1497 4747 1595 4794 suos:
1613 4735 1646 4796 et
1657 4734 1737 4797 lacti

943 4831 1021 4894 sunt
1043 4830 1138 4893 cibus
1162 4844 1277 4891 earum
1300 4827 1335 4888 in
1358 4828 1558 4890 contritione
1578 4830 1655 4892 filiae
1676 4849 1739 4910 po-

942 4928 1013 5006 puli
1033 4927 1146 4990 mei.»
1173 4925 1322 5005 (Thren,
1343 4929 1373 4997 4,
1391 4922 1455 5003 10).
1482 4926 1640 4989 Mulieres
1661 4932 1740 4993 sunt

943 5023 1073 5104 praelati
1093 5021 1297 5095 effeminati,
1319 5023 1375 5099 qui
1397 5025 1543 5099 coquunt
1565 5024 1679 5088 haedos
1702 5028 1738 5090 in

942 5123 1029 5185 lacte
1043 5121 1160 5184 matris
1175 5135 1256 5192 suae,
1273 5119 1404 5182 scilicet
1417 5121 1609 5196 peccatores
1623 5124 1658 5184 in
1673 5125 1737 5187 de-

944 5269 1037 5346 tentas
1052 5260 1183 5330 arcubus,
1199 5267 1230 5317 ut
1249 5259 1312 5317 siue
1333 5258 1510 5318 dubitatione
1533 5260 1739 5324 subaudiamus

944 5341 1149 5474 ”tti‘baa.‚
1163 5399 1211 5458 uu
1226 5399 1317 5469 xv11,
1333 5399 1362 5458 u
1374 5415 1438 5486 qap.
1455 5401 1490 5460 u
1503 5402 1567 5486 sou,
1596 5459 1598 5462 ,
1719 5475 1724 5488 ¹

980 5475 1024 5548 (θ)
1044 5473 1131 5544 vulg,
1145 5488 1151 5528 :
1165 5472 1246 5554 Hanc
1260 5477 1476 5545 occupationem
1493 5488 1647 5546 pessimum
1661 5473 1738 5534 dedu

945 5543 1277 5606 mmmmmmm
