4204 6402
375 273 435 338 903
809 275 842 338 S.
869 274 1044 336 ANTONII
1070 274 1256 336 PADUANI
1285 277 1422 338 OPERA
1450 277 1596 340 OMNIA·
1931 283 1970 346 9οῖ

378 433 474 514 quasi
489 434 578 497 dicat
594 451 601 495 :
621 435 764 496 Necesse
778 435 839 506 est,
867 435 945 512 quia
970 431 1172 496 munitiones
1228 433 1383 497 Christus
1398 435 1432 498 et
1442 437 1625 510 leporibus,
1641 431 1725 497 idest
1736 433 1864 508 timidis,
1874 437 1972 502 alicn-

379 534 502 594 nostrae
531 532 699 608 dissipatae
726 533 814 604 sunt,
842 531 930 592 sicut
954 530 1114 597 habemus
1137 531 1172 590 in
1229 536 1348 603 nactis,
1365 531 1453 594 idest
1465 533 1614 603 minutis,
1638 532 1671 592 et
1685 532 1875 608 quotidianis
1887 552 1972 612 pecca·

378 629 520 691 Thronis
537 626 580 707 (2,
595 627 627 708 5)
644 646 681 689 :c
698 629 819 690 Factus
834 630 885 690 est
906 629 1065 690 Dominus
1081 627 1174 690 velut
1228 629 1337 690 torum
1352 629 1458 706 spinis
1468 629 1586 691 obsitis
1600 630 1651 690 est
1665 632 1845 708 reticulum.

378 726 556 788 inimicus:
575 725 797 804 praecipitavit
822 726 937 799 lsrael,
954 725 1175 802 praecipitavit

379 824 489 886 omnia
501 823 621 886 maenia
637 826 721 902 ejus,
737 822 941 901 dissipavit»
952 837 1067 884 omnes
1080 837 1175 882 amu·

379 921 524 984 nitiones
539 923 623 998 ejus,
638 923 671 982 et
683 920 869 997 replevitin
885 919 955 981 lilia
969 920 1055 983 Juda
1068 919 1176 983 humi·
1487 905 1627 966 SERMO
1649 904 1774 965 CXXX·

378 1017 507 1091 liatum,
524 1020 557 1080 θῑ
572 1017 792 1080 humiliatam.
807 1035 825 1078 b
840 1019 880 1081 Ei
901 1015 985 1078 bene
1004 1017 1095 1088 dicit,
1111 1030 1174 1076 Ve-
1282 1041 1940 1116 Qualiterlaudandus312D0US3d0mupppppjcp

378 1115 428 1178 lut
442 1117 610 1188 inimicus,
627 1115 705 1194 quia
717 1115 751 1176 in
765 1115 980 1176 veritatenon
995 1115 1048 1177 est
1061 1113 1177 1174 inimi·
1523 1131 1633 1204 jugppfl
1653 1131 1725 1204 ejus.

377 1231 449 1286 cus,
471 1213 528 1275 sed
550 1213 692 1284 videtur,
717 1228 792 1274 cum
818 1211 928 1288 gratia
954 1209 1172 1280 subtrahitur,

379 1328 445 1392 qua
479 1311 647 1372 subtracta
685 1309 913 1386 praecipitatur
941 1307 1059 1378 lsrael,
1088 1306 1176 1367 idest
1707 1365 1714 1378 ,
1777 1365 1811 1378 ,,

379 1410 503 1480 anima,
516 1423 590 1486 quae
606 1409 733 1484 Sponsa
747 1405 844 1468 debet
859 1420 932 1466 esse
945 1403 1081 1476 Christi,
1097 1403 1173 1480 quia
1268 1377 1383 1425 meum
1429 1365 1654 1425 “mmmmm
1692 1363 1865 1435 mimam
1899 1364 1973 1424 luam·

380 1506 543 1570 avertitur
555 1521 576 1566 a
590 1501 818 1580 complexibus
835 1501 955 1579 Sponsi
976 1515 1037 1576 per
1050 1515 1174 1576 pecca·
1271 1458 1373 1538 (Μ’
1389 1463 1440 1533 ⁷⁰³
1455 1462 1493 1522 14
1508 1460 1541 1523 et
1555 1459 1622 1540 ¹5⁶)

378 1605 460 1676 tum,
474 1605 509 1665 et
522 1603 600 1664 tunc
623 1601 813 1676 flagellatur
836 1599 877 1661 ab
892 1614 953 1672 eo;
976 1598 1010 1660 ei
1023 1613 1097 1674 quae
1116 1612 1176 1674 per
1268 1604 1342 1663 Vox
1363 1601 1463 1678 primi
1486 1601 1632 1664 hominis
1657 1598 1839 1662 reformati
1860 1597 1975 1660 Laudan-

379 1716 497 1778 poenas
521 1699 679 1761 destituis
702 1697 845 1768 videtur,
867 1711 927 1773 per
946 1694 1079 1770 flagella
1095 1710 1176 1755 cau·
1230 1699 1291 1759 dus
1304 1699 1391 1760 enim
1407 1701 1480 1760 erat
1492 1699 1651 1760 Dominus
1665 1697 1707 1758 ab
1720 1699 1803 1775 ipso,
1819 1696 1974 1774 quiaipsun

379 1799 446 1860 tius
469 1797 647 1858 revocatur
662 1816 669 1856 :
680 1793 927 1870 praecipitatur
952 1791 1173 1869 permissive:
1231 1795 1384 1858 formauit
1415 1795 1650 1867 abundantem,
1678 1795 1868 1870 elegantem,
1894 1795 1975 1870 poien-

1230 1268 1398 1340 Adjlclam
1416 1281 1524 1341 super
1539 1281 1677 1328 macra
1694 1268 1829 1328 laudem
1848 1266 1935 1327 triana.
1947 1267 1974 1328 ds

379 1893 633 1974 praecipitantur
669 1892 770 1952 etiam
806 1889 928 1950 maenia
962 1891 1045 1967 ejus.
1075 1889 1173 1960 Nota,
1229 1895 1307 1966 tem,
1323 1892 1361 1955 ul
1374 1893 1524 1956 innuitur
1537 1893 1572 1954 in
1590 1891 1710 1974 Genesi
1726 1889 1846 1970 (1,26),
1862 1889 1907 1950 ubi
1919 1889 1975 1949 dici·

379 1990 465 2070 quod
482 1991 516 2051 in
532 1989 667 2051 civitate
681 1989 759 2049 sunl
773 1986 923 2064 quaedam
946 1985 987 2046 ad
1011 1985 1174 2072 munitio·
1230 1992 1306 2051 tur:
1322 2007 1341 2049 c
1356 1990 1528 2053 Faciamus
1543 1989 1711 2051 hominem
1725 1988 1767 2050 ad
1782 1988 1944 2062 imaginem,
1955 1985 1975 2046 el

247 2139 249 2144 .
379 2103 467 2160 nem,
484 2085 607 2148 sivoad
624 2084 863 2158 defensionem,
878 2081 1060 2156 utiossata,
1075 2081 1174 2153 muri,
1230 2085 1479 2148 similitudinem
1503 2087 1667 2158 nostram;
1690 2084 1749 2146 sed
1776 2082 1974 2160 superlaudan-

378 2187 500 2256 turres,
513 2181 634 2246 etaliae
647 2181 837 2256 firmitatem
850 2179 1177 2258 quaedamueromae-
1230 2182 1304 2252 dus,
1320 2199 1394 2244 cum
1415 2182 1569 2246 omnihus
1590 2182 1687 2244 honis
1710 2182 1820 2259 ipsum
1842 2179 1975 2256 spoliatum

378 2282 437 2343 nia
447 2281 525 2343 sunt
535 2280 576 2342 ad
589 2279 753 2350 decorem,
772 2277 859 2338 sicut
869 2279 986 2354 major,
1005 2275 1058 2336 vel
1068 2275 1177 2336 minor
1231 2294 1290 2357 per
1305 2295 1400 2342 suam
1415 2279 1685 2351 inobedientiam,
1709 2279 1745 2340 in
1763 2278 1917 2358 meliorem
1927 2275 1975 2334 sta·

380 2377 525 2441 ambitus
538 2391 720 2446 murwum,
733 2373 828 2450 politi
843 2372 985 2449 lapidos,
999 2387 1042 2433 01
1057 2371 1176 2448 quibus
1231 2379 1299 2439 tum
1314 2392 1375 2438 sua
1388 2377 1572 2440 restituerit
1585 2375 1832 2450 misericordia;
1847 2359 1917 2452 quod
1929 2371 1976 2446 ipso

381 2476 560 2546 lactisunt,
573 2469 821 2550 aequidistantia
841 2469 1064 2544 fossorum,·et
1077 2467 1175 2530 simi·
1231 2474 1397 2552 Propheta
1413 2473 1597 2546 attendens,
1614 2473 1649 2534 in
1669 2489 1813 2552 persona
1826 2471 1917 2548 ipsius
1928 2467 1975 2528 all:

381 2573 440 2646 lia,
457 2587 531 2650 quae
542 2572 620 2631 sumt
630 2568 671 2629 ad
680 2569 833 2629 ornatum
842 2569 914 2642 ejus
929 2581 1110 2627 murorum.
1127 2566 1176 2626 lta
1230 2573 1398 2642 adjiciam
1410 2585 1665 2646 superornatam
1676 2573 1814 2632 muciam
1827 2569 1923 2634 tucm;
1934 2575 1977 2622 na·

381 2671 417 2732 in
431 2669 544 2732 anima
559 2666 710 2744 quaedam
728 2666 815 2736 sunt,
834 2664 907 2725 sine
922 2663 1041 2740 quihus
1055 2663 1177 2724 durare
1231 2667 1282 2744 gis
1303 2668 1391 2728 enim
1426 2667 1624 2736 laudandus,
1654 2667 1734 2745 quia
1769 2663 1924 2727 recrearit
1946 2658 1976 2719 lbi

381 2781 449 2830 non
463 2765 584 2842 posses,
601 2763 681 2840 quin
697 2761 820 2840 periret
843 2761 1015 2838 perpetuo,
1031 2761 1068 2823 ut
1082 2758 1174 2828 fides,
1231 2764 1320 2826 enim
1343 2765 1445 2836 namt,
1464 2765 1499 2826 et
1519 2764 1613 2839 sacca
1635 2765 1718 2826 aaut
1742 2783 1754 2825 .·
1773 2763 1826 2823 nn
1841 2760 1929 2822 sactus
1945 2755 1978 2816 as

382 2879 470 2940 spes,
486 2861 646 2936 charitas,
663 2859 866 2930 etvirlutes;
880 2859 913 2919 et
928 2857 999 2920 haec
1022 2855 1178 2933 praecipi·
1231 2861 1330 2923 homo
1353 2861 1425 2940 ipse
1450 2860 1610 2934 Christus,
1640 2875 1760 2938 passus
1789 2875 1845 2938 pro
1868 2853 1977 2920 bomine.

381 2963 552 3032 tatheus,
580 2959 614 3020 θῖ
640 2957 701 3018 illa
731 2955 884 3034 dissipat,
911 2969 986 3016 cum
1013 2953 1174 3024 tamilla,
1230 2961 1343 3034 Scrpcr
1359 2962 1495 3020 lamam
1509 2959 1614 3036 igitur
1630 2957 1811 3020 creationis
1833 2949 1978 3032 adjicienda

380 3074 480 3136 quam
495 3057 559 3119 ista
572 3055 614 3118 ab
629 3053 790 3128 Ecclesia,
805 3052 858 3113 vel
873 3050 914 3112 ah
927 3050 1038 3112 anima
1049 3049 1176 3112 auferri
1231 3055 1368 3117 asilaus
1382 3056 1613 3118 recreationis.

381 3154 543 3234 permittit
559 3174 566 3214 ε
582 3151 733 3231 quasdam
749 3150 884 3228 propter
907 3147 1027 3210 melius
1049 3163 1085 3208 se
1109 3147 1175 3208 ha·
1267 3146 1428 3230 'sequitur
1448 3173 1456 3212 :
1474 3155 1517 3216 Oa
1539 3167 1655 3216 meum
1676 3144 1978 3222 annunclooiljurli·

380 3251 472 3320 bere,
502 3252 538 3312 ut
563 3264 689 3326 genera
712 3249 915 3324 linguarum,
945 3243 1176 3320 interpretatio
1231 3251 1435 3312 ltomtoom.
1451 3250 1513 3310 Hic
1527 3251 1608 3312 dicit
1622 3249 1783 3322 Ecclesia,
1798 3246 1980 3328 quodamm-

380 3363 582 3419 sermonum,
608 3347 641 3408 et
661 3346 784 3408 donum
812 3344 955 3406 aliarum
978 3342 1174 3418 gratiarum,
1230 3345 1332 3408 ciebit
1341 3345 1509 3423 justitiam
1523 3347 1592 3420 Dei,
1618 3347 1712 3408 illam
1728 3345 1862 3416 scilicet,
1886 3341 1919 3401 de
1937 3347 1979 3414 pal

380 3461 455 3524 quae
470 3443 646 3506 subtrahit.
670 3443 819 3504 Gratiam
840 3441 897 3503 Dei
921 3439 1118 3518 precipitat,
1143 3439 1176 3502 ei
1230 3443 1310 3506 dicit
1330 3444 1437 3505 isaias
1453 3441 1518 3516 (56,
1536 3441 1567 3523 l)
1583 3466 1590 3504 ι
1609 3446 1736 3506 «Juxta
1763 3445 1813 3504 est
1830 3440 1979 3502 salusmea

381 3541 651 3619 dissipatanimae
662 3539 878 3614 munitiones,
892 3537 1173 3609 hocsstvirtutes,
1230 3543 1266 3602 ut
1278 3540 1402 3612 venial,
1419 3542 1453 3602 et
1463 3541 1593 3618 justitia
1603 3557 1689 3611 mea,
1701 3543 1739 3602 ut
1750 3539 1911 3602 reueletur.
1926 3533 1979 3602 011ae

379 3641 414 3702 et
427 3638 665 3712 moenia,⁴idest
678 3637 836 3700 Ecclesiae
848 3637 908 3698 Dei
920 3636 1008 3698 dona
1022 3635 1175 3696 diabolus
1230 3640 1273 3701 sit
1288 3637 1359 3700 hoec
1365 3637 1509 3714 justitia,
1525 3637 1560 3698 in
1575 3637 1689 3700 ecdem
1705 3637 1781 3714 post
1795 3649 1891 3714 pauca
1904 3627 1979 3690 haba

380 3737 548 3808 inimicus,
584 3735 718 3812 replens
751 3735 857 3806 illam,
883 3749 957 3812 quae
981 3731 1079 3796 debet
1101 3748 1175 3794 esse
1229 3735 1284 3797 tur
1298 3733 1422 3814 (udat
1433 3733 1467 3813 7)
1484 3753 1492 3794 ε
1508 3735 1676 3795 «Omnem
1691 3731 1916 3795 custodientem
1928 3721 1980 3784 sal-

380 3834 451 3896 lilia
465 3834 551 3898 Juda
579 3849 640 3911 per
663 3831 919 3902 consessionem,
941 3832 1173 3903 cumulatum,
1229 3831 1341 3893 batum
1356 3845 1398 3892 ne
1410 3829 1536 3908 polluat
1549 3829 1632 3891 illud
1647 3847 1666 3890 a
1679 3845 1740 3907 per
1753 3827 1947 3906 iniquitatem,
1959 3817 1980 3877 el

379 3931 615 3994 idestsensum
630 3929 799 3992 illecebris
818 3928 996 4004 irretitum,
1012 3929 1174 3990 ctbcmi·
1229 3943 1360 3989 omnem
1385 3928 1552 3988 tenentem
1577 3925 1696 3998 loedus,
1728 3925 1814 4003 quod
1838 3913 1980 4001 papiriis

379 4031 511 4100 liciam,
528 4027 615 4090 idest
633 4025 870 4102 cogitationem
896 4025 930 4086 in
955 4025 1088 4086 terrena
1111 4024 1173 4086 de·
1228 4024 1404 4102 baptismo,
1429 4024 1572 4086 talem
1605 4023 1769 4085 adducam
1801 4021 1840 4084 ad
1873 4015 1980 4078 montom

380 4141 534 4186 mersam.
552 4123 644 4197 Quod
660 4139 702 4184 ne
717 4122 858 4194 accidat,
875 4121 996 4183 clamet
1007 4121 1049 4183 ad
1062 4121 1175 4183 Domi·
1229 4123 1380 4185 sanctum
1391 4137 1511 4193 meum,
1525 4121 1684 4184 »scilicet
1696 4121 1829 4182 aterna
1839 4107 1979 4178 felicitatis.

378 4238 460 4287 num
482 4235 557 4282 cum
580 4219 770 4297 Propheta:
785 4220 869 4282 Esto
889 4221 974 4280 mibi
1000 4221 1037 4279 lc
1063 4221 1175 4280 mum
1230 4219 1408 4284 Sabbatum
1437 4218 1676 4296 interpretatur
1693 4217 1836 4296 requies,
1851 4227 1902 4290 per
1920 4200 1980 4284 quod

373 4319 619 4396 protectorem,
643 4317 719 4389 era,
736 4317 769 4379 et
785 4315 899 4377 dicat:
917 4317 1084 4382 Quoniam
1105 4316 1173 4386 Ιίν-
1229 4317 1422 4392 designatur
1437 4317 1564 4394 puritas
1579 4315 1804 4386 conscientiae,
1817 4313 1848 4374 et
1861 4297 1981 4380 tranquil·

378 4415 595 4478 momentum
611 4428 727 4476 mecm
743 4427 780 4476 es
800 4413 837 4473 tu
858 4410 975 4473 contra
1000 4408 1174 4472 lubricita-
1229 4414 1306 4475 litas
1321 4413 1452 4486 mentis,
1470 4427 1568 4492 quam
1593 4411 1651 4489 qui
1677 4427 1744 4472 non
1767 4403 1932 4474 turbaverit
1942 4407 1981 4474 per

378 4514 445 4576 tem
461 4513 600 4590 peccati.
619 4511 692 4582 Vel,
717 4509 980 4584 nrnmmcntum
1000 4523 1117 4572 mcum
1137 4523 1174 4570 es
1229 4513 1412 4590 peccatum,
1429 4514 1462 4572 et
1476 4509 1582 4571 loedus
1595 4525 1670 4571 cum
1682 4509 1820 4570 Domino
1834 4498 1932 4568 inierit
1941 4504 1981 4570 ptr

378 4613 428 4686 tu,
445 4627 487 4673 no
502 4609 645 4672 amando
671 4608 736 4669 sim
753 4606 902 4667 lubricus
926 4605 960 4666 in
984 4605 1094 4682 platea
1109 4621 1173 4666 vo·
1228 4607 1439 4686 baptismum,
1456 4606 1716 4683 inviolatumque
1740 4598 1919 4666 servaverit,
1932 4593 1980 4696 illi

378 4709 526 4787 luptatis,
550 4708 591 4768 de
612 4721 678 4783 qua
694 4704 729 4766 in
748 4702 890 4764 Threnis
908 4699 952 4780 (l,
977 4701 1029 4781 18)
1047 4723 1054 4764 ε
1069 4719 1087 4763 c
1102 4704 1172 4764 Lu·
1229 4708 1316 4768 Deus
1330 4706 1371 4766 de
1381 4704 1513 4782 Justitia
1528 4719 1589 4766 sua
1604 4702 1768 4764 ineffabili
1783 4699 1873 4761 ducet
1884 4699 1943 4756 eun
1957 4699 1979 4746 ll

376 4805 595 4869 bricarerunt
608 4802 751 4879 vestigia
767 4802 881 4863 nostra
891 4801 927 4862 in
940 4800 1071 4871 itinere,
1088 4800 1173 4862 »vel
1228 4803 1373 4865 montem
1385 4802 1537 4862 sanctum
1552 4815 1661 4871 sunm,
1677 4800 1741 4862 hoc
1756 4796 1851 4860 estin
1871 4786 1978 4890 celsitu·

377 4904 486 4980 capite
494 4902 640 4966 omnium
648 4901 856 4976 puteorum.
869 4900 906 4957 ln
916 4897 1063 4974 spatiosa
1071 4896 1170 4969 enim,
1228 4899 1337 4962 dinem
1353 4898 1522 4960 felicitatis
1535 4900 1680 4958 aeternae.
1698 4898 1744 4958 De
1768 4897 1857 4972 cujus
1871 4883 1978 4966 justius.

375 5002 410 5062 et
421 5001 490 5062 lata
505 4999 561 5062 uia
580 4996 761 5076 voluptatis
785 4994 885 5072 pedes
911 4991 977 5053 mei
1000 4993 1042 5055 ad
1057 4995 1172 5069 pejore
1228 4998 1334 5058 isaias
1349 4995 1413 5074 (59,
1431 4994 1482 5074 17)
1496 4993 1682 5056 :clndutus
1696 4995 1746 5056 esi
1757 4989 1892 5072 justitie,
1906 4983 1934 5041 ut
1945 4977 1979 5036 lo·

375 5101 454 5160 sunl
465 5097 506 5158 de
521 5096 612 5159 lacili
627 5092 802 5172 proclives.
814 5093 859 5153 El
871 5093 1049 5167 rosnaium
1056 5105 1173 5152 mcum
1227 5094 1308 5164 rica,
1325 5093 1358 5154 et
1376 5092 1472 5170 galea
1488 5091 1607 5152 salutis
1622 5069 1979 5166 incontaminabili

374 5195 463 5259 estu
481 5196 598 5256 contra
623 5193 777 5255 timorem
806 5187 942 5258 diaboli,
970 5189 1003 5248 et
1029 5189 1168 5264 peccati.
1227 5189 1361 5261 Christi,
1382 5188 1558 5263 divinitas;
1578 5193 1686 5264 polea,
1709 5184 1898 5248 humanitas.
1913 5167 1978 5234 Ulli

374 5296 445 5354 Hoc
468 5291 520 5353 est
546 5291 635 5352 enim
660 5287 838 5364 retugium,
869 5285 955 5362 quod
982 5283 1106 5346 dicitur
1134 5284 1169 5346 in
1225 5291 1323 5362 palca
1342 5288 1378 5347 lc
1393 5285 1515 5360 captia,
1541 5283 1732 5344 humanitas
1759 5283 1794 5343 in
1820 5267 1977 5339 divinitate:

375 5388 519 5452 Psalmis
535 5385 619 5466 (103,
637 5384 689 5464 18)
705 5402 712 5445 :
729 5383 859 5445 «Petra
885 5380 1051 5457 refugium
1079 5379 1172 5441 heri·
1227 5383 1319 5446 Sicut
1328 5383 1417 5444 enim
1424 5382 1521 5458 galea
1530 5381 1755 5457 caputoperit,
1767 5379 1814 5440 sic
1823 5367 1928 5436 Christi
1941 5363 1979 5420 ll·
2028 5433 2029 5444 ἵ

374 5486 496 5558 nsciis,
520 5487 553 5546 et
572 5482 741 5560 leporibus
766 5480 825 5560 (1),
849 5479 917 5540 alia
937 5479 1068 5552 littera;
1092 5477 1169 5555 quia
1226 5479 1369 5542 manitas
1380 5479 1586 5541 divinitatem
1601 5477 1782 5554 cooperuit,
1795 5474 1826 5536 et
1840 5453 1978 5533 celavisti

409 5601 451 5673 (l)
467 5597 570 5658 versio
588 5595 721 5665 Arabica,
735 5602 763 5653 et
776 5593 901 5668 Syriaca.
