4226 6406
313 221 382 308 ηηη

259 371 270 395 “
312 407 388 462 teret
397 401 518 460 meliora
527 401 634 460 cibaria
647 399 701 462 sibl
715 403 879 476 preparari.
891 401 1030 476 adquam
1042 413 1111 460 vere

313 491 467 563 praenitens,
482 497 512 548 et
533 488 714 562 praelatorum
733 491 908 563 exemplum,
929 492 988 548 ait:
1004 511 1017 543 ι
1034 493 1111 548 Bene

312 577 414 646 lateor,
438 577 534 647 irater,
551 577 626 650 quod
643 579 756 651 corpori
771 593 837 638 meo
854 580 934 652 plura
949 581 1110 638 necesmria

311 675 388 736 sunt,
411 681 466 724 nec
481 668 578 724 omnia
600 666 703 738 qulbus
724 666 845 740 indiget,
861 681 975 741 semper
996 668 1037 725 illi
1056 669 1109 724 ml·

313 757 413 814 nistre.
437 756 555 814 Memini
574 770 699 828 namque
716 771 762 814 mc
777 757 901 828 positum
919 758 1070 815 nilomino
1081 757 1111 814 in

313 845 467 902 mutorum
478 843 599 902 lormam
611 851 640 904 at
652 845 824 918 exemplum.
836 845 910 904 Nolo
921 859 993 920 ergo
1007 844 1108 903 lautio-

312 931 391 990 ribus
401 945 455 990 nco
475 931 729 992 abundantioribus
743 934 816 992 cibis
828 935 881 1004 uti,
898 933 949 992 sed
970 935 1070 1008 paucis
1084 941 1112 992 et

314 1021 495 1094 pauperculis
519 1022 596 1079 vesci
611 1038 620 1078 .·
638 1029 668 1079 el
691 1023 722 1080 in
734 1023 869 1082 omnibus
893 1037 957 1095 que
973 1022 1009 1080 ad
1023 1023 1111 1080 rilem

311 1123 387 1182 opus
401 1117 477 1180 sunt,
490 1109 714 1168 iissolumrnodo
728 1112 843 1185 gaudeo
857 1119 886 1170 ct
898 1110 1032 1182 delector,
1048 1125 1112 1184 quac

312 1205 444 1256 sancmm
456 1197 585 1258 redolent
595 1206 791 1272 paupertatem
798 1215 808 1271 ;
823 1199 879 1258 alia
889 1215 957 1258 vero
967 1213 1111 1272 quaecum·

313 1301 371 1359 que
385 1293 552 1360 sumptuosa
563 1295 592 1346 et
605 1286 727 1346 delicata
743 1289 857 1362 penum
876 1287 1017 1346 abhorreo
1030 1309 1041 1341 ι
1054 1287 1109 1363 (Ι).

561 1475 793 1545 conlocarunt
811 1475 861 1533 tx.

315 1589 450 1660 depulsor
458 1589 606 1648 Minorem
616 1607 672 1648 son
682 1591 741 1648 ali.
754 1591 906 1648 Froneiroo
920 1591 1109 1664 conpositum,

452 1677 499 1734 sed
510 1693 529 1734 o
539 1679 595 1736 Deo
604 1677 723 1750 desuper
733 1693 790 1735 esse
803 1693 970 1736 concessam.

349 1801 476 1858 Honorio
491 1801 585 1859 l'ertio
609 1801 727 1859 summo
742 1800 883 1871 Pontifici,
904 1801 953 1874 qui
968 1801 1108 1874 hequem

315 1888 457 1948 hinorum
472 1894 574 1946 octavo
589 1889 633 1947 sui
649 1889 833 1948 Pontificatus
853 1904 929 1948 anno
953 1889 1006 1948 sub
1031 1889 1109 1949 Bulla

314 1977 505 2047 conllrmavit,
517 1977 610 2050 aliqua
620 1977 748 2052 ejusdem
758 1979 881 2036 instituti
889 1985 1031 2051 precepta
1040 1975 1110 2035 dura

314 2065 401 2122 nimis
415 2071 445 2122 et
458 2064 592 2124 humanae
606 2065 800 2124 infirmitatem
813 2065 947 2140 graviora
962 2067 1022 2124 visa
1032 2073 1108 2124 sunt.

314 2154 433 2212 marum
446 2167 517 2228 ergo
532 2155 644 2212 Patrem
657 2153 787 2212 hortatus
801 2161 855 2224 est,
866 2161 898 2214 ut
911 2153 1041 2228 quedam
1055 2154 1108 2210 mi·

314 2243 429 2314 ligaret,
446 2241 576 2316 quedem
593 2249 725 2312 mutaret,
750 2243 805 2300 alia
829 2257 898 2300 vero
924 2244 1041 2302 omnino
1056 2242 1108 2300 tol·

312 2329 395 2388 leret.
416 2331 466 2390 Cui
485 2331 587 2390 heatus
615 2332 792 2406 legislator:
811 2352 822 2384 ι
847 2333 920 2405 ligo,
947 2330 1110 2390 beatissime

313 2420 408 2490 Pater,
425 2426 565 2492 praeoepta
582 2427 631 2478 aut
645 2420 732 2478 verba
744 2421 792 2478 illa
805 2420 835 2478 in
856 2420 965 2494 Regula
987 2434 1044 2478 non
1057 2434 1109 2492 po·

314 2507 369 2578 sui,
392 2506 445 2566 sed
459 2506 598 2578 Christus,
614 2507 662 2580 qni
684 2509 781 2566 omnia
800 2508 879 2566 utilia
900 2515 930 2566 et
948 2508 1109 2566 necesaria

317 2595 403 2654 saluti
427 2595 588 2652 animarum
613 2609 647 2652 ac
670 2592 799 2664 fratrum,
818 2601 847 2652 et
871 2594 948 2654 bono
970 2596 1057 2654 statui
1082 2602 1111 2654 et

310 2682 526 2742 conservationi
546 2681 714 2756 Religionis,
739 2681 841 2741 molius
861 2681 996 2740 omnibus
1018 2683 1107 2754 novit,

312 2769 417 2841 cuique
432 2769 539 2838 omnia,
564 2784 628 2842 que
649 2776 768 2828 ventura
791 2776 858 2828 sunt
876 2771 906 2827 in
930 2769 1057 2828 Ecclesia
1081 2777 1110 2830 et

314 2857 465 2930 Religione
478 2863 584 2926 nosue,
610 2858 767 2936 praesentia,
788 2863 855 2916 sunt
875 2864 905 2916 et
922 2865 1028 2932 patent.
1044 2859 1109 2918 Non

314 2960 386 3020 ergo
399 2944 491 3003 debeo
505 2959 559 3004 neo
571 2961 687 3020 possum
699 2945 802 3006 Christi
822 2946 908 3008 verba
919 2955 1040 3017 mutere,
1062 2953 1110 3007 aut

313 3034 433 3092 omnino
448 3033 563 3094 abolore
576 3055 587 3087 ι
600 3032 651 3108 (i).

567 3211 798 3280 conlocutum
817 3209 853 3267 X.

311 3333 1108 3482 Admaquumllcclraielprlosectumocrimioeutlcrrrc,

652 3439 666 3478 e
679 3437 793 3494 spuma.

347 3537 467 3598 Obviam
482 3552 514 3598 sc
539 3535 665 3596 habuere
681 3537 711 3594 ln
735 3537 810 3595 Urbe
831 3537 876 3595 vir
889 3537 951 3606 Dei,
964 3544 994 3596 et
1005 3536 1109 3596 beatus

312 3627 397 3685 Potor
411 3633 508 3686 noster
524 3626 691 3684 Dominicus
710 3625 929 3684 Praedicatorum
948 3624 1108 3700 patriarcha

310 3721 340 3774 et
352 3714 484 3774 laudator
497 3715 619 3788 inclytus
631 3712 750 3787 :quibus
764 3715 838 3771 seria
850 3713 981 3788 quaedam
996 3714 1032 3772 ad
1047 3715 1108 3772 ani·

312 3818 424 3864 marum
437 3804 569 3872 salutem,
585 3810 613 3860 ct
625 3803 745 3876 plurima
759 3802 795 3859 ad
810 3803 946 3860 Ecclesiae
961 3801 1109 3860 catholice

310 3893 535 3950 emolumentum
554 3898 583 3947 et
602 3905 703 3964 pacem
725 3905 823 3948 secum
843 3891 1067 3965 proponentibus
1082 3897 1110 3948 et

310 3981 538 4052 disponentibus,
553 3979 592 4036 ait
604 3977 820 4052 predicatorum
832 3993 955 4053 magnus
967 3979 1012 4036 illc
1023 3977 1109 4036 decor

312 4067 348 4126 ad
362 4068 470 4126 socium
484 4074 512 4124 et
523 4068 647 4124 amicum
658 4083 741 4124 suum
759 4068 942 4124 Franciscum
958 4083 965 4125 :
984 4069 1108 4126 «Frater

312 4156 472 4224 carissime,
490 4163 603 4228 propter
618 4168 755 4227 magnam
770 4169 865 4212 meam
878 4155 1108 4214 tecumnecessl-

313 4243 452 4312 tudinem,
465 4242 678 4316 praecordialem
703 4256 772 4316 erga
796 4241 869 4300 filios
887 4251 952 4301 tuos
969 4257 1107 4314 amorem,

313 4338 342 4390 ct
356 4332 435 4405 pacis
446 4329 687 4404 fraternitatisque
699 4332 772 4388 inter
784 4337 848 4388 tuos
859 4339 887 4389 et
904 4345 985 4388 meos
999 4331 1107 4388 stabili·

313 4427 413 4489 tatem,
427 4426 562 4492 utrosque
578 4419 734 4494 gauderem
750 4418 802 4477 sub
819 4433 875 4476 una
891 4420 1040 4493 Religionc
1053 4419 1106 4476 mi·

312 4509 411 4579 lilare;
429 4514 458 4567 ut
472 4523 543 4580 quos
556 4509 671 4565 Petrum
685 4506 784 4564 llrmus
799 4521 879 4564 amor
901 4509 939 4565 ita
952 4507 1108 4580 conjunxit,

312 4597 472 4672 Religionis
488 4599 612 4655 autvitae
626 4595 779 4669 disparitas
796 4609 853 4653 non
868 4595 1015 4653 dissolvat.
1031 4616 1042 4646 ι
1058 4595 1108 4654 Cui

311 4701 424 4744 summa
447 4684 608 4742 humilitate
624 4683 812 4742 Franciscus:
838 4685 976 4741 «bivine
994 4690 1038 4741 est
1056 4697 1107 4740 vo·

312 4775 439 4842 luntatis,
458 4773 655 4832 amentissime
669 4775 777 4842 Frater,
792 4771 868 4844 quod
880 4771 984 4828 lactum
998 4777 1052 4840 est,
1074 4771 1109 4828 ab

312 4861 580 4934 aequeordinatam
595 4860 808 4919 estdiversasa
831 4860 913 4918 nobis
930 4859 1042 4919 landari
1053 4862 1107 4918 lte·

312 4949 448 5022 ligiones,
464 4957 494 5006 ut
516 4951 545 5006 in
567 4951 715 5022 utriusque
737 4949 887 5016 varietate,
903 4954 1109 5021 preceptorum

312 5037 488 5107 diversitate,
504 5036 616 5096 illorum
630 5039 736 5110 rigore,
756 5045 785 5095 et
799 5036 902 5094 horum
916 5037 1043 5107 ienitate,
1056 5051 1108 5094 va·

347 5215 388 5286 (Ι)
408 5214 518 5283 Pisan,
532 5213 581 5271 llb.
596 5216 633 5283 ΙΙ,
646 5214 729 5285 Cous.
741 5215 767 5272 7.

349 5287 390 5357 (Ι)
407 5287 515 5354 Pisum,
529 5285 577 5342 lib.
594 5287 617 5353 l,
630 5285 713 5356 Gens.
725 5285 754 5353 9,
771 5283 876 5342 memb.
892 5286 919 5342 Ι.

348 5359 389 5429 (3)
405 5357 513 5425 Pisan,
527 5355 576 5412 lib.
595 5357 619 5423 l,
636 5355 719 5425 Gens.
734 5355 777 5422 li,
803 5356 831 5412 in
846 5356 949 5427 prino.;
970 5351 1110 5413 Pelbar.a

313 5429 447 5488 Thomas.
473 5427 561 5484 Sem.
578 5425 614 5482 de
626 5425 657 5482 B.
684 5425 847 5496 l‘ranclsco,
863 5425 931 5485 Cod.
948 5426 1007 5484 lis.
1028 5427 1110 5494 Fan,

312 5500 392 5642 0’ὦ
407 5570 490 5638 eon,
502 5583 527 5626 c.
539 5569 566 5636 a,
582 5573 644 5640 poa
656 5565 751 5636 med.;
770 5566 877 5636 erran,
890 5565 938 5624 ιη.
952 5569 975 5634 1,
988 5568 1070 5637 coss.
1083 5567 1111 5636 o,

747 246 780 307 S.
804 239 1024 308 emulatur
1044 247 1272 310 eaelamnls
1294 246 1522 312 pellaeum.

1899 255 1957 316 lot

1165 405 1259 464 rietatl
1270 402 1456 466 cumanum
1473 407 1608 466 humanae
1620 407 1802 480 inllrmltatls,
1818 411 1960 483 atquibus

1164 493 1228 552 boec
1246 508 1305 552 non
1322 495 1446 568 placent,
1460 497 1505 554 llla
1518 511 1577 554 non
1591 497 1769 572 displiceant,
1784 499 1890 572 quibus
1902 515 1960 558 una

1165 581 1368 653 duravidctur,
1392 586 1480 643 altera
1504 586 1596 643 lenior
1612 595 1758 659 appareat,
1783 595 1813 644 ct
1837 589 1881 645 sio
1903 603 1959 646 non

1165 673 1250 728 unitas
1266 672 1425 746 Religionis
1453 675 1595 746 angustiis
1618 676 1695 733 Deus
1717 677 1829 735 animas
1849 677 1959 750 perdat,

1165 759 1216 816 sed
1227 759 1344 818 alterius
1355 762 1513 836 capacitate
1527 763 1651 820 lucretur
1668 783 1680 814 ι
1702 764 1751 837 (3).

1408 939 1641 1010 conloquium
1663 941 1715 1000 ΙΙΙ.

1253 1053 1306 1114 Del
1318 1069 1411 1114 amoos
1425 1071 1478 1128 quo
1487 1057 1641 1114 sanctiores
1652 1073 1683 1116 co
1694 1057 1871 1118 humiliores.

1200 1179 1305 1238 Beatus
1316 1177 1402 1238 irata
1409 1179 1559 1250 Pacificas,
1570 1195 1635 1240 oum
1647 1181 1675 1238 ia
1689 1182 1826 1242 comimtu
1840 1184 1895 1242 viri
1909 1185 1959 1244 llci

1164 1274 1252 1338 esset,
1264 1273 1294 1328 et
1305 1282 1363 1326 una
1377 1270 1519 1340 cumipse
1533 1270 1563 1328 in
1585 1269 1706 1330 molesia
1721 1273 1749 1330 S.
1766 1272 1842 1332 Petri
1854 1271 1891 1332 de
1905 1275 1957 1332 Bo·

1166 1356 1247 1414 nario
1267 1371 1356 1428 propa
1379 1357 1511 1416 'brevium
1528 1357 1649 1418 l'erventi
1668 1367 1763 1418 oraret
1791 1359 1906 1432 alleetu,
1930 1363 1959 1420 in

1164 1443 1254 1502 camsi
1275 1444 1378 1516 lactus,
1393 1445 1464 1505 vidit
1484 1447 1558 1506 inter
1581 1447 1684 1508 multas
1709 1448 1740 1506 in
1765 1449 1839 1508 coelo
1864 1449 1960 1520 mdes,

1165 1546 1252 1592 unam
1263 1534 1367 1592 ceteris
1380 1533 1552 1608 digniorem,
1567 1537 1699 1608 pretiosis
1721 1545 1852 1598 muctam
1864 1538 1959 1612 lapidi

1164 1621 1230 1690 bus,
1245 1628 1274 1680 et
1285 1622 1364 1680 omni
1383 1623 1474 1696 gloria
1490 1621 1691 1698 refulgentem.
1704 1626 1822 1686 lliratus
1843 1627 1917 1684 intra
1928 1641 1959 1684 sa

1165 1710 1294 1782 precelsi
1311 1709 1405 1768 throni
1421 1708 1636 1786 refulgentiam,
1652 1715 1736 1772 anxia
1749 1715 1836 1787 coepit
1847 1715 1957 1788 cogita·
2075 1759 2076 1766 ,

1164 1797 1242 1856 lione
1262 1799 1437 1870 perquirere,
1462 1801 1527 1872 quis
1550 1799 1587 1858 ad
1606 1801 1685 1860 illum
1705 1801 1822 1861 deberat
1842 1803 1959 1862 assumi.
2076 1867 2077 1870 Ἴ

1165 1887 1207 1944 lta
1218 1886 1394 1958 stupefactus
1404 1888 1620 1948 audiritvocem
1630 1888 1774 1948 dicenoem
1784 1889 1857 1948 sibi:
1870 1891 1959 1950 Sedes

1163 1974 1217 2032 ista
1237 1976 1322 2036 unius
1335 1975 1371 2034 de
1389 1976 1537 2038 ruauuhus
1555 1977 1617 2047 luit,
1637 1985 1666 2036 et
1684 1993 1762 2036 nuno
1780 1978 1881 2038 humili
1900 1995 1958 2038 ser·

1164 2071 1246 2122 vatur
1261 2066 1423 2126 Francisoo.
1440 2067 1583 2125 Reversus
1594 2066 1710 2126 demum
1725 2067 1813 2126 irater
1827 2067 1864 2128 ad
1878 2083 1911 2126 se
1926 2069 1959 2126 ab

1164 2153 1302 2212 orationis
1324 2167 1456 2224 exoemu,
1469 2155 1561 2214 virum
1581 2153 1696 2214 beatum
1713 2157 1835 2214 comesis
1859 2171 1961 2214 exeun

1164 2249 1223 2302 mm
1240 2243 1324 2302 solito
1342 2242 1394 2302 luit
1413 2258 1492 2302 more
1511 2251 1636 2304 secutus.
1654 2245 1782 2317 Cumque
1795 2245 1960 2304 incedentes
2080 2230 2081 2244 ¹

1166 2347 1217 2404 per
1234 2333 1312 2390 vlam
1326 2330 1363 2390 de
1385 2333 1445 2390 lieo
1466 2333 1591 2392 invicem
1614 2333 1853 2406 colloquerentur,
1876 2333 1961 2392 irater
2081 2349 2082 2372 l

1163 2421 1212 2478 ille
1235 2420 1354 2478 visionis
1376 2435 1437 2480 sua
1459 2435 1518 2480 non
1542 2423 1702 2490 immemor,
1724 2422 1844 2480 solerter
1869 2423 1906 2482 ab
1927 2439 1961 2482 eo

1165 2509 1304 2581 quaesivit,
1319 2507 1387 2580 quid
1400 2509 1436 2566 de
1450 2510 1545 2582 seipso
1559 2511 1686 2570 sandrat.
1707 2510 1751 2569 Ad
1766 2525 1850 2583 quem
1866 2510 1958 2570 burni-
2083 2574 2084 2578 Ἰ

1164 2596 1228 2654 liter
1248 2597 1351 2656 Christi
1374 2613 1484 2656 servus,
1512 2597 1628 2668 Videor,
1653 2599 1702 2670 ait,
1727 2598 1798 2656 mihi
1820 2599 1961 2657 maximus

1165 2693 1355 2758 peccatorum.
1378 2685 1429 2746 Cel
1448 2701 1514 2744 cum
1538 2686 1624 2744 irater
1642 2685 1749 2745 diceret
1770 2701 1806 2744 cx
1828 2687 1959 2746 adverso.

1166 2775 1226 2832 lloc
1237 2789 1294 2832 non
1307 2781 1399 2847 potes,
1413 2777 1508 2845 Pater,
1518 2789 1589 2834 sana
1601 2777 1777 2834 conscientia
1788 2775 1896 2847 dicere,
1908 2792 1962 2836 nec

1164 2863 1286 2934 sentire;
1309 2861 1480 2935 subjunxit:
1503 2885 1515 2916 ι
1537 2865 1567 2923 Si
1586 2871 1850 2938 quantumcumque
1870 2865 1959 2923 scele-

1164 2957 1257 3009 ratum
1272 2951 1419 3010 bominem
1430 2958 1508 3010 tanta
1520 2951 1619 3011 luisset
1628 2952 1961 3012 chrismsmiserlcordla

1164 3045 1342 3110 prosecutus,
1359 3039 1478 3097 arbitror
1500 3054 1570 3099 sane
1585 3040 1660 3115 quod
1676 3041 1775 3111 multo,
1792 3056 1879 3114 quem
1894 3056 1960 3116 ego,

1164 3127 1224 3185 Deo
1238 3127 1347 3202 gratior
1361 3135 1438 3188 esset
1453 3150 1464 3180 ι
1482 3127 1535 3202 (l).

1405 3303 1638 3376 conlooultln
1657 3303 1721 3365 xll.

1217 3419 1399 3478 aasabim
1411 3421 1580 3479 Sanctorum
1593 3435 1613 3476 o
1625 3420 1683 3478 Deo
1696 3421 1863 3492 provenire,
1879 3419 1911 3478 in

1380 3523 1495 3582 eumque
1508 3523 1566 3566 esse
1578 3509 1738 3581 reserenda.

1198 3625 1303 3684 Beatus
1326 3621 1413 3680 irater
1441 3622 1589 3691 bassaus,
1619 3635 1696 3680 unus
1717 3635 1753 3678 ex
1776 3621 1853 3680 besti
1874 3621 1962 3694 patris

1163 3710 1320 3784 discipulis,
1336 3723 1434 3768 secum
1450 3709 1587 3769 hesitans
1601 3717 1629 3768 et
1643 3709 1796 3781 deomena,
1813 3725 1850 3768 an
1860 3725 1896 3767 ex
1908 3709 1959 3768 ho·

1163 3815 1244 3871 nore,
1264 3813 1321 3872 quo
1341 3799 1433 3856 virum
1457 3799 1510 3856 nei
1530 3799 1625 3856 cuncti
1649 3800 1745 3872 populi
1766 3807 1796 3857 et
1819 3799 1962 3872 principes

1164 3887 1419 3962 prosequebantur,
1439 3887 1643 3960 aliquantisper
1663 3889 1833 3960 superbiret,
1856 3895 1885 3945 et
1907 3887 1959 3946 hu·

1164 3977 1291 4036 militatis
1306 3983 1433 4050 paterna
1447 3976 1653 4048 experientiam
1674 3975 1793 4045 iaciens,
1807 3983 1960 4034 exeuntem

1163 4066 1270 4124 osllva
1289 4063 1424 4137 quadam,
1445 4065 1475 4121 ia
1496 4079 1550 4136 qua
1572 4079 1622 4137 per
1643 4065 1750 4138 aliquot
1772 4065 1834 4122 dies
1857 4065 1960 4133 oravit,

1163 4167 1270 4228 magna
1289 4153 1437 4210 hominum
1457 4153 1637 4211 multitudine
1655 4155 1833 4224 comitatum,
1854 4165 1961 4226 magna

1163 4257 1235 4298 vooe
1245 4241 1334 4299 veluti
1349 4241 1573 4299 admirabundus
1587 4242 1796 4314 interrogavit:
1813 4241 1894 4300 Unde
1907 4239 1961 4298 hoo

1163 4328 1459 4388 tibiiuadehootibi?
1469 4329 1545 4386 unde
1555 4328 1611 4387 hoc
1621 4328 1958 4402 nbitnesponditpater:

1163 4418 1256 4489 Quid?
1266 4419 1316 4478 Cui
1329 4419 1395 4476 ille:
1412 4417 1492 4487 Quod
1507 4426 1583 4476 totus
1597 4417 1721 4476 mundus
1733 4426 1761 4476 te
1776 4419 1917 4486 venerari,
1934 4423 1960 4474 te

1162 4509 1277 4576 sectari,
1287 4507 1403 4576 imitari,
1417 4512 1446 4564 el
1455 4506 1536 4579 sequi
1547 4504 1691 4566 videatur:
1706 4520 1808 4564 omnes
1821 4515 1849 4564 te
1863 4505 1960 4564 audire

1163 4596 1336 4662 desiderant,
1348 4603 1376 4653 ta
1384 4593 1481 4652 uidere
1491 4595 1618 4666 cupiunt,
1628 4595 1678 4652 tibi
1687 4594 1804 4652 obedire
1815 4593 1958 4652 festinant.

1164 4682 1245 4744 Unde
1259 4683 1337 4741 hoo?
1350 4685 1403 4754 lu,
1419 4699 1476 4740 ηηη
1491 4697 1524 4740 es
1538 4681 1656 4755 pulcher
1675 4690 1725 4740 aut
1740 4681 1872 4753 decorus,
1891 4683 1962 4740 satis

1164 4771 1276 4830 modica
1297 4773 1374 4830 lucet
1396 4771 1427 4829 in
1451 4779 1479 4830 te
1500 4771 1641 4844 sapientia
1662 4778 1710 4829 aut
1731 4771 1862 4840 selentia,
1881 4772 1962 4828 tenui

1163 4861 1247 4934 viges
1259 4859 1416 4920 nobilitate.
1430 4859 1512 4919 Unde
1523 4871 1595 4932 ergo
1609 4859 1684 4932 quod
1697 4864 1774 4917 totus
1786 4859 1912 4918 mundus
1925 4859 1961 4918 ad

1164 4957 1193 5008 te
1206 4950 1314 5019 veniat,
1334 4955 1364 5006 et
1383 4955 1447 5022 post
1465 4957 1494 5006 te
1507 4947 1614 5006 vadati
1635 4947 1704 5017 osa
1725 4954 1756 5006 ul
1775 4947 1883 5006 audivit
1906 4947 1959 5006 hu·

1164 5038 1300 5097 mllllmus
1314 5035 1365 5096 liei
1380 5051 1491 5108 servus,
1508 5037 1611 5096 erectis
1624 5049 1674 5110 per
1689 5035 1833 5094 modicum
1848 5043 1963 5110 tempus

1165 5222 1193 5272 el
1206 5215 1253 5272 lib.
1270 5215 1307 5283 ll,
1322 5215 1404 5286 Cous.
1418 5215 1450 5286 b;
1466 5216 1564 5286 Lepre
1580 5214 1643 5270 cal*
1701 5227 1785 5286 ‚cap
1802 5213 1843 5270 lle
1853 5215 1963 5284 persec-

1164 5285 1362 5354 timrelrumil,
1376 5284 1411 5342 ad
1422 5284 1497 5342 med.
1508 5300 1517 5356 ;
1529 5283 1611 5353 lind,
1623 5285 1643 5341 li
1665 5327 1672 5342 .
1686 5287 1723 5354 ll,
1735 5291 1816 5342 tract.
1828 5283 1864 5341 de
1877 5285 1961 5342 Oreo.

1165 5359 1197 5414 Β.
1215 5358 1328 5425 erano,
1368 5363 1413 5413 ost
1431 5353 1524 5425 med.;
1541 5353 1648 5424 sedul,
1663 5355 1712 5438 lib.
1734 5355 1758 5424 Ι,
1777 5355 1874 5438 apol„
1894 5369 1959 5482 cog.

1165 5427 1227 5496 ult,
1251 5440 1330 5483 num.
1373 5440 1382 5498 ;
1405 5427 1482 5494 Ant,
1507 5427 1546 5484 lll
1567 5433 1639 5498 part.
1662 5427 1750 5494 lirul,
1770 5432 1813 5483 ιιι.
1833 5425 1910 5498 ΙΙ,5
1952 5441 1960 5496 ;

1166 5497 1475 5624 gelrffl’dgeffiemde
1496 5497 1529 5553 B.
1554 5498 1676 5561 Fratrem
1700 5497 1784 5554 llern.
1809 5495 1846 5554 de
1870 5497 1962 5564 Busl.,
