4114 6396
76 266 140 327 957

74 426 221 500 petram,
245 421 374 484 scilicet
394 421 436 484 ad
461 419 628 484 Christum
647 419 752 480 lilium
776 434 874 480 suum

75 519 242 582 accedens
269 518 416 596 quotidie
441 518 584 595 percutit
614 533 689 578 cum
713 515 873 578 instanlia

75 633 232 696 precum;
249 618 283 678 et
301 630 344 676 ex
364 631 403 677 eo
425 617 549 676 exeunt
562 630 657 691 aquae
679 613 872 674 misericor-

74 715 154 786 diae,
172 714 212 774 de
235 711 353 790 quibus
376 713 472 773 Isaiae
496 709 559 790 (55,
578 708 609 789 1)
625 732 632 770 :
648 727 666 772 a
684 712 805 771 Omnes
821 709 872 769 si-

72 811 200 872 tientes
214 808 326 869 venitc
341 807 520 885 adaquas:
538 809 571 869 et
585 807 641 884 qui
660 822 727 869 non
744 804 873 866 habetis

74 907 264 982 argentum,
290 906 478 981 properate,
504 905 615 977 emite,
641 907 674 965 et
695 901 871 976 comedite,

74 1005 179 1064 emite
197 1001 322 1078 absque
335 1003 485 1077 argento,
500 1003 533 1063 et
557 999 681 1077 absque
694 999 762 1060 ulla
777 1015 873 1060 com-

73 1101 263 1162 mutatione
275 1099 401 1171 vinum,
416 1100 447 1159 et
463 1098 527 1160 lac.
542 1115 559 1158 a
574 1100 696 1159 Omnes
709 1096 871 1166 sitientes,

73 1197 165 1259 idest
177 1195 376 1273 poenitentes
389 1195 429 1256 de
445 1195 604 1272 peccatis,
618 1194 675 1272 qui
690 1193 791 1254 vultis
807 1193 872 1253 ba-

73 1294 158 1356 bere
172 1293 297 1354 fluenta
310 1293 439 1368 gratiae,
455 1287 630 1368 properate
643 1289 685 1352 ad
700 1290 874 1367 praemium

75 1407 140 1469 per
176 1388 432 1461 confessionem,
472 1391 505 1450 et
539 1387 784 1466 poenitentiam3
820 1386 873 1446 vel

75 1491 257 1567 properate
271 1503 331 1564 per
345 1486 455 1562 tidem,
469 1487 502 1548 et
515 1486 759 1560 contritionem,
775 1483 874 1544 emite

74 1601 140 1663 per
159 1584 413 1656 contessionem,
440 1585 474 1645 et
495 1583 656 1644 comedite
677 1597 736 1660 per
757 1581 874 1658 gratiae

73 1683 291 1754 infusionem,
308 1681 344 1741 in
358 1697 422 1760 qua
436 1679 670 1742 delectemini:
692 1678 801 1750 emite,
820 1678 875 1739 in-

77 1797 192 1858 quam,
217 1779 342 1856 absque
366 1779 505 1853 argento
535 1776 698 1838 bonorum
721 1791 871 1852 operum,

75 1879 114 1938 et
134 1876 258 1952 absque
280 1873 348 1935 ulla
380 1873 638 1936 commutatione
664 1871 871 1944 meritorum,

74 1975 133 2036 vel
158 1987 309 2050 operum3
334 1969 388 2032 rel
412 1971 485 2031 sine
512 1970 663 2045 argento,
690 1968 777 2029 idest
800 1967 873 2028 sine

74 2071 188 2132 nitore
207 2069 369 2138 bonorum
388 2082 537 2145 operum.
559 2065 622 2129 Ubi
640 2065 767 2144 aliquid
786 2064 873 2125 emi-

74 2170 146 2240 tur,
167 2167 258 2228 aliud
282 2167 380 2228 datur
399 2181 459 2243 pro
479 2165 612 2240 empto:
635 2163 693 2223 sed
716 2161 772 2239 qui
796 2176 875 2238 pec-

76 2266 174 2327 cator
187 2266 248 2338 est,
264 2279 331 2324 non
346 2261 447 2324 babet
461 2261 672 2338 bonum,per
686 2260 772 2336 quod
788 2259 875 2319 emat

76 2363 223 2439 gratiam
239 2361 310 2432 Dei,
328 2360 385 2421 sed
406 2359 530 2421 malum
544 2357 655 2430 babet,
679 2355 766 2433 quod
787 2357 874 2416 Deus

75 2476 148 2521 non
163 2459 258 2520 curat
272 2473 331 2535 pro
354 2455 481 2533 pretio:
499 2455 578 2532 quia
599 2469 696 2516 omne
717 2451 839 2513 bonum
855 2467 875 2512 a

75 2561 160 2630 Dee,
177 2555 233 2618 sed
247 2555 371 2616 malum
384 2570 404 2616 a
418 2553 526 2625 nobis,
542 2555 575 2614 et
590 2569 609 2614 a
624 2549 757 2612 diabolo
772 2549 876 2610 babe-

76 2671 170 2730 mus;
196 2655 229 2715 et
252 2653 326 2714 ideo
353 2651 390 2714 tit
422 2651 507 2712 illud
540 2649 776 2711 commercium
803 2647 875 2708 sine

77 2751 338 2816 commutatione
372 2749 496 2827 aliqua,
520 2747 616 2826 quasi
645 2745 762 2810 dicat:
788 2746 875 2806 Deus

77 2849 211 2912 confert
225 2849 368 2926 gratiam
383 2847 499 2923 gratis.

122 2948 202 3009 Item
222 2960 281 3007 cor
303 2944 423 3005 durum
444 2941 630 3019 percutitur
648 2939 745 3014 virga
768 2937 874 2999 disci-

77 3045 194 3123 plinae,
212 3058 311 3120 quam
325 3044 412 3102 Deus
427 3039 591 3114 immittit;
610 3039 643 3099 et
659 3037 767 3098 fluunt
781 3050 875 3113 aquae

77 3139 357 3220 compunctionis
373 3141 406 3200 et
419 3137 659 3214 lacrymarum
677 3133 764 3194 unde
781 3134 877 3195 lere-

77 3241 157 3303 miae
174 3238 237 3316 (31,
253 3236 287 3317 9)
301 3259 308 3297 :
328 3238 395 3297 «In
409 3233 647 3304 fletubenient,
670 3233 702 3293 et
719 3231 754 3292 in
774 3231 877 3292 mise-

78 3336 227 3400 ricordia
251 3335 419 3406 reducam,
446 3333 498 3394 uel
521 3332 557 3392 in
577 3330 732 3407 precibus
750 3327 820 3409 (1):
845 3327 878 3389 et

80 3434 242 3496 deducam
256 3430 303 3511 (2)
320 3446 377 3493 eos
399 3429 637 3507 perterrentes
659 3440 822 3504 aquarum
840 3425 877 3484 in

81 3533 172 3594 viam
197 3532 336 3600 rectam,
364 3530 398 3589 el
423 3541 491 3588 non
517 3523 704 3602 impingent
725 3522 760 3581 in
785 3537 878 3582 ea.»

81 3629 261 3690 'torrentes
276 3640 438 3703 aquarum
453 3623 550 3684 vocat
568 3619 806 3681 abundantiam
822 3617 877 3677 la·

83 3741 283 3802 crymarum,
302 3739 361 3800 per
375 3737 457 3799 quas
471 3718 605 3780 adducit
623 3715 782 3776 Dominus
795 3730 877 3792 pec-

82 3825 230 3887 catorem
245 3822 279 3883 in
294 3822 383 3882 viam
397 3819 534 3880 rectam.
551 3818 597 3876 De
610 3812 802 3892 hujusmodi
817 3814 879 3873 tor·

83 3920 235 3983 rentibus
255 3919 337 3980 dicit
357 3917 463 3978 isaias
477 3912 522 3994 (7,
545 3914 582 3972 18
605 3915 638 3974 et
653 3908 704 3989 19)
719 3931 726 3970 :
741 3927 759 3970 e
772 3912 810 3970 ln
825 3908 878 3969 die

83 4020 144 4081 illa
178 4015 336 4088 sibilabit,
373 4015 459 4075 idest
500 4007 679 4087 inspirabit
719 4007 879 4068 Dominus

83 4132 218 4188 muscae,
255 4129 328 4191 quae
361 4113 411 4174 est
443 4111 479 4171 in
520 4109 669 4170 extremo
703 4103 878 4165 fluminum

83 4212 233 4290 AEgypti,
249 4213 282 4273 et
296 4210 364 4287 api,
385 4225 458 4286 quae
478 4207 530 4268 est
545 4207 580 4267 in
594 4207 683 4268 terra
703 4205 825 4277 Assum
849 4201 882 4262 et

86 4309 233 4378 venient,
261 4310 295 4368 et
314 4306 526 4381 requiescent
549 4318 665 4364 omnes
688 4302 723 4360 in
747 4300 881 4361 torren-

86 4403 177 4468 tibus
195 4403 345 4473 vallium,
367 4403 400 4462 et
416 4401 451 4460 in
470 4398 625 4460 cavernis
644 4399 825 4476 petrarum,
849 4395 882 4456 et

86 4504 123 4564 in
138 4498 291 4561 omnibus
305 4496 447 4567 frutetis,
462 4498 495 4558 et
506 4495 541 4555 in
557 4496 722 4556 universis
737 4491 880 4555 forami-

86 4599 197 4662 nibus.
212 4613 231 4656 u
246 4594 372 4658 Sibilus
390 4591 522 4658 Domini
535 4591 585 4653 est
600 4593 672 4669 ejus
688 4591 772 4652 levis
784 4604 882 4652 voca-

337 277 354 348 '.
459 263 567 324 Plus
597 261 741 324 PRIMA.
758 288 799 304 -
816 259 1036 322 EXPOSITIO
1066 259 1110 320 IN
1139 259 1342 324 PSALMOS.

1661 263 1722 328 958

927 417 1006 480 licat
1019 419 1166 495 gulosos,
1187 420 1222 482 et
1237 419 1441 492 luxuriosos,
1463 419 1520 498 qui
1539 420 1575 481 in
1595 421 1726 484 tantum

927 531 963 576 se
992 516 1193 595 immergunt
1218 515 1455 594 voluptatibus,
1490 518 1576 595 quod
1612 518 1648 580 in
1675 519 1726 580 eis

927 612 1127 675 moriuntur.
1149 613 1225 676 Istis
1244 613 1358 675 sibilat
1374 630 1434 690 per
1453 614 1560 675 levem
1572 615 1725 677 vocatio·

928 725 1020 784 nem;
1037 713 1070 771 et
1087 711 1199 772 tamen
1214 725 1330 772 musca
1347 727 1414 772 non
1434 712 1545 773 venit:
1563 712 1629 774 ime
1650 713 1725 774 lan-

928 822 1027 883 quam
1041 807 1093 868 leo
1109 808 1213 882 rugit;
1230 809 1263 868 et
1276 811 1388 868 tamen
1404 808 1522 871 nolunt
1536 808 1722 872 attendere.

969 903 1089 966 Sibilat
1103 905 1169 981 api,
1187 920 1260 982 quae
1277 906 1328 966 est
1341 906 1377 966 iu
1391 908 1482 967 terra
1496 905 1722 982 Assyriorum.

927 1003 1043 1075 Assur,
1061 1001 1148 1066 idest
1171 1001 1322 1063 diabolus
1339 1023 1346 1061 :
1363 1018 1444 1079 apes
1465 1004 1583 1078 Assur,
1600 993 1730 1065 daemo-¹

928 1114 1007 1159 num
1032 1114 1122 1180 apes,
1140 1097 1225 1161 idest
1238 1098 1463 1175 impatientes,
1481 1085 1630 1176 quisunt
1643 1116 1725 1177 pos-

928 1195 1035 1256 sessio
1064 1195 1262 1256 daemonum.
1289 1197 1369 1272 Apis
1395 1196 1513 1257 tandiu
1541 1196 1725 1270 mellificat,

929 1293 1076 1369 quandiu
1087 1292 1214 1354 nullum
1229 1293 1346 1354 aculeo
1360 1309 1420 1354 suo
1432 1295 1650 1370 percusserit,
1668 1294 1726 1355 sed

928 1390 963 1450 in
990 1391 1206 1468 percussione
1241 1389 1384 1467 alicujus
1410 1391 1477 1451 vim
1511 1390 1727 1452 mellificandi

928 1487 1061 1550 amittit.
1100 1488 1155 1550 Sic
1187 1486 1335 1565 quandiu
1373 1487 1495 1565 aliquis
1531 1488 1727 1564 patientiam

929 1599 1023 1645 suam
1053 1583 1250 1656 servaverit,
1275 1585 1432 1647 uirtutem
1455 1584 1539 1646 bene
1566 1585 1727 1661 operandi

928 1680 1064 1743 habebit
1080 1681 1157 1742 :sed
1169 1697 1243 1742 cum
1255 1697 1316 1759 per¹
1328 1679 1570 1758 impatientiam
1581 1680 1727 1759 aliquem

929 1777 1058 1855 pungit,
1075 1779 1142 1840 vim
1158 1777 1375 1840 mellificandi
1388 1778 1523 1850 amittit,
1538 1779 1605 1840 nisi
1620 1780 1729 1856 poeni·

928 1875 1040 1936 tuerit.
1066 1873 1115 1935 nd
1139 1874 1229 1936 hunc
1244 1874 1378 1935 sibilum
1393 1875 1545 1947 veniunt,
1562 1875 1618 1952 qui
1636 1877 1725 1949 sunt,

929 1973 962 2034 et
973 1972 1188 2050 requiescunt
1204 1973 1238 2033 in
1252 1971 1458 2034 torrentibus
1472 1971 1622 2044 vallium,
1639 1973 1727 2036 idest

928 2070 964 2130 in
975 2069 1163 2130 bumilitate
1175 2068 1477 2146 perabundanliam
1489 2069 1725 2146 lacrymarum,

929 2167 962 2227 et
982 2166 1017 2226 in
1039 2165 1194 2227 cavernis
1207 2167 1389 2242 petrarum,
1406 2166 1493 2227 idest
1509 2166 1546 2226 in
1564 2165 1727 2242 exemplis

931 2263 1128 2324 Sanctorum
1152 2262 1447 2340 praedecessorum,
1470 2263 1602 2324 Christo
1624 2263 1727 2339 petrae

930 2359 1182 2427 adhaerentium,
1200 2358 1367 2437 inquibus
1382 2358 1502 2422 debent
1515 2360 1728 2437 requiescere

930 2457 1046 2518 contra
1070 2457 1272 2519 tentationes
1297 2455 1433 2528 diaboli,
1454 2457 1542 2518 sicut
1561 2454 1725 2530 columba,

930 2569 1003 2632 quae
1018 2553 1180 2628 nidificat,
1205 2557 1238 2616 et
1259 2554 1371 2615 manet
1390 2553 1426 2615 in
1441 2553 1596 2614 cavernis
1610 2552 1726 2630 petrae.

931 2650 995 2712 Sed
1021 2651 1193 2728 serpentes
1218 2649 1254 2712 in
1278 2650 1432 2712 cavernis
1454 2652 1553 2712 terrae
1575 2650 1729 2727 requies-

930 2749 1010 2810 cunt
1026 2770 1033 2808 :
1049 2749 1097 2809 sic
1120 2747 1226 2819 avari,
1254 2749 1287 2808 et
1314 2746 1480 2810 luxuriosi
1508 2747 1544 2808 in
1566 2747 1728 2824 exemplis

929 2846 1106 2906 malorum.
1123 2847 1162 2907 nt
1183 2844 1398 2922 requiescunt
1416 2844 1451 2905 in
1476 2843 1619 2917 frutetis,
1640 2844 1729 2905 idest

930 2942 1110 3020 asperitate
1137 2941 1352 3018 poenitentiae.
1382 2941 1461 3002 Haec
1487 2940 1538 3002 est
1562 2941 1650 3002 enim
1673 2955 1729 3000 re-

931 3039 1026 3116 quies
1040 3038 1111 3100 veri
1129 3038 1381 3115 poenitentiale
1397 3036 1541 3110 frutetis,
1557 3037 1729 3116 inquibus
1780 3079 1784 3088 .

931 3138 1008 3199 sunt
1023 3137 1127 3213 spinae
1143 3137 1339 3214 pungentes.
1352 3135 1407 3196 Sic
1423 3150 1483 3196 nos
1498 3135 1656 3196 debemus
1672 3135 1731 3196 ba·

930 3233 1009 3295 bere
1030 3233 1318 3310 compunctionem
1332 3233 1479 3294 omnium
1503 3231 1728 3309 peccatorum,

931 3332 966 3393 et
977 3330 1025 3392 ibi
1038 3330 1265 3408 requiescere,
1282 3329 1370 3392 unde
1384 3330 1421 3390 in
1441 3329 1583 3391 Psalmis
1593 3329 1658 3409 (31,
1674 3327 1729 3410 l):

932 3445 950 3488 e
966 3429 1153 3489 Conversus
1168 3443 1241 3488 sum
1253 3427 1290 3488 in
1305 3442 1454 3488 aerumna
1469 3443 1554 3498 mea,
1566 3427 1645 3488 dum
1656 3443 1733 3488 cou-

934 3522 1732 3600 flgiturspina.»1nforaminibuspetrae,idestin

932 3620 1095 3682 memoria
1114 3618 1296 3680 Dominioae
1322 3619 1501 3695 passionis,
1518 3621 1551 3680 el
1567 3621 1639 3696 ejus
1654 3619 1733 3680 imi-

933 3716 1074 3791 tatione;
1092 3716 1170 3792 quia
1181 3716 1314 3792 requies
1327 3715 1451 3776 Christi
1459 3715 1512 3777 est
1524 3716 1559 3775 in
1574 3715 1732 3788 vallibus,

933 3813 1021 3875 idest
1035 3812 1071 3874 in
1086 3811 1279 3874 humilibus.

1163 4096 1302 4156 SERMO
1329 4095 1498 4157 CXLVIII.

936 4239 977 4295 De
987 4244 1108 4308 quatum
1121 4211 1211 4302 vitiis,¹
1229 4234 1338 4294 soibcel
1356 4235 1477 4305 luxuria,
1493 4233 1637 4307 superbla,
1652 4235 1733 4309 gula,

1282 4331 1311 4382 el
1325 4323 1376 4382 ira.

936 4453 981 4513 nt
993 4450 1246 4526 dedttceruglut
1260 4450 1542 4524 contusarum,
1558 4444 1736 4511 allatores

1051 4561 1173 4608 cortem
1191 4547 1339 4607 weilsloe.
1367 4543 1471 4624 (Psal.
1487 4549 1537 4616 77,
1554 4542 1620 4624 46.)

86 4699 150 4773 tio;
167 4694 221 4757 vel
235 4695 271 4755 in
288 4691 386 4754 sibilo
407 4689 543 4751 notatur
561 4687 645 4749 levis
666 4686 881 4763 praedicatio:
979 4689 1048 4750 Hoc
1064 4687 1245 4762 concordat
1256 4703 1331 4747 cum
1343 4685 1402 4748 illo
1411 4685 1515 4748 Joelis
1523 4682 1568 4764 (1,
1580 4683 1613 4765 4)
1625 4689 1738 4748 :cRe-

87 4795 273 4856 extremum
286 4788 460 4850 fluminum
476 4800 568 4846 mare
582 4786 652 4846 est:
674 4799 787 4844 musca
804 4784 883 4842 ani·
939 4785 1071 4846 siduum
1087 4801 1195 4846 erucae
1209 4783 1352 4846 comedit
1366 4783 1506 4856 locusta,
1521 4785 1554 4844 et
1564 4783 1737 4846 residuum

87 4891 156 4952 mal
168 4889 328 4959 insolens,
343 4887 376 4947 et
387 4883 573 4962 inquietum
591 4882 651 4954 est,
669 4882 702 4942 et
719 4878 885 4955 significat
938 4881 1235 4945 locustaecomedit
1249 4879 1407 4951 bruchus,
1423 4881 1456 4942 et
1470 4879 1640 4940 residuum
1657 4880 1740 4941 bru·

87 4986 313 5058 insolentiam,
341 4985 375 5044 et
405 4979 669 5058 inquietudinem
692 4991 882 5049 avarorum,
940 4979 996 5041 chi
1019 4979 1162 5040 comedit
1185 4977 1351 5052 rubigo.»
1375 4975 1436 5038 Hic
1455 4978 1615 5039 notantur
1631 4977 1736 5039 luxu-

88 5084 144 5161 qui
159 5097 289 5159 semper
308 5081 385 5142 sunt
406 5079 441 5139 in
462 5077 572 5139 cordis
591 5074 829 5146 amaritudine,
853 5075 886 5135 et
938 5076 1003 5149 ria,
1026 5073 1194 5151 superbie,
1222 5073 1470 5150 gastrimargia,
1499 5073 1570 5134 sive
1589 5075 1680 5152 gula,
1706 5077 1739 5136 et

90 5180 225 5242 solliciti
247 5179 283 5240 in
304 5174 555 5255 temporalibus.
580 5175 747 5235 Praeterea
771 5186 885 5232 musca
933 5173 1002 5234 ira.
1031 5173 1113 5234 Item
1137 5171 1308 5232 residuum
1334 5185 1456 5242 erucae,
1481 5169 1568 5232 idest
1592 5170 1738 5234 luxuriae

89 5277 304 5339 amatdulcia
319 5274 495 5338 intantum
511 5271 598 5350 qued
617 5271 654 5331 in
673 5269 722 5331 eis
739 5285 775 5330 se
790 5269 887 5344 inge·
940 5269 1085 5331 comedit
1099 5269 1238 5339 locusta,
1254 5266 1342 5328 idest
1354 5266 1522 5343 superbia,
1543 5268 1621 5345 quia
1636 5269 1738 5345 quid-

88 5375 135 5437 rlt
149 5373 341 5449 mergendo,
363 5371 451 5434 etin
470 5370 521 5432 eis
541 5368 698 5444 moritur,
725 5367 759 5429 el
775 5366 885 5442 signi·
941 5365 1019 5444 quid
1030 5363 1332 5437 evaditluxuriam,
1346 5363 1555 5426 consumitur
1569 5363 1737 5442 superbia,

127 5505 168 5573 (l)
192 5506 224 5562 ln
249 5501 390 5576 precibus.
413 5501 514 5561 versio
534 5499 645 5572 syriaca
670 5497 698 5554 ln
722 5494 887 5571 polyglottis
979 5495 1020 5566 (2)
1037 5494 1123 5566 vulg.
1137 5510 1144 5552 :
1160 5492 1311 5552 adducam.

90 5575 181 5648 legit:
201 5574 295 5634 «Cum
311 5571 511 5646 deprecatione
527 5576 713 5628 revertentur.
731 5590 742 5618 »
