4226 6406
182 339 245 400 faa
306 419 312 429 .
748 337 1070 399 PROLEGOMENA.
1085 365 1126 380 -
1140 335 1246 396 VITA.
1767 333 1826 396 aad

182 496 252 560 rita
268 495 444 558 comnotus
461 496 560 568 esset,
576 493 618 558 ab
630 511 670 558 eo
681 512 741 574 per
751 496 976 574 quietemjus·
1028 493 1153 570 dieque
1180 493 1246 555 illo.
1264 493 1338 570 ipso
1367 491 1569 554 miraculose
1596 493 1630 554 et
1649 507 1829 570 campanas

178 609 249 665 sos,
268 593 319 656 ire
332 595 510 670 pergerent
532 591 641 656 subito
667 592 819 655 confiteri
843 594 979 670 peccata
1034 590 1136 652 fastos
1152 590 1280 651 sonitus
1295 589 1439 664 dedisse,
1455 591 1488 650 et
1498 590 1655 666 populum
1670 590 1830 652 divinitus
1857 581 1873 598 ‘

182 706 255 752 sua.
283 691 376 753 Adde
403 693 527 767 majus,
560 689 647 768 quod
680 690 739 752 alii
773 690 979 752 sacerdotem
1034 687 1481 762 exultassecognovitztum
1497 691 1616 762 magis,
1639 690 1829 764 atquema-

180 788 287 850 ,alium
314 787 419 859 adire,
447 803 488 848 ac
509 787 661 849 confiteri
684 787 880 850 nominatim
905 802 978 866 quae
1033 785 1084 860 gfs
1109 783 1184 845 laeta
1208 784 1327 845 civitas
1354 785 1427 861 ipsa
1441 785 1567 860 gratias
1583 785 1747 846 altissimo
1763 787 1831 846 Deo

182 884 407 948 occultissima
437 885 630 960 reputarent
660 886 807 961 peccata,
845 900 883 946 se
918 899 980 960 per
1035 881 1112 956 egit.
1128 881 1263 942 Nemini
1279 882 1389 942 autem
1405 882 1512 943 sancti
1533 882 1633 958 hujus
1653 885 1761 958 majus
1774 881 1830 942 al-

183 981 328 1060 quietem
338 981 525 1042 admonitos
539 981 699 1044 dicerent.
1033 979 1105 1040 tare
1114 977 1250 1055 majoris
1261 977 1645 1050 Ecclesiaeoonsecravit,
1656 979 1831 1057 ipsumque

222 1078 372 1155 Denique
382 1079 459 1139 ante
478 1076 589 1140 obitus
600 1078 653 1138 sui
676 1077 830 1140 exactum
841 1092 978 1144 annam,
1034 1077 1184 1136 sanctum
1199 1090 1273 1136 esse
1288 1073 1436 1146 credere,
1455 1076 1554 1151 atque
1567 1077 1718 1137 sanctum
1732 1091 1832 1138 reva-

183 1173 307 1236 colebri
331 1175 545 1236 pentecostes
568 1174 633 1246 die,
660 1173 859 1236 auctoritate
875 1177 980 1251 Apos-
1032 1173 1146 1234 renter
1159 1173 1333 1233 nomInara
1349 1171 1458 1249 coepit.
1473 1169 1636 1234 Caeterum
1652 1173 1750 1234 annis
1766 1175 1832 1234 sin-

182 1271 297 1339 tolica‚
320 1286 487 1332 consensu
506 1271 665 1344 omnium,
692 1285 813 1346 magna
828 1286 903 1332 cum
918 1286 978 1331 so·
1033 1269 1122 1344 gulis
1143 1269 1198 1329 die
1211 1271 1289 1330 XIII
1299 1269 1400 1347 junii,
1420 1284 1485 1347 qua
1501 1269 1555 1330 die
1569 1269 1639 1332 rita
1655 1269 1830 1332 defunctus

183 1367 355 1430 Iamnitate
374 1368 601 1440 canonizatus,
622 1370 723 1444 atque
739 1367 978 1430 sanctorumin
1034 1368 1094 1438 est,
1127 1365 1246 1429 festum
1275 1366 1402 1428 nomini
1427 1381 1487 1430 suo
1512 1367 1599 1443 apud
1628 1367 1830 1430 christianos

184 1464 348 1541 catalogo,
365 1467 401 1527 ut
421 1465 506 1528 solet
520 1465 605 1536 fleri,
627 1465 773 1542 scriptus
794 1467 854 1527 est
876 1463 980 1530 Addi—
1034 1464 1155 1543 ubique
1166 1479 1334 1540 magnum,
1347 1463 1404 1525 sed
1422 1464 1611 1526 Ulixibonae
1625 1468 1744 1542 majus.
1757 1468 1828 1526 Pa-

183 1563 253 1624 tum
282 1577 412 1640 quoque
440 1562 617 1640 privilagio
641 1578 722 1634 suc,
751 1564 787 1624 ut
810 1561 881 1623 dies
907 1565 979 1638 ejus
1029 1560 1107 1622 duae
1121 1562 1243 1633 autem,
1260 1561 1504 1623 confluentibus
1523 1561 1668 1638 undique
1687 1563 1830 1639 populls,

183 1658 337 1722 festivius
352 1659 550 1734 celebretur,
575 1663 607 1722 et
627 1675 688 1720 sua
709 1659 852 1721 ecclesia
868 1659 977 1720 hono·
1033 1659 1215 1718 maximum
1234 1659 1393 1731 ommam,
1410 1660 1569 1734 quantum
1584 1658 1751 1731 existimo,
1769 1675 1829 1720 oe-

183 1756 290 1818 ratius
311 1756 550 1834 frequentetur,
575 1757 660 1834 quod
682 1772 761 1818 rere
783 1755 977 1832 poenitenti·
1032 1753 1191 1815 iebratur.
1208 1754 1379 1830 Templum
1401 1769 1531 1831 quoque
1552 1754 1685 1827 Paduae,
1700 1755 1832 1816 cumli-

183 1852 256 1926 bus,
268 1855 302 1914 et
316 1853 490 1926 confessis,
506 1854 564 1931 qui
580 1871 653 1916 eam
674 1855 781 1915 33313
797 1853 977 1916 festivitate
1031 1849 1208 1912 beralitate
1231 1850 1376 1928 publica,
1401 1853 1471 1912 tum
1491 1851 1632 1927 privatis
1650 1851 1831 1914 oblationi-

183 1949 338 2010 octavum
353 1964 456 2026 usque
478 1949 519 2010 ad
533 1949 620 2010 diem
640 1948 782 2024 singulis
801 1947 899 2008 annis
915 1947 976 2008 de·
1031 1947 1092 2008 bus
1116 1947 1365 2025 amplificatum,
1396 1963 1436 2009 ac
1459 1947 1592 2026 plumbo
1617 1951 1741 2010 tectum
1765 1951 1828 2011 est.

182 2043 252 2107 hita
286 2060 362 2106 cnm
396 2047 584 2108 reverentia
620 2044 822 2117 visilabunt,
853 2061 976 2106 annum
1033 2045 1194 2122 Quicquid
1220 2047 1384 2117 animast,
1410 2045 1496 2122 quod
1512 2045 1733 2122 amplectatur
1748 2045 1830 2107 cho·
1919 2119 1935 2128 ι

184 2157 286 2202 unum
308 2143 349 2204 de
364 2143 514 2220 injtmcta
533 2142 597 2204 sibi
619 2142 814 2220 poenitentia
830 2157 977 2204 summus
1029 2157 1117 2215 rum,
1143 2146 1316 2220 majusque
1341 2143 1459 2214 altare,
1484 2143 1518 2205 et
1537 2159 1611 2220 quaa
1634 2143 1724 2205 circa
1739 2147 1828 2218 sunt,

183 2221 335 2316 pontifex
358 2239 620 2326 misericorditer
633 2239 809 2302 relaxarat.
826 2241 896 2312 Quo
911 2254 977 2300 au·
1032 2238 1243 2312 ambulatria,
1269 2241 1302 2301 et
1330 2240 1467 2316 capella
1494 2240 1601 2302 factae.
1627 2239 1781 2302 Additum
1797 2243 1830 2302 et

182 2337 251 2398 tam
263 2337 317 2398 die
331 2336 455 2413 Spoleti
466 2336 538 2398 haec
550 2339 705 2412 aguntur,
720 2338 754 2398 at
763 2336 978 2398 canonizatur
1032 2338 1286 2414 cognomentum
1308 2337 1392 2408 loco,
1418 2343 1455 2398 nt
1482 2337 1642 2414 templum
1657 2336 1690 2398 id
1715 2337 1827 2398 haud-

184 2435 285 2498 Pater
303 2438 449 2505 sanctus,
472 2433 588 2494 eodem
604 2432 791 2496 Ulixihonae
813 2448 873 2494 suo
887 2435 977 2496 motu
1032 2448 1208 2511 quaquam,
1222 2433 1828 2511 3131133833313113113,33313133

183 2545 488 2608 campanaaomnes,
500 2529 619 2594 festum
630 2531 828 2601 indicantes,
838 2530 975 2602 sonant;
1031 2533 1203 2607 sanctum;
1218 2547 1281 2594 nec
1301 2532 1459 2610 templum
1475 2531 1584 2603 modo,
1599 2531 1657 2592 sed
1673 2532 1829 2609 quicquid

180 2628 382 2706 populoque,
399 2627 492 2688 nulla
511 2628 645 2703 cognIta
666 2643 779 2698 causa,
803 2626 861 2690 sed
880 2627 976 2704 quasi
1031 2629 1177 2690 civitatis
1190 2631 1241 2690 est
1253 2627 1440 2705 proximum
1461 2628 1596 2704 templo,
1611 2629 1752 2706 quadam
1769 2644 1828 2706 pro

183 2741 238 2786 res
249 2724 760 2802 prospera,eademqnaingentis
773 2724 897 2786 lactitiae
912 2725 977 2786 ali·
1029 2723 1228 2787 excellentia
1248 2725 1378 2796 deinde,
1396 2727 1495 2802 atque
1521 2726 1555 2785 13
1571 2726 1748 2804 praesentia
1768 2741 1829 2804 ap-

182 2837 248 2900 qua
260 2822 438 2890 evenisset,
453 2822 575 2886 mentis
587 2821 739 2898 quedam
755 2821 928 2890 3313113113,
944 2823 977 2884 et
1030 2821 1182 2899 pelletur.
1199 2821 1376 2884 Constituti
1397 2837 1527 2900 quoque
1555 2823 1727 2885 annuatim
1743 2839 1828 2900 qua-

182 2918 340 2980 alacritas
352 2921 426 2981 orta
445 2920 507 2990 est,
524 2921 560 2980 ut
574 2919 687 2980 divino
703 2919 844 2995 quodem
856 2918 976 2994 spiritu
1030 2923 1108 2982 tuor
1126 2919 1191 2982 viri
1206 2935 1249 2981 ex
1266 2921 1436 2998 primariis
1460 2920 1617 2992 civitatis
1635 2921 1691 2997 qui
1718 2920 1826 2982 sancti

182 3016 321 3078 incitata
335 3017 453 3078 civitas
467 3017 527 3077 illa
542 3031 616 3078 esse
630 3017 776 3078 maximo
791 3015 827 3079 in
841 3016 975 3092 gaudio,
1032 3021 1245 3079 monumento
1273 3018 1422 3095 praesint,
1453 3019 1486 3079 et
1504 3017 1768 3078 conservandum
1784 3015 1825 3077 33

181 3129 223 3174 33
241 3113 357 3176 1311113
378 3113 796 3186 31333313311331331313,
815 3115 851 3175 ut
866 3115 977 3176 Civem
1030 3114 1201 3192 templum,
1217 3131 1291 3194 quas
1313 3117 1390 3177 sunt
1413 3113 1526 3177 dietim
1542 3113 1665 3190 oblata,
1687 3115 1825 3191 dIspen·

181 3226 279 3272 suum
293 3210 433 3275 mortem
445 3211 579 3283 obiisse,
593 3212 627 3272 et
639 3227 767 3275 summo
780 3227 800 3274 a
816 3211 977 3274 Pontiflce
1031 3214 1115 3275 sent.

178 3309 332 3372 sanctum
352 3308 555 3386 judicatum,
576 3323 617 3370 ac
632 3309 865 3372 canonizatum
880 3325 975 3384 esse3

956 3687 1050 3810 III

602 3971 735 4058 VITA
781 3969 821 4058 S.
863 3967 1104 4056 ANTONII
1150 3967 1403 4058 PitBUANI

874 4135 975 4188 Ordinis
991 4133 1130 4195 uicorum,

786 4278 921 4336 1333333
939 4279 971 4335 Ρ.
986 4291 1023 4336 33
1041 4277 1089 4336 Lat
1109 4275 1219 4336 ullu.

711 4585 1011 4648 PROOEMIUM.
1027 4613 1070 4630 -
1091 4584 1288 4646 ELOGIA.

439 4799 630 4874 crepemus
656 4799 714 4859 IX.
1030 4797 1216 4872 Trinitatis,
1229 4799 1317 4862 sicut
1326 4801 1484 4877 expertus
1495 4815 1568 4860 sum
1582 4797 1619 4859 13
1629 4797 1773 4860 Antonio
1783 4813 1827 4860 ax

220 4915 248 4976 1,
272 4915 333 4976 1110
350 4929 498 4976 summus
516 4913 671 4975 pontifex
684 4913 824 4992 stupens
837 4913 878 4976 ap
892 4929 975 4991 pro.
1030 4896 1197 4957 Minorum
1212 4895 1341 4965 ordine,
1359 4897 1392 4958 in
1412 4895 1572 4958 familiari
1587 4895 1826 4960 consuetudine

179 5011 281 5074 funda
292 5011 394 5075 verba
406 5011 446 5073 de
458 5010 641 5088 scripturis
656 5009 813 5072 divinisa
829 5011 976 5073 81313-
1030 5009 1128 5070 (luam
1144 4993 1247 5055 habui
1268 5010 1402 5056 secum:
1429 4995 1486 5073 qui
1503 5011 1620 5072 Pafum
1642 4996 1826 5057 instructus

179 5109 237 5172 nio
246 5111 394 5188 prolatis,
408 5109 504 5181 dixit,
519 5111 604 5171 Vere
612 5112 666 5170 itte
681 5123 766 5170 arca
777 5109 975 5171 testamenti
1029 5091 1216 5168 disciplinis
1230 5091 1458 5182 ,saesslllfllibuss
1474 5093 1826 5172 iambfeliml'sficflm

179 5207 242 5282 ast,
261 5208 295 5269 et
319 5209 521 5269 3131333331
548 5209 748 5267 aratorium
772 5207 975 5282 833131333-
1028 5189 1231 5266 theologiam
1251 5192 1302 5252 est
1325 5189 1476 5268 adeptus,
1499 5192 1536 5254 ut
1564 5192 1692 5253 caelesti
1711 5206 1826 5252 amore

180 5320 273 5366 mm,
1029 5286 1119 5348 intus
1133 5288 1299 5364 perustus,
1316 5287 1399 5350 foris
1414 5287 1528 5350 divina
1540 5289 1679 5351 scientia
1695 5287 1825 5350 illumi-

271 5431 416 5490 Tpoma,
430 5431 545 5490 Gallus
554 5429 656 5493 abba,
669 5429 888 5490 ,semem
1028 5386 1134 5446 naret
1150 5384 1207 5463 (fa
1217 5389 1438 5462 Pcrcptrmt
1451 5390 1489 5449 ta
1502 5390 1642 5464 1113333.
1652 5391 1822 5462 Araopcq.

360 5528 406 5577 ,3oe
421 5519 542 5578 oram,
554 5517 588 5578 3,
602 5517 791 5580 Benedicti.
1006 5539 1009 5548 .
1027 5485 1120 5558 amau
1138 5485 1250 5546 Hear.
1274 5485 1382 5547 thtot
1406 5487 1444 5547 aa
1469 5486 1678 5558 3113331333
1696 5488 1731 5547 S.
1749 5488 1824 5544 An·-

219 5633 249 5693 2.
274 5629 596 5708 Multipenetrarunt
611 5647 734 5694 arcana
752 5630 972 5694 sanenssimae
1029 5577 1150 5660 mm)
