4114 6396
82 289 156 354 1053

80 447 206 513 scutum
242 445 364 522 crucis,
397 446 432 508 ln
463 447 582 524 quibus
610 445 723 511 hostes
754 445 870 510 debel-

78 543 152 618 les;
183 543 217 605 et
248 543 299 606 sic
325 559 455 622 uxurge
481 545 516 604 in
543 544 747 621 adjutorium
775 544 870 619 mihi,

80 643 115 702 ut
139 656 190 701 me
212 640 346 702 liberes.
373 644 506 718 baurge
525 641 685 715 docendo,
713 642 767 706 val
790 642 871 702 des-

80 737 260 808 candendo,
301 753 436 799 carnem
465 739 677 800 assumendo.
712 742 782 800 lloc
808 740 869 810 ast,

80 835 163 912 quod
174 835 308 910 optabat
322 835 428 896 isaias
447 834 511 914 (61,
525 835 592 896 111
607 835 660 915 3):
675 836 810 898 Utinam
819 836 873 897 di-

79 947 249 1010 rumperes
279 932 394 1003 coelos,
419 934 452 994 et
470 932 690 996 descenderes
714 949 760 994 :a
785 931 871 996 11111

81 1030 136 1091 tua
151 1031 279 1090 montes
303 1029 499 1092 defluerent.
523 1031 616 1093 Sicut
639 1030 771 1093 exustio
785 1029 872 1106 ignis

79 1125 298 1196 tabescerent,
322 1141 417 1204 aquae
433 1126 591 1188 arderent
605 1128 641 1188 ut
663 1127 750 1202 ignis
762 1124 822 1206 (1),
837 1127 873 1188 ut

78 1223 192 1284 notum
213 1221 308 1284 fieret
330 1237 452 1284 nomen
475 1224 569 1284 inum
590 1223 737 1286 inimicis
749 1224 817 1285 tuis
831 1239 872 1284 :a

80 1316 164 1378 iacie
182 1319 239 1380 tna
265 1319 380 1394 gentes
401 1319 631 1383 turbarentur.
659 1319 872 1385 Cumseceris

79 1414 257 1488 mirabilia,
286 1431 353 1478 non
382 1417 640 1483 sustinebimus:
657 1417 870 1492 descendisti,

81 1515 144 1574 eta
166 1511 251 1574 iacis
274 1514 332 1576 tua
358 1516 488 1575 montes
519 1514 772 1578 defluxerunt.»
795 1515 872 1578 Uti-

81 1626 157 1672 nam
173 1609 380 1686 dirumperes
394 1611 508 1688 coelos,
536 1613 569 1675 11
586 1612 807 1675 descenderes
831 1611 873 1672 ad

80 1723 150 1778 nos,
166 1722 299 1768 carnem
319 1723 513 1768 assumens:
531 1711 672 1780 montes,
702 1708 789 1770 idest
815 1724 875 1770 su·

79 1803 172 1880 perbi
180 1802 335 1866 indurati
357 1804 393 1864 in
409 1804 538 1866 malitia
553 1804 739 1866 defluerent
752 1821 772 1866 a
786 1803 873 1866 facie
893 1875 896 1884 .

79 1903 135 1964 tua
151 1898 254 1980 (Psal.
283 1901 333 1976 96,
359 1900 417 1980 5);
445 1901 525 1980 quia
539 1903 617 1964 tuuc
639 1904 768 1966 montes
785 1902 874 1964 sicut

81 2014 156 2060 cera
172 1997 352 2059 fluxerunt.
381 2001 477 2060 Sicut
498 2000 648 2070 antistio,
670 2000 749 2078 quia
764 1999 873 2062 omnis

80 2096 201 2157 duritia
216 2095 383 2171 liquefieri
396 2095 520 2158 debete
535 2093 620 2158 facie
631 2096 774 2158 Domini.
793 2099 872 2158 llaec

79 2191 197 2266 iecisti,
214 2193 293 2270 qma
307 2192 348 2254 ad
375 2208 435 2256 nos
458 2193 670 2266 descendisti,
690 2193 769 2272 quia
788 2194 875 2256 tem·

79 2289 330 2366 pnsmiserendi
352 2290 453 2351 venit.
471 2291 532 2352 Vel
547 2291 617 2352 sic:
634 2292 801 2356 «Utinam
817 2291 873 2354 di-

80 2402 251 2463 rumperes
261 2387 374 2459 coelos,
386 2389 420 2450 et
430 2387 681 2450 descenderesa
701 2389 874 2466 majestate

80 2484 252 2556 invisibili,
289 2483 398 2546 iactus
425 2485 522 2548 nobis
549 2485 694 2548 visibilis
719 2490 769 2548 :A
789 2485 874 2548 11111

80 2583 266 2658 praesentiae
281 2582 346 2643 tuae
362 2583 502 2654 montes,
517 2582 602 2646 idest
625 2583 772 2660 superbi,
789 2583 875 2644 sicut

81 2694 168 2752 cera,
182 2680 224 2741 ad
235 2678 345 2756 ignem
356 2681 507 2743 caritatis
522 2681 717 2752 defluerent,
732 2681 874 2744 etetiam

80 2793 186 2854 aquae,
200 2777 287 2839 idest
300 2777 413 2856 populi
423 2777 501 2852 igne
517 2779 634 2840 eodem
647 2778 798 2841 caritatis
813 2793 873 2841 ar-

80 2875 205 2946 derent,
217 2874 376 2938 utnotum
392 2875 614 2939 tieretnomen
625 2876 719 2938 tuum
730 2873 875 2950 inimicis

81 2971 159 3045 tuis,
174 2971 304 3032 scilicet
317 2971 542 3046 daemonibns;
562 2973 685 3051 etpost
700 2973 873 3050 sequitur:

79 3086 97 3128 1
111 3069 330 3140 Descendisti,
346 3070 379 3131 et
393 3068 505 3132 111111
516 3071 573 3132 tua
585 3071 715 3135 montes
728 3070 876 3133 defluxe-

79 3166 199 3228 runt.»
227 3165 338 3227 Verbo
363 3168 523 3243 praesenti
550 3167 745 3246 profuturo
758 3168 873 3239 utitur,

79 3262 326 3324 adnotandam
353 3263 547 3327 facilitatem
574 3265 759 3340 defluendi,
796 3265 875 3343 quia

78 3359 208 3436 tempus
221 3359 401 3422 miserendi
411 3364 495 3438 ejus.

119 3458 206 3517 Vere
218 3457 347 3532 tempus
359 3456 552 3528 miserendi,
563 3458 640 3534 quia
653 3459 690 3518 ut
708 3457 829 3520 dicitur
840 3459 875 3518 in

79 3552 315 3614 Ecclesiastico
326 3550 373 3630 (2)
389 3570 428 3612 ε(
443 3553 600 3630 Speciosa
615 3555 674 3614 Dei
690 3555 877 3616 misericor·

79 3648 878 3728 diaintemporetribulationis:quasinubesplm

78 3747 143 3809 viae
159 3747 194 3808 in
214 3748 363 3824 tempore
382 3746 555 3808 siccitatis.
581 3747 743 3808 Miserere
759 3747 876 3817 nostri,

79 3846 168 3904 Deus
182 3843 605 3920 omnium,etrespicenos‚
622 3844 656 3906 11
664 3843 802 3906 ostendo
817 3859 878 3905 no-

78 3939 131 4002 bis
143 3940 252 4002 lucem
267 3941 520 4003 miserationum
531 3941 676 4013 tuarum,
693 3941 726 4002 et
738 3940 878 4003 immitto

77 4039 233 4099 timorem
244 4038 337 4101 tuum
348 4053 449 4115 super
459 4038 587 4113 gentes
598 4053 672 4116 quaa
683 4053 750 4100 non
765 4039 879 4117 exqui-

79 4135 211 4196 sierunt
224 4136 297 4211 te»;
314 4135 443 4214 supple,
462 4142 570 4200 lucem
587 4136 704 4198 contra
719 4134 877 4197 tenebras

79 4231 876 4304 vitiorumtimorevucontrainsultusbostium:

81 4344 101 4386 1
118 4330 161 4388 111
176 4330 387 4402 cognoscant,
405 4330 483 4408 quia
504 4346 572 4392 non
584 4330 634 4393 est
646 4333 734 4393 Deus
749 4331 815 4394 nisi
830 4332 876 4403 tu,

81 4422 116 4483 et
128 4425 285 4484 enarrent
295 4425 463 4502 magnalia
477 4427 575 4488 tua.»
592 4431 630 4489 nt
644 4443 723 4493 vero
739 4430 880 4491 tuncne·

81 4519 138 4581 1111
149 4519 283 4594 tempus
295 4523 494 4593 miserendi,
509 4523 641 4599 quando
651 4507 825 4588 descendit
837 4525 878 4586 ad

80 4631 156 4686 nos,
188 4613 266 4691 quia
289 4614 345 4676 lex
368 4617 441 4677 erat
464 4617 596 4692 ingrata
619 4621 754 4698 propter
768 4623 881 4682 trans-

80 4726 268 4790 gressores,
292 4713 325 4775 et
346 4712 424 4789 quia
448 4715 528 4800 tunc
552 4712 743 4779 abundabat
761 4733 881 4794 pocca-

79 4812 163 4882 tum,
177 4824 197 4870 1
213 4825 277 4886 quo
289 4809 427 4886 purgari
436 4809 678 4886 indigebamus.
690 4815 777 4880 outo
786 4815 880 4876 111111

80 4909 219 4984 tempus
242 4910 442 4970 miserendi.
471 4909 541 4970 Hoc
565 4910 617 4970 est
638 4908 722 4971 illud
737 4912 878 4988 tempus,

81 5004 123 5066 de
139 5020 203 5081 quo
216 5004 395 5082 Sapientiae
409 5001 473 5082 (18,
492 5007 529 5067 14
544 5008 577 5068 11
592 5005 643 5086 15)
660 5028 668 5068 :
683 5011 776 5069 Dum
789 5011 881 5083 quie·

81 5103 158 5162 tum
178 5103 355 5164 1111111111
370 5103 529 5166 tenerent
545 5101 592 5184 (3)
615 5109 744 5176 omnia,
760 5105 794 5167 et
807 5119 880 5168 noc

134 5312 162 5380 1)
177 5311 263 5437 νυΨ.
278 5329 285 5369 :
299 5311 452 5372 arderenti
477 5314 515 5373 ni.

120 5382 151 5515 1
178 5380 475 5524 marrim
492 5386 505 5442 ¹
521 5394 550 5444 .
564 5385 590 5444 ²·

120 5521 151 5588 (1
183 5522 268 5594 Vulg.
281 5539 287 5578 :
300 5522 427 5581 baberet.

120 5591 151 5660 (5
183 5591 268 5664 Vutg.
286 5609 293 5648 :
310 5594 458 5664 prosilivit.

457 289 565 352 PARS
596 288 740 350 PRIMA.
755 316 798 338 -.
814 289 1034 352 sxrosmlo
1065 289 1110 350 IN
1141 289 1343 352 Psabmos

1641 297 1719 362 1054

925 449 963 510 11
992 462 1054 510 suo
1076 462 1183 510 cursu
1203 451 1356 512 medium
1373 449 1443 515 tter
1462 453 1723 537 peragerem),

927 545 1147 619 Omnipotens
1160 560 1276 608 sermo
1304 547 1394 619 tuus,
1413 551 1568 622 Domine,
1585 567 1608 614 a
1621 569 1726 631 repa.

926 644 1012 703 libus
1034 645 1170 704 sedibus
1189 641 1283 705 oeatt
1305 641 1364 723 (5).
1382 645 1596 722 Omnipotens
1612 665 1721 714 sermo

926 738 1014 812 tuus,
1029 738 1114 800 idest
1126 739 1185 799 Dei
1201 739 1306 802 Filius
1325 741 1417 803 venit
1433 763 1440 800 :
1458 743 1491 804 11
1510 742 1574 805 hoo
1603 747 1724 824 quietis

927 833 1099 896 silentium
1121 850 1191 898 coac
1205 839 1388 899 clamantis
1412 842 1449 900 iu
1473 841 1608 903 deserto
1622 845 1723 920 rupit,

927 931 1041 992 dicens
1061 930 1174 1010 (Luca
1189 934 1219 1003 3,
1233 933 1266 1012 4)
1282 955 1290 992 :
1306 935 1440 998 Parate
1455 939 1551 997 viam
1570 941 1723 1016 Domini,

926 1029 1041 1090 rectas
1063 1029 1166 1102 socttc
1190 1031 1333 1092 semitas
1347 1034 1538 1094 1111111111
1562 1034 1623 1113 (1).
1648 1037 1725 1100 Nox

927 1125 1056 1201 peccati
1068 1125 1134 1187 iter
1147 1126 1293 1187 medium
1304 1126 1430 1190 babuit.
1446 1131 1533 1192 Ante
1546 1130 1654 1207 legem
1669 1134 1723 1194 si-

927 1220 1065 1284 lentium
1085 1223 1213 1300 peccati
1238 1223 1312 1296 luit,
1335 1226 1535 1302 attempero
1558 1228 1642 1304 legis
1658 1245 1726 1292 nox

927 1322 1139 1400 peccatorum
1156 1319 1333 1394 currebam
1357 1323 1391 1388 11
1402 1323 1512 1384 minus
1527 1323 1589 1386 init
1603 1327 1724 1402 111111-

928 1416 998 1482 tum
1012 1417 1091 1480 anta
1104 1417 1223 1494 legem,
1251 1419 1284 1479 et
1298 1419 1407 1496 maius
1423 1419 1484 1480 sub
1499 1421 1573 1496 lege
1588 1423 1723 1499 propter

928 1513 1229 1590 transgressionem
1255 1520 1497 1594 praeceptorum
1525 1517 1603 1594 Dei;
1634 1519 1721 1582 unde

927 1609 1104 1688 Apostolus
1116 1611 1157 1672 acl
1166 1614 1334 1676 Romanos
1348 1609 1391 1692 (5,
1405 1611 1460 1692 20)
1477 1635 1485 1673 ι
1501 1617 1603 1676 «Lex
1613 1616 1723 1678 subin·

927 1707 1040 1780 travit,
1057 1710 1093 1770 ut
1104 1707 1290 1774 abundaret
1304 1709 1473 1788 delictum,
1486 1711 1564 1790 quia
1587 1713 1727 1780 nitimur

928 1804 964 1864 in
979 1804 1117 1868 vetitum
1133 1803 1198 1884 (7);
1216 1806 1249 1866 11
1263 1805 1338 1868 ideo
1354 1823 1474 1870 cursus
1485 1809 1616 1874 medius
1630 1811 1727 1873 vitio·

928 1915 1002 1962 rum
1015 1916 1089 1964 cum
1104 1901 1238 1963 silentio
1250 1904 1331 1964 erat.
1345 1905 1442 1966 Nunc
1452 1921 1532 1966 vero
1542 1908 1726 1970 maximum

929 1998 979 2059 est
992 2000 1163 2074 peccatum
1175 2001 1309 2078 propter
1323 1999 1618 2078 ingratitudinem
1636 2003 1725 2066 unda

927 2095 1105 2172 Apostolus
1120 2095 1161 2156 ad
1175 2096 1333 2160 Hebraeos
1349 2095 1576 2182 (11281121)
1594 2121 1601 2160 :
1616 2101 1726 2170 11111-

928 2192 996 2253 tam
1015 2192 1090 2270 quis
1119 2192 1246 2256 iaciens
1273 2193 1381 2273 legem
1408 2197 1527 2274 Moysi,
1556 2197 1631 2260 sine
1658 2198 1727 2259 ulla

929 2289 1143 2368 miseratione
1185 2289 1325 2364 duobus,
1352 2291 1406 2354 vel
1441 2292 1549 2354 tribus
1582 2293 1725 2356 testibus

928 2384 1097 2462 lapidatur
1118 2383 1167 2466 (8)
1180 2407 1188 2446 ι
1203 2389 1326 2466 quanto
1352 2389 1459 2466 magis
1486 2390 1611 2466 putatis
1633 2390 1727 2454 dete-

928 2481 1019 2542 riora
1034 2484 1156 2544 mereri
1168 2484 1344 2562 supplicia,
1358 2485 1414 2564 qui
1429 2485 1552 2546 Filium
1567 2487 1626 2548 Dei
1642 2503 1726 2550 oon·

930 2578 1122 2652 calcaverit,
1139 2581 1173 2642 11
1186 2581 1384 2658 sanguinem
1400 2583 1590 2647 testamenti
1613 2584 1725 2662 pollu-

929 2677 999 2739 tum
1021 2675 1167 2752 duxerit,
1191 2677 1228 2738 in
1250 2694 1316 2758 quo
1349 2679 1585 2745 sanctificatus.
1603 2681 1664 2754 est,
1690 2683 1724 2745 11

930 2773 1062 2850 spiritui
1076 2775 1194 2852 gratiae
1209 2775 1446 2842 contumeliam
1460 2776 1599 2840 ieceritl

970 2875 1017 2932 De
1032 2887 1097 2950 quo
1113 2871 1258 2934 adventu
1273 2872 1396 2934 dicitur
1418 2874 1456 2936 in
1476 2874 1562 2938 libro
1579 2875 1725 2951 Sapien-

929 2968 985 3031 tiae
999 2967 1062 3048 (18,
1080 2969 1119 3030 15
1129 2970 1163 3030 et
1177 2968 1228 3049 16)
1244 2991 1252 3029 :
1266 2972 1376 3032 Durus
1389 2969 1532 3034 bellator
1547 2969 1594 3052 (9)
1609 2973 1645 3032 in
1660 2988 1727 3034 me·

930 3065 1020 3128 diam
1032 3065 1224 3127 exterminii
1245 3068 1369 3129 terram
1389 3067 1566 3144 prosilivit.
1590 3069 1727 3130 Gladius

930 3165 1048 3225 acutus
1079 3162 1310 3225 insimulatum
1333 3164 1511 3240 imperium
1530 3168 1678 3242 portans,
1693 3166 1733 3238 11Ι

930 3263 1023 3324 stans
1051 3260 1193 3340 replevit
1220 3261 1332 3322 omnia
1350 3262 1469 3333 morte,
1495 3264 1529 3324 11
1556 3277 1660 3340 usque
1684 3262 1726 3324 ad

930 3357 1050 3420 ooelum
1065 3357 1249 3434 attingebat
1264 3359 1357 3420 stans
1372 3358 1520 3422 interra.
1537 3362 1647 3421 Durus
1660 3359 1727 3422 bel-

930 3455 1017 3518 lator
1039 3453 1102 3516 suit
1122 3455 1273 3520 Christus
1293 3455 1329 3516 in
1350 3471 1454 3519 carno
1478 3457 1629 3528 veniens
1647 3456 1726 3534 quia

931 3551 1027 3613 sortis
1042 3551 1076 3612 in
1091 3551 1187 3613 illum
1199 3550 1317 3612 fortem
1341 3553 1583 3615 custodientem
1603 3554 1726 3615 atrium

932 3660 1029 3706 suum
1044 3659 1275 3722 prorumpens,
1285 3642 1449 3720 alligavit,
1467 3648 1500 3706 11
1520 3647 1632 3706 omnia
1647 3661 1728 3707 vasa

932 3756 993 3804 sua
1012 3740 1136 3816 eripuit
1162 3737 1274 3819 (Lucae
1300 3741 1348 3812 11,
1362 3742 1399 3800 21
1416 3741 1520 3820 et22).
1538 3745 1643 3804 Terra
1656 3758 1726 3804 ecc-

933 3838 1100 3908 termtutt,
1117 3835 1260 3900 mundus
1272 3839 1323 3896 est
1339 3857 1346 3895 ι
1364 3837 1429 3898 1111
1442 3840 1576 3913 placius
1590 3838 1724 3910 acutus,

933 3933 1061 3994 scilicet
1086 3931 1207 4003 Patris,
1222 3935 1319 4012 cujus
1343 3931 1520 4012 imperium
1535 3932 1681 4010 portavit
1693 3933 1730 3994 in

933 4045 1044 4102 cruce,
1061 4032 1095 4091 11
1106 4030 1200 4092 stans
1220 4029 1256 4090 iu
1268 4028 1445 4092 divinitate
1454 4030 1565 4090 omnia
1576 4029 1728 4106 implevit

933 4128 1038 4190 morte
1049 4143 1121 4200 sua,
1132 4129 1165 4188 et
1173 4142 1246 4204 quae
1260 4127 1421 4189 evacuata
1431 4128 1539 4198 erant,
1549 4141 1610 4190 sua
1622 4130 1729 4190 morte

932 4224 1337 4302 redintegravit,atusque
1348 4224 1388 4286 ad
1398 4224 1519 4286 coelum
1531 4224 1726 4302 attingebat,

933 4323 1019 4386 idest
1046 4335 1150 4398 usque
1179 4321 1221 4383 ad
1248 4321 1471 4398 aequalitatem
1500 4323 1624 4384 Patris.
1652 4323 1727 4398 Vel,

933 4438 952 4482 ‹
967 4421 1001 4482 in
1014 4420 1156 4482 mediam
1172 4419 1364 4482 exterminii
1377 4419 1501 4482 terram
1517 4419 1685 4495 prosilivit
1696 4437 1727 4495 v,

934 4515 1020 4580 idest
1033 4517 1068 4578 in
1095 4516 1229 4587 mundo,
1251 4516 1308 4592 qui
1324 4515 1469 4594 peccatis
1483 4515 1728 4578 exterminatus

934 4616 1017 4686 erat,
1033 4613 1188 4693 apparuit
1213 4611 1345 4688 gladius
1366 4611 1482 4674 acutus
1507 4613 1631 4684 Patris,
1646 4612 1733 4672 iusi-

934 4711 1106 4782 mulatnm,
1122 4709 1207 4773 idest
1225 4723 1293 4770 non
1314 4709 1519 4782 simulatum,
1534 4709 1591 4771 sed
1614 4725 1730 4772 verum

934 4809 1071 4885 portans
1097 4806 1338 4887 imperiumst
1359 4807 1463 4878 stans,
1482 4821 1533 4878 11,
1554 4821 1627 4886 quae
1649 4821 1730 4868 eva-

936 4907 1045 4977 cuata,
1063 4906 1097 4966 et
1112 4903 1273 4981 dissipata
1296 4902 1440 4976 fuerant,
1458 4903 1599 4988 replevit
1623 4904 1729 4964 morte

935 4999 1732 5076 sua,etstansinterra,idestbomoexistens,at·

934 5098 1083 5176 tingebat
1098 5113 1202 5176 usqne
1216 5095 1257 5158 ad
1273 5097 1404 5169 coelurn,
1416 5097 1496 5174 quia
1510 5113 1609 5161 verus
1624 5099 1723 5160 Dens.

970 5306 1383 5438 111·1111·1
1455 5375 1471 5433 .

983 5445 1009 5508 ,
1032 5391 1304 5523 1,.,111
1335 5390 1434 5450 cs·
1474 5419 1480 5433 ·

970 5523 1014 5594 (1)
1033 5521 1116 5594 vulg.
1135 5536 1142 5576 :
1160 5518 1325 5576 debellator.
