4152 6388
657 327 979 392 PROLBOOMENA.
1001 357 1042 376 -·
1062 331 1171 393 VITA.

84 441 1726 476 —Qm

628 666 643 719 t

493 817 715 894 Epitaphium
737 823 907 894 sepulchri
929 825 971 882 Β.
993 822 1117 884 Putris
1140 825 1333 886 Francisci.

785 1195 1053 1286 V.S.G.A.

673 1383 930 1446 FRANCISGI
972 1385 1159 1448 ROMANI

525 1544 673 1605 OBLSA
714 1542 1015 1606 HVMILITATB
1055 1547 1312 1608 CONSPIGVI

484 1699 789 1766 CHRISTIANI
836 1703 984 1766 ORBIS
1032 1705 1350 1768 FVLCIMBNTI

607 1861 853 1924 BCCLBSIAE
893 1863 1232 1927 RBPARATORIS

442 2022 651 2084 CORPORI
691 2023 784 2084 Nnc
822 2025 1023 2085 VIVBNTI
1064 2024 1156 2086 NEC
1196 2027 1391 2089 MORTVO

525 2183 718 2244 CHRISTI
758 2183 1010 2246 CRVGII'IXI
1051 2187 1312 2249 PLAGARVM

385 2327 759 2414 GLAVORVMQVB
805 2343 1107 2406 INSIGNIBVS
1153 2347 1455 2409 ADMIRANDO

418 2502 543 2564 PAPA
582 2502 728 2564 NOVAE
769 2503 991 2566 FAETVRAE
1032 2505 1419 2570 COLLAORYMANS

572 2659 875 2724 LAETIFICANS
917 2665 974 2726 BT
1015 2665 1269 2728 BXVLTANS
1357 2715 1361 2727 .

442 2819 592 2893 IVSSV,
633 2821 781 2894 MANV,
824 2821 1182 2886 MVNIFICBNTIA
1223 2825 1397 2889 POSVIT

481 2989 484 2998 ’
578 2981 714 3043 ANNO
756 2983 942 3046 DOMINI
983 2931 1260 3048 MGGXXVIII

607 3141 692 3202 XVI
732 3141 988 3206 KALENDAS
1029 3145 1233 3208 AVGVSTI

567 3301 704 3362 ANTE
757 3303 961 3365 OBITVM
1015 3305 1269 3368 MORTVVS

647 3463 766 3522 POST
807 3464 989 3526 OBITVM
1029 3467 1185 3544 VIVV,S.

135 3732 338 3797 Litterarum
360 3731 502 3811 quatuor
524 3731 717 3810 septtatium
735 3731 795 3794 ille
818 3745 936 3793 sensus
955 3733 1053 3804 Vmo,
1074 3733 1735 3808 Snnnrnme,Cnru0n1co,tnosr0n100,

88 3841 221 3903 dicitur
235 3839 345 3902 autem
360 3839 559 3900 Franciseus
575 3842 754 3908 Romanus,
767 3853 811 3900 ex
822 3853 950 3898 summa
963 3836 1164 3926 obedientia,
1177 3839 1210 3902 et
1221 3837 1344 3916 pietate
1358 3852 1439 3914 erga
1454 3837 1577 3912 sedem,
1592 3838 1625 3901 et
1640 3838 1738 3900 fldem

90 3950 294 4019 Romanam,
310 3945 362 4007 vel
378 3945 457 4024 quia
471 3945 636 4008 Assisium
655 3946 813 4008 Romnnae
827 3944 881 4006 est
900 3943 1047 4007 ditionis.

805 4401 1032 4494 NOTULA

544 4619 604 4680 DE
637 4621 674 4680 B.
709 4619 983 4682 FRANCISCI
1026 4620 1298 4684 SEPULCRO.

137 4861 176 4924 In
191 4859 323 4938 paginis
338 4858 602 4936 praecedentibus
612 4859 734 4921 dieitur
747 4859 894 4920 Assistet-
947 4860 1115 4936 petentur,
1129 4861 1186 4921 aut
1198 4859 1415 4937 reliquiarum
1426 4875 1504 4936 pars
1516 4858 1640 4938 aliqua,
1653 4859 1742 4925 unde

90 4957 895 5037 tesmysterIumtranslationiseorporisSFran·
947 4957 1066 5018 civitas
1077 4957 1148 5018 haee
1157 4959 1214 5019 aut
1223 4957 1282 5018 illa
1292 4957 1432 5033 gloriari
1442 4957 1614 5034 potuisset.
1626 4959 1740 5022 Sancti

92 5057 179 5120 uisci
204 5055 425 5132 perturbasse,
440 5055 549 5132 atque,
565 5054 685 5131 spretis
699 5055 894 5114 commissa·
948 5054 1118 5116 Meneisci
1140 5070 1260 5131 eorpus
1285 5052 1454 5116 occultare
1474 5055 1635 5128 volentes
1654 5057 1740 5118 illud

90 5154 156 5215 riis
181 5169 201 5214 a
229 5155 261 5214 S.
291 5151 453 5213 pontifice
477 5151 657 5228 delegatis,
692 5152 804 5212 omnia
833 5167 892 5228 pro
947 5150 1011 5212 sibi
1032 5151 1255 5212 vindicarunt.
1277 5153 1393 5228 Neque
1415 5153 1541 5228 postea,
1567 5154 1603 5215 ut
1626 5154 1740 5216 videre

92 5267 156 5312 sno
172 5250 268 5312 tinitu
283 5263 543 5320 consummasse,
560 5264 668 5326 neque
678 5249 760 5326 ipsis
773 5248 892 5311 tratri·
947 5249 999 5310 est
1011 5248 1047 5308 in
1060 5249 1252 5310 narratione
1265 5248 1306 5309 ad
1318 5249 1508 5326 episcopum
1521 5251 1741 5313 Andriensem

91 5348 158 5410 bus
182 5348 287 5408 tuisse
313 5347 513 5423 permissum
541 5361 663 5424 eorpus
693 5347 799 5409 saneti
827 5347 891 5409 viri
947 5361 1060 5422 supra,
1087 5346 1197 5406 minus
1219 5345 1387 5422 perterriti
1412 5345 1565 5420 fuerunt,
1593 5349 1741 5425 tempore

92 5443 223 5516 videre,
240 5442 397 5513 osculari,
425 5441 591 5504 venerari.
619 5441 694 5514 Sed,
718 5457 785 5502 non
812 5457 894 5504 con·
946 5443 1077 5504 Nicotai
1090 5447 1130 5515 V,
1147 5443 1352 5519 guardianus
1375 5445 1409 5505 et
1426 5443 1547 5506 tratres
1562 5449 1646 5524 ejus,
1664 5445 1740 5506 dum

91 5541 293 5611 temnentes,
319 5540 392 5600 haec
413 5538 573 5601 recerunt.
596 5540 648 5611 At,
676 5555 695 5600 e
719 5541 833 5601 eontra
848 5539 893 5602 ti·
947 5539 1101 5603 Pontifex
1116 5539 1271 5619 cupiebat
1285 5541 1473 5618 sepulcrum
1484 5542 1518 5604 et
1530 5557 1649 5620 corpus
1664 5557 1743 5618 pre-

94 5635 893 5714 muissepraesertImvidenturneretiquiaesubri·
948 5637 1031 5714 priis
1058 5637 1164 5701 oeulis
1199 5638 1443 5715 contemplari:
1462 5639 1545 5700 «Ex
1564 5653 1630 5699 una
1649 5639 1742 5715 parte
