4152 6388
276 287 337 349 319
657 283 741 362 ¹S.
765 281 986 343 rnnnmsot
1011 281 1237 346 nsstslarls
1265 279 1495 345 opuscula
1762 251 1764 256 Ι
1862 283 1925 348 320
2028 365 2032 374 ¹

278 443 622 528 (Matt.,v1,t33).Hora
633 457 780 517 congrua
791 441 1070 514 dicant-Primam,
1127 443 1254 520 omnia;
1279 442 1313 506 et
1333 459 1408 520 quae
1430 442 1530 506 rendi
1553 457 1620 504 non
1648 444 1800 520 possunt,
1829 443 1925 506 illius

279 546 313 607 et
332 544 488 614 Tertiam,
505 541 537 602 et
556 541 630 617 post
649 539 766 600 boram
790 539 925 602 tertiam
941 540 1072 600 solvant
1127 541 1375 616 comparatione
1389 539 1587 616 spernenda.
1604 539 1652 604 a'd
1668 540 1768 616 nujus
1789 542 1924 602 culmen
2031 535 2034 542 '

262 642 459 714 tiendum,
471 639 504 701 et
518 636 647 715 possint
659 637 762 714 loqui,
778 639 810 698 et
821 638 872 698 ire
892 637 933 697 ad
949 637 1072 699 matres
1127 637 1183 713 qui
1207 638 1298 714 cupit
1321 639 1497 713 attingere,
1519 653 1587 700 nou
1610 638 1717 700 solum
1743 639 1924 700 mundanae

279 755 369 811 suas,
389 740 422 799 et
445 736 577 814 quando
606 734 782 812 placuerit,
804 735 932 810 possint
961 736 1072 810 petere
1128 734 1449 810 prudentiae,vcrum
1463 736 1563 796 etiam
1577 736 1763 798 litterarum
1780 737 1921 814 peritiae,

278 837 328 898 eis
342 836 587 910 eleemosynam
609 835 743 910 propter
766 847 913 893 amorem
941 831 1072 893 Domini
1127 833 1322 893 renuntiare
1342 833 1584 910 quodammodo
1602 833 1710 904 debet,
1724 835 1761 893 nt
1775 834 1836 894 tali
1858 849 1926 894 ex-

278 934 350 1005 Dei,
367 933 455 993 sicut
468 946 632 1008 pauperes
647 930 852 1006 pauperculi.
876 931 996 991 Postea
1016 929 1072 988 di·
1128 930 1744 1006 propriatuspossessione,introeatin
1756 932 1925 1007 potentias

279 1031 356 1092 cant
372 1033 518 1097 sextam,
536 1030 677 1099 Nonam,
692 1031 725 1089 et
739 1031 904 1103 vesperas
923 1028 1072 1102 tempore
1128 1027 1271 1097 Domini,
1289 1029 1321 1089 et
1342 1028 1467 1087 nudum
1482 1043 1518 1088 se
1532 1021 1653 1087 ‘offerat
1667 1027 1816 1088 brachiis
1836 1029 1925 1088 Cru-

279 1127 400 1190 debito.
418 1130 454 1187 In
475 1125 632 1195 claustro,
650 1124 707 1185 ubi
728 1125 900 1186 morantur
914 1139 980 1184 non
996 1137 1067 1201 per·
1128 1124 1231 1185 cillxi.
1246 1127 1463 1202 Nequaquam
1478 1123 1567 1185 enim
1579 1125 1702 1186 saeculo
1713 1125 1859 1200 perfecte
1874 1141 1926 1199 re-

278 1225 412 1288 mittant
422 1224 462 1283 ad
477 1239 576 1299 quam
591 1237 769 1299 personam
784 1221 935 1294 introire,
950 1221 1006 1282 sed
1019 1235 1075 1281 ne-
1128 1221 1271 1294 nuntiat,
1293 1223 1349 1299 qui
1379 1222 1507 1299 proprii
1533 1238 1650 1283 sensus
1676 1222 1804 1284 loculos
1833 1223 1924 1285 intra

279 1338 343 1400 que
358 1322 447 1382 ullus
459 1321 506 1381 ibi
520 1321 680 1381 comedat.
698 1319 750 1381 illi
770 1319 902 1387 iratres,
925 1318 981 1395 qui
997 1319 1074 1379 sunt
1128 1319 1239 1380 cordis
1253 1335 1378 1380 aroana
1388 1321 1549 1381 reservat.
1562 1322 1598 1381 In
1612 1320 1766 1381 omnibus
1777 1336 1859 1396 ergo
1874 1337 1925 1382 re-

279 1421 415 1487 matres,
441 1418 595 1480 studeant
619 1432 755 1477 manere
777 1418 904 1477 remote
926 1415 967 1475 ab
982 1415 1074 1475 omni
1127 1416 1238 1479 luceat
1248 1416 1336 1478 iuter
1347 1433 1407 1478 vos
1419 1419 1534 1478 sancta
1550 1419 1740 1496 paupertas,
1757 1419 1790 1480 et
1802 1420 1924 1496 praeci-

278 1529 433 1594 persoua‚
457 1515 494 1576 ut
517 1527 614 1574 nemo
636 1512 742 1588 possit
760 1511 808 1573 eis
828 1512 931 1589 loqui.
953 1512 994 1572 lit
1017 1511 1073 1571 isti
1128 1529 1192 1590 pue
1207 1513 1243 1574 in
1261 1513 1413 1575 domibus
1435 1529 1518 1592 quas
1539 1513 1924 1588 aedificaveritiscousi·

279 1612 341 1674 filii
356 1626 423 1674 non
433 1610 613 1688 loquantur
627 1625 701 1671 cum
717 1609 830 1686 aliqua
840 1607 1072 1686 porsoua,nisi
1129 1609 1283 1673 derantes
1309 1611 1392 1672 illud
1417 1612 1671 1688 Evangelicum,
1694 1614 1780 1690 quod
1804 1620 1924 1690 oroma

279 1713 354 1770 cum
370 1708 531 1771 matribus
547 1708 629 1780 suis,
646 1709 679 1768 ei
697 1707 834 1768 custode
852 1723 924 1778 suo,
941 1705 1074 1782 quando
1127 1710 1683 1783 fooeositodcnt,ctoolrmrcscoett
1695 1714 1923 1784 rztdan'itius

277 1807 424 1884 placebit
438 1805 470 1866 ei
479 1805 617 1868 visitare
632 1805 722 1880 ipsos
744 1819 819 1864 cum
840 1803 1073 1865 benedictione
1128 1806 1245 1867 cotem
1257 1810 1406 1868 nomionis
1420 1821 1489 1868 non
1503 1808 1620 1868 tobati
1632 1810 1688 1868 atbt
1701 1810 1804 1881 capaci
1818 1824 1924 1872 suam

279 1905 355 1979 Dei3
375 1903 438 1963 filii
458 1918 539 1964 vero
554 1901 752 1979 quandoque
772 1901 918 1962 officium
931 1902 1073 1961 matrum
1127 1905 1315 1965 rccltrmret
1338 1903 1483 1982 (natan,
1500 1903 1654 1983 m11‚20).
1679 1907 1923 1982 propterquod

279 2003 464 2073 assumant,
479 1995 891 2062 sioutviciss'itudinaliter
909 2013 970 2074 pro
983 1999 1072 2058 tem·
1128 2015 1313 2076 pauperum
1335 2016 1427 2062 more
1447 2001 1668 2078 pauperculas
1690 2003 1821 2063 casulas
1849 2004 1924 2064 eri-

279 2113 360 2176 pore
388 2099 497 2158 visum
521 2096 624 2157 luerit
652 2096 701 2156 eis
728 2095 983 2172 disponendum.
1011 2095 1073 2166 Qui
1128 2097 1208 2173 gite,
1218 2115 1301 2175 quas
1316 2113 1383 2160 non
1398 2097 1551 2160 babitare
1566 2099 1693 2162 debetis
1709 2101 1744 2161 ut
1754 2101 1921 2178 proprias,

279 2196 392 2258 omnia
417 2193 609 2270 supradicta
626 2193 774 2255 studiose
787 2194 820 2255 et
843 2192 987 2254 sollicite
1001 2194 1074 2255 stu·
1128 2191 1185 2257 sed
1197 2196 1283 2257 sicut
1296 2197 1466 2272 peregrini
1476 2199 1509 2258 et
1519 2197 1656 2260 advenae
1668 2198 1923 2276 alienas.Leges

279 2293 379 2356 deant
393 2291 583 2355 observare.
1128 2307 1270 2371 namque
1285 2295 1536 2371 peregrinorum
1550 2297 1639 2368 sunt,
1651 2295 1712 2356 sub
1723 2296 1834 2357 alieno
1848 2297 1922 2358 col-

595 2429 597 2434 ·
1128 2390 1186 2465 ligi
1203 2391 1301 2462 tecto,
1314 2391 1410 2452 sitire
1428 2391 1468 2452 ad
1495 2392 1649 2469 patriam,
1677 2393 1815 2470 pacifice
1839 2409 1921 2470 per-

472 2497 674 2559 coLLAT10
696 2498 876 2568 QUARTA.
1126 2487 1282 2548 transire.
1304 2487 1505 2562 Evangelioa
1523 2488 1595 2550 baec
1618 2493 1795 2566 paupertas
1814 2491 1923 2552 nostri

1127 2584 1262 2645 Ordinis
1274 2583 1600 2662 estlundamentum;
1615 2587 1669 2648 cui
1678 2587 1847 2650 substrato
1858 2589 1925 2664 pri·

1127 2682 1243 2750 marie,
1258 2683 1307 2742 sic
1319 2683 1428 2744 omnis
1444 2682 1610 2745 structura
1621 2685 1797 2760 religionis
1810 2685 1924 2747 inniti·

319 2782 453 2843 Fratres
466 2780 794 2850 carissimi,rerbum
807 2779 913 2856 primo
928 2793 1073 2856 praecep·
1126 2781 1192 2851 tur,
1214 2778 1250 2840 ut
1273 2779 1378 2855 ipsius
1401 2779 1558 2842 firmitate
1577 2781 1739 2854 firmetur,
1765 2783 1799 2844 et
1821 2797 1922 2844 ever-

280 2879 351 2941 tum
374 2877 525 2956 implete;
551 2894 613 2939 uec
634 2879 816 2954 expectetis
837 2877 965 2948 iterari,
985 2875 1071 2953 quod
1127 2876 1222 2937 sione
1245 2875 1392 2939 funditus
1415 2879 1594 2940 evertatur.
1615 2881 1780 2950 Quantum
1809 2881 1923 2958 itaque

280 2975 403 3037 dicitur
426 2975 531 3037 vobis.
552 2975 644 3038 Nihil
672 2976 772 3037 etiam
793 2973 1072 3051 impossibilitatis
1126 2972 1248 3035 iratres
1271 2969 1488 3037 declinabunt
1515 2991 1535 3036 a
1563 2977 1769 3053 paupertate,
1792 2978 1923 3040 tantum

280 3073 464 3136 causemini
480 3073 551 3136 sire
561 3071 718 3150 judicetis
734 3087 808 3134 esse
832 3071 868 3132 in
889 3071 1069 3148 praecept03
1126 3069 1268 3130 mundus
1279 3070 1459 3133 declinabit
1469 3070 1510 3132 ab
1521 3072 1581 3143 eis,
1594 3074 1627 3134 et
1637 3076 1798 3149 quaereut,
1812 3077 1845 3136 et
1856 3089 1923 3137 non

279 3172 358 3248 quia
373 3170 437 3232 etsi
448 3185 551 3246 supra
569 3170 660 3231 vires
675 3185 736 3245 ego
751 3169 845 3231 robis
865 3169 1070 3242 mandarem,
1127 3167 1309 3229 invenient.
1332 3168 1367 3228 Si
1381 3167 1547 3229 dominam
1568 3185 1675 3230 meam
1691 3173 1923 3248 paupertatem

279 3269 395 3329 sancta
411 3266 599 3328 obedientia
611 3265 739 3328 viribus
754 3282 821 3327 non
841 3265 976 3327 carebit.
1002 3267 1072 3327 Nec
1127 3264 1292 3340 complexi
1307 3264 1441 3339 fuerint,
1459 3267 1601 3328 mundus
1616 3281 1673 3328 eos
1689 3269 1825 3341 nutriet,
1843 3271 1923 3347 quia

279 3364 494 3426 considerare
509 3363 636 3426 debetis
650 3363 724 3441 quis
748 3363 802 3426 vel
817 3363 925 3441 qualis
948 3364 993 3425 sit
1015 3364 1072 3441 qui
1127 3361 1249 3424 mundo
1262 3363 1330 3423 dati
1350 3364 1482 3426 suntad
1499 3364 1651 3426 salutem.
1676 3367 1919 3429 commercium

277 3461 374 3524 robis
389 3460 541 3522 iacienda
557 3461 719 3539 praeoipit,
737 3461 793 3522 sed
807 3461 914 3522 solum
928 3459 1018 3548 quod·
1030 3461 1073 3524 sit
1127 3461 1178 3520 esi
1192 3460 1281 3521 iuter
1295 3461 1453 3522 mundum
1468 3463 1502 3522 et
1522 3461 1653 3524 iratres.
1682 3463 1810 3526 Debent
1833 3465 1923 3526 enim

278 3559 447 3636 praelatus.
464 3559 555 3620 Inter
576 3558 644 3620 alia
668 3575 741 3636 quae
763 3559 940 3634 dignanter
959 3557 1072 3620 divina
1127 3557 1193 3634 ipsi
1219 3557 1342 3618 mundo
1365 3556 1488 3619 bonum
1518 3560 1722 3638 exemplum,
1750 3561 1848 3624 debet
1872 3563 1922 3624 eis

491 2643 541 2701 De
555 2653 641 2700 aero
654 2639 856 2702 obedientia.

277 3656 384 3732 pietas
397 3657 481 3717 mibi
496 3657 673 3730 concessit,
690 3656 776 3717 banc
793 3656 936 3732 gratiam
949 3659 1072 3718 contu·
1128 3655 1270 3715 mundus
1285 3655 1509 3732 provisionem
1524 3657 1771 3730 necessitatum,
1789 3659 1923 3736 quando

277 3753 327 3827 lit,
345 3754 430 3831 quod
446 3755 493 3816 ita
512 3753 691 3831 diligenter
709 3753 834 3816 novitio
858 3754 956 3815 unius
980 3755 1072 3816 borae
1127 3755 1238 3814 autem
1265 3753 1332 3830 ipsi
1353 3753 1557 3816 retraxerint
1581 3755 1704 3817 bonum
1732 3757 1922 3834 exemplum

277 3850 457 3926 obedirem,
472 3852 502 3912 si
513 3851 597 3913 mibi
608 3850 814 3927 guardianus
825 3851 971 3922 daretur,
985 3851 1073 3913 sicut
1127 3850 1192 3912 lide
1217 3851 1367 3923 mentita,
1391 3851 1543 3914 retrahet
1569 3853 1711 3916 muudus
1741 3870 1876 3916 manum
1901 3871 1922 3917 a

275 3949 507 4026 antiquissimo
522 3951 556 4010 et
567 3948 809 4011 discretissimo
819 3948 937 4010 iratri=
954 3949 1073 4010 Subdi·
1123 3949 1214 4024 justa
1229 3963 1383 4010 censura.

276 4048 330 4108 tus
344 4045 520 4122 praelatum
535 4061 633 4106 suum
648 4061 715 4106 non
731 4046 900 4108 bominem
911 4047 1070 4109 conside-

275 4158 353 4204 rare
367 4142 473 4215 debet,
491 4141 548 4204 sed
567 4142 674 4214 illum,
694 4157 754 4218 pro
775 4145 871 4220 quus
893 4159 1007 4205 amore
1021 4145 1074 4206 est
1116 4141 1119 4146 '
1335 4161 1536 4224 coppgpqo
1559 4165 1704 4226 SEXTA,

276 4239 458 4316 subjectus.
502 4238 630 4310 Quanto
667 4239 756 4299 enim
790 4240 1072 4316 contemptibilior

275 4335 671 4412 praestructionem
694 4335 867 4398 numitius
887 4336 1072 4399 occurentis
1225 4305 1275 4365 ¹²⁶
1303 4303 1443 4366 veracco
1468 4309 1656 4368 muitarum
1679 4307 1820 4383 aspectu

276 4433 397 4512 placet,
1360 4401 1679 4466 etconoersottoce.

475 4547 678 4609 Goggqqqo
701 4547 870 4620 0011qu
1166 4531 1344 4592 Mulierum
1354 4532 1612 4608 familiaritates,
1626 4537 1805 4614 colloquia,
1821 4540 1855 4600 et
1865 4556 1923 4602 as-

456 4683 504 4742 ae
526 4681 648 4742 meat
671 4680 890 4755 abacto·
1126 4630 1922 4796 stillumitmu{titillanti

1573 4775 1581 4804 5
1911 4781 1919 4810 5

316 4821 550 4898 Paupertatem
565 4819 738 4892 noveritis,
756 4820 876 4883 iratres
891 4821 1068 4896 carissimi,
1126 4840 1191 4901 quo
1202 4825 1325 4902 saepius
1340 4841 1400 4903 per
1412 4826 1603 4903 buJ'usmodi
1613 4829 1763 4890 videmus
1776 4830 1921 4894 debilem

274 4919 436 4982 virtutum
460 4933 534 4978 esse
555 4919 707 4992 reginam
724 4934 731 4979 :
749 4918 827 4996 quia
851 4919 887 4980 in
909 4921 999 4996 Rege
1011 4937 1070 4982 re·
1125 4921 1247 4998 frangi,
1263 4923 1296 4985 et
1309 4921 1428 4986 fortem
1441 4924 1594 5000 spiritum
1607 4926 1783 4989 infirmari.
1794 4931 1920 4990 Harum

276 5031 366 5093 gum,
392 5017 425 5077 et
438 5015 474 5075 in
489 5014 606 5091 regina
627 5016 734 5078 matre
748 5016 855 5094 ipsius
870 5017 937 5078 tam
962 5033 1069 5094 praes-
1126 5019 1357 5096 contagionem
1384 5021 1526 5084 evadere
1557 5027 1810 5087 conversantem
1844 5043 1920 5088 cum

276 5114 388 5174 tanter
397 5111 534 5174 effulsit.
544 5114 779 5190 Paupertatem
790 5112 918 5186 scitote,
935 5113 1068 5186 iratres,
1125 5116 1186 5190 eis,
1207 5117 1272 5177 nisi
1293 5117 1565 5195 probatissimum
1590 5121 1710 5195 virum,
1730 5124 1798 5184 tam
1821 5122 1921 5186 facile

277 5208 456 5288 specialem
469 5209 558 5271 viam
573 5225 647 5272 esse
673 5211 803 5284 salutis,
824 5213 994 5289 tamquam
1006 5213 1077 5274 bu-,
1121 5213 1365 5291 jndico,quam‚
1373 5216 1472 5291 Juxta
1484 5217 1834 5296 Scripturam,inigne
1845 5237 1921 5283 am·

205 5329 216 5338 ‘
275 5307 427 5369 militatis
451 5307 643 5381 lomentum,
670 5307 950 5386 perfectionisque
974 5308 1069 5371 radi·
1125 5309 1262 5383 bulare,
1295 5313 1329 5374 et
1356 5329 1422 5374 non
1451 5313 1647 5376 comburere
1671 5317 1815 5392 plantas.
1844 5321 1920 5382 Non

276 5420 361 5478 cem,
373 5407 468 5482 cujus
484 5405 535 5465 est
548 5402 675 5465 tructus
688 5405 874 5483 multiplex,
885 5405 943 5468 sed
958 5407 1071 5468 occul·
1125 5408 1215 5470 enim
1238 5423 1390 5470 securum
1416 5412 1507 5487 puto,
1530 5425 1645 5473 earum
1666 5413 1849 5476 formarum
1862 5415 1920 5477 in-

276 5507 341 5568 tus.
358 5503 438 5564 Haec
451 5500 540 5562 enim
552 5502 602 5563 est
609 5503 795 5580 evangelici
808 5503 882 5580 agri
891 5504 1070 5566 tbesaurus
1124 5506 1254 5567 trorsus
1267 5506 1404 5568 haurire
1418 5507 1594 5584 imagines,
1608 5525 1681 5586 quaa
1697 5514 1848 5587 possunt,
1863 5516 1921 5576 aut

278 5599 505 5672 absconditae,
518 5613 577 5678 pro
589 5599 981 5676 quoemendovendenda
994 5603 1072 5664 sunt
1125 5601 1277 5665 edomitae
1292 5605 1404 5665 carnis
1418 5607 1638 5668 ressuscitare
1654 5607 1849 5682 igniculum,
1862 5614 1921 5672 aut
