4118 6390
119 327 197 387 1215
496 324 604 387 PARS
635 325 780 387 PRIMA.
800 355 842 371 —
859 325 1078 390 Expostulo
1108 327 1153 390 IN
1182 329 1386 394 PSALMOS.
1683 339 1763 406 1216
1893 347 1895 350 ’

115 485 225 557 dente,
242 499 349 561 neque
360 499 379 546 a
391 483 534 566 ‚desertis
549 485 715 548 montibus
730 487 805 565 quis
821 485 910 548 effu-
965 501 1085 563 graece,
1102 489 1216 568 pluria
1228 488 1350 564 latine;
1364 489 1452 554 unde
1463 492 1624 572 Hyadesa
1640 501 1763 578 pluviis

115 583 193 658 glot,
218 582 374 658 quoniam
395 581 598 659 nensjudex
613 586 700 645 est.»
718 584 757 644 Et
771 583 912 655 forti,·ut
966 583 1134 661 dicuntur,
1154 601 1236 664 ,quae
1260 589 1340 649 ortae
1367 589 1505 665 faciunt,
1536 595 1623 658 unde
1649 599 1761 678 fruges

116 694 212 739 nemo
246 677 391 740 resistat.
420 682 493 754 Ipse
524 680 613 739 enim
636 681 797 752 miliens,
832 680 913 740 dicit
967 681 1102 742 uberius
1116 685 1418 748 crescunt.Hisunt
1430 688 1586 754 Ecclesiae
1598 693 1759 774 doctores,

114 773 236 853 Job(9,
253 773 317 852 13),
335 777 465 852 «Cujus
484 775 544 836 irae
561 793 658 838 nemo
678 775 836 838 resistere
853 793 913 853 po·
967 779 1023 856 qui
1048 779 1218 842 subductis
1238 783 1451 859 martyribus,
1481 803 1521 849 eo
1544 792 1691 869 tempore
1720 797 1762 860 ad

115 873 216 933 test.»
235 872 403 943 visitabit,
420 871 566 949 inquam,
592 889 692 950 super
713 873 910 944 Leviathan,
967 875 1081 936 mundi
1099 877 1253 939 notitiam
1271 883 1445 954 venerunt,
1467 889 1601 962 propter
1613 905 1695 967 qnos
1708 911 1764 955 re.

116 969 173 1045 qui
189 985 325 1045 serpens
342 967 377 1029 in
390 970 604 1041 terradraco
618 972 652 1032 in
666 985 754 1041 aere,
772 973 865 1032 cetus
878 970 911 1030 in
968 989 1082 1048 pressa
1094 974 1203 1035 hieme
1217 975 1298 1037 fides
1308 978 1432 1039 clarius
1442 981 1541 1056 lucet,
1551 985 1584 1046 et
1591 988 1687 1050 calet.
1698 993 1763 1052 Per

116 1066 213 1137 mari,
242 1065 370 1128 scilicet
393 1065 428 1127 in
448 1067 667 1144 voluptuosis,
697 1068 861 1144 superbis,
881 1070 914 1130 et
967 1065 1123 1131 Austrum
1148 1070 1261 1133 fervor
1290 1073 1433 1150 Spiritus
1455 1083 1561 1143 sancti
1585 1087 1760 1163 accipitur,

116 1164 230 1224 avaris
245 1163 439 1239 potestatem
457 1179 629 1225 exercens.
646 1167 754 1225 Durus
767 1165 913 1240 eriigla-
967 1167 1119 1243 quodum
1133 1167 1280 1244 repletus
1294 1172 1468 1249 quisquam
1483 1177 1595 1252 fuerit,
1615 1183 1656 1242 ad
1670 1199 1764 1248 amo-

117 1260 192 1320 dius
205 1261 321 1321 contra
332 1261 505 1322 mollitiem
517 1261 778 1332 luxuriosorum,
794 1262 912 1354 quibus
967 1279 1037 1324 rem
1052 1265 1237 1327 coelestium
1251 1268 1403 1343 ignescit.
1418 1273 1761 1358 Magnusestjudicio,

116 1356 269 1417 diabolus
280 1357 330 1419 est
344 1373 482 1434 serpens
496 1381 504 1418 :
518 1357 657 1434 grandis
673 1359 912 1436 contra‘pusil-
968 1362 1123 1437 quoniam
1139 1364 1223 1438 quod
1244 1368 1380 1441 putatur
1403 1372 1524 1444 gratia,
1542 1373 1592 1435 ira
1614 1377 1664 1438 θεῖ
1689 1379 1760 1440 110-

116 1453 507 1528 lanimilatemavaritiae,
518 1455 910 1518 cuidiabolusestcetus:
967 1461 1120 1538 quenter3
1137 1461 1224 1521 unde
1247 1465 1401 1526 Jeremiae
1418 1465 1482 1544 (51,
1499 1471 1538 1530 39
1558 1471 1652 1553 1140)
1670 1491 1709 1537 ea
1724 1481 1761 1538 In

116 1553 149 1612 θῖ
163 1551 257 1612 fortis
273 1553 389 1614 contra
411 1553 560 1635 vigorem
577 1553 754 1630 superbiae,
772 1553 825 1614 cui
839 1553 913 1614 dia·
967 1555 1079 1618 calore
1106 1571 1221 1617 eorum
1248 1575 1369 1634 ponam
1394 1563 1491 1637 pctus
1511 1577 1644 1644 eorum,
1661 1576 1694 1634 et
1707 1575 1763 1634 in-

118 1648 213 1710 bolus
227 1649 331 1712 uectis
346 1650 406 1711 est.
429 1649 478 1711 Ab
500 1651 564 1712 hoc
589 1651 701 1727 gladio
730 1667 796 1713 non
818 1652 913 1713 timet
967 1651 1104 1713 ebriaho
1114 1669 1183 1725 eos,
1193 1655 1229 1716 ut
1243 1657 1428 1732 sopiantur,
1443 1663 1476 1723 at
1490 1661 1659 1730 dormiant
1671 1685 1763 1731 som.

119 1747 251 1818 Mulier,
265 1761 337 1823 quae
351 1747 401 1808 θεῖ
415 1747 536 1808 amicta
547 1746 628 1820 sole,
645 1750 678 1810 et
693 1750 773 1809 luna
787 1745 848 1808 suh
861 1763 913 1824 pe·
967 1761 1056 1808 mum
1067 1750 1318 1825 sempiternum,
1337 1755 1369 1814 et
1388 1769 1455 1815 non
1477 1767 1690 1837 consurgant,
1708 1765 1761 1826 di-

119 1841 215 1903 dihus
239 1845 312 1919 ejus
332 1841 447 1921 (Apoc.
467 1846 516 1916 12,
532 1842 576 1924 1).
594 1845 655 1917 Qui
672 1845 761 1905 enim
776 1844 912 1906 indutus
968 1845 1013 1905 cit
1033 1847 1206 1906 Dominus.
1227 1847 1395 1911 Deducam
1418 1867 1475 1914 θοε
1490 1858 1586 1930 quasi
1601 1875 1704 1935 agnos
1719 1863 1761 1924 ad

118 1941 169 2001 est
182 1941 424 2013 novohomine,
437 1941 566 2003 scilicet
579 1942 721 2014 Christo,
736 1939 851 2018 quiesi
862 1942 911 2002 sol
966 1941 1151 2015 uictimam;
1169 1945 1295 2020 »quasi
1311 1945 1400 2008 dicat
1417 1971 1423 2008 :
1439 1951 1541 2013 Juxta
1563 1957 1650 2032 quod
1673 1960 1765 2020 desi·

112 2037 264 2113 justitiae,
280 2037 312 2098 et
327 2039 524 2114 temporalia
547 2039 720 2100 conculcat
743 2036 803 2098 suh
819 2037 914 2115 pedi·-
966 2037 1096 2112 derant,
1110 2039 1196 2101 daho
1211 2042 1261 2102 eis
1277 2043 1312 2102 in
1329 2059 1442 2106 eorum
1459 2048 1651 2123 perniciem.

117 2131 178 2195 hus
193 2137 276 2211 ejus,
295 2135 335 2195 ab
352 2134 410 2196 illa
426 2137 592 2197 sententia
612 2151 678 2197 non
697 2135 927 2197 1010111100--
1005 2137 1147 2212 Magnus
1181 2141 1232 2199 est
1256 2139 1408 2216 justitia;
1436 2145 1523 2207 unde
1547 2149 1763 2228 Evangelium

115 2234 193 2292 tem.
207 2231 267 2292 Hic
282 2231 333 2294 θε1
347 2233 447 2294 etiarn
461 2233 601 2293 malleus
616 2235 783 2295 uniuersae
798 2235 910 2306 terra,
963 2231 1080 2310 ¹(Lucae
1094 2234 1155 2308 16,
1167 2233 1222 2313 26)
1241 2255 1248 2294 :
1267 2235 1342 2309 Fili,
1359 2241 1549 2320 recordare,
1566 2246 1643 2322 quia
1665 2267 1763 2312 rece·

116 2331 153 2390 nt
167 2329 247 2390 dicit
260 2330 425 2391 Jeremias
441 2329 506 2407 (50,
523 2329 601 2409 ’23)ι
620 2348 638 2391 c
652 2330 822 2402 Quomodo
838 2347 913 2391 con-
967 2330 1046 2406 pisti
1068 2331 1157 2392 bona
1178 2333 1213 2392 fn
1236 2333 1305 2395 vita
1319 2335 1386 2409 tua,
1402 2340 1435 2400 et
1447 2341 1593 2404 Lazarus
1608 2346 1764 2412 similiter

115 2427 215 2488 tritus
238 2425 298 2498 est,
317 2427 350 2488 et
373 2427 562 2488 confractus
583 2425 725 2488 malleus
747 2429 912 2488 universae
968 2427 1077 2488 mala:
1101 2443 1189 2490 nunc
1204 2431 1316 2492 autem
1341 2431 1396 2494 hic
1412 2439 1613 2514 consolatur,
1629 2445 1665 2504 tu
1684 2457 1764 2509 vero

116 2525 257 2586 terrae.»
272 2526 336 2586 Iste
347 2523 488 2585 malleus
501 2524 734 2600 confringitur,
753 2539 827 2585 cum
837 2524 913 2585 ten·
968 2525 1158 2585 cruciaris»
1173 2548 1180 2586 :
1194 2529 1277 2588 Ecce
1288 2531 1431 2605 justitia.
1452 2534 1529 2596 Ideo
1548 2541 1681 2613 petebat
1695 2547 1764 2608 Ha.

115 2621 298 2682 tationibus
321 2620 392 2697 ejus
408 2635 474 2682 non
497 2622 740 2698 acquiescitur:
756 2619 912 2682 conteri·
967 2620 1072 2682 hacuc
1094 2621 1138 2701 (3,
1163 2623 1202 2683 16
1220 2626 1253 2684 et
1267 2623 1320 2704 17)
1337 2648 1344 2685 :
1360 2629 1604 2704 «ingrediatur
1625 2641 1764 2714 putredo

117 2721 183 2788 tur,
213 2734 287 2779 cum
309 2721 421 2795 justus
443 2717 588 2779 eradens
609 2719 643 2778 in
660 2719 725 2780 fine
750 2719 909 2779 salvatur.
967 2717 1003 2778 in
1018 2717 1256 2792 ossibusmeis
1268 2722 1763 2814 θῖε1111011100011011111θεί

118 2817 213 2876 Hunc
235 2830 300 2875 non
329 2815 424 2876 timet
444 2815 497 2876 uir
517 2818 639 2897 justus,
669 2817 747 2893 quia
772 2819 811 2876 ut
833 2813 914 2876 dicit
967 2815 1058 2877 dicat
1072 2837 1079 2876 ι
1093 2818 1212 2878 Omnia
1230 2821 1369 2895 partiar,
1390 2825 1479 2886 totas
1503 2827 1538 2887 in
1554 2834 1764 2907 putredinem

117 2917 217 2973 Amos
231 2912 276 2992 (7,
294 2910 326 2990 7)
341 2933 347 2972 :
365 2913 558 2974 «Dominus
579 2916 644 2975 stat
664 2927 763 2990 super
782 2927 913 2973 murum
968 2913 1142 2974 resolvam
1159 2917 1202 2977 Ut
1214 2918 1422 2992 requiescam
1441 2923 1476 2983 in
1499 2925 1552 2987 die
1568 2924 1762 2995 tribulatio-

117 3009 332 3084 litum37ualia
342 3010 517 3071 translatio
530 3007 741 3090 (1):Murum
753 3008 914 3070 adaman·
967 3011 1034 3083 nis,
1060 3011 1092 3072 et
1116 3011 1295 3073 ascendam
1324 3013 1365 3076 ad
1389 3021 1546 3096 populum
1575 3029 1763 3094 accinctum

118 3107 235 3168 tinum.
252 3109 360 3184 Super
379 3097 511 3167 murum
532 3107 786 3169 adamantinum
801 3106 911 3168 Chris·
968 3108 1138 3181 nostrum;
1154 3109 1211 3186 qui
1233 3112 1362 3175 scilicet
1376 3111 1416 3176 de
1434 3121 1556 3182 mundo
1570 3124 1762 3204 triumpha-

115 3204 168 3265 tus
181 3204 269 3265 stare
285 3204 417 3274 dicitur,
430 3203 507 3281 quia
521 3205 557 3265 ut
569 3203 650 3266 dicit
661 3203 821 3280 Origenes
838 3201 885 3282 (2)
904 3225 911 3263 ι
967 3205 1026 3266 vit.
1046 3207 1145 3266 Ficus
1169 3205 1269 3278 enim,
1296 3208 1382 3272 idest
1407 3213 1545 3278 dulcedo
1569 3221 1683 3284 saeculi
1698 3242 1765 3290 non

118 3317 136 3360 c
152 3303 244 3364 Licet
256 3307 419 3379 superstet
429 3302 579 3374 malleus,
591 3305 623 3364 et
634 3301 912 3380 subjaceatdraco
967 3301 1111 3375 florebit,
1126 3303 1192 3364 imo
1203 3305 1455 3387 dicetur(Apoc.
1469 3313 1517 3386 18,
1530 3309 1563 3394 ’7)
1579 3319 1764 3390 :Quantum

118 3399 213 3477 quasi
225 3399 330 3470 incus,
346 3414 412 3459 non
430 3403 538 3459 tanren
554 3399 721 3473 frangitur
733 3399 856 3474 justus.
875 3416 893 3457 »
968 3399 1227 3474 glorificantes,
1253 3405 1382 3466 tantum
1403 3407 1478 3470 date
1494 3408 1543 3471 1111
1558 3409 1598 3476 de
1613 3418 1763 3482 tormen.

159 3498 301 3570 Magnus
331 3496 381 3554 est
404 3493 506 3568 igitur
533 3493 725 3554 fortitudine
745 3515 751 3553 :
772 3495 913 3568 Magnus
966 3497 1022 3557 tis.
1038 3513 1056 3555 u
1072 3497 1112 3557 nt
1127 3513 1193 3558 non
1217 3501 1282 3560 erit
1305 3515 1442 3574 germen
1458 3506 1493 3565 in
1509 3509 1628 3584 vineis,
1645 3517 1712 3578 imo
1728 3521 1764 3581 in

119 3593 219 3654 etiarn
235 3591 373 3669 judicio.
400 3589 491 3666 Quod
515 3589 603 3649 enim
631 3591 766 3665 putatur
784 3589 846 3659 ira,
864 3589 914 3651 est
968 3591 1139 3652 tristitiam
1164 3597 1378 3657 convertetur
1401 3597 1530 3676 laetitia,
1557 3609 1655 3682 juxta
1682 3615 1764 3678 illud

120 3691 249 3766 gratia;
266 3693 297 3749 et
312 3686 398 3764 quod
414 3687 549 3763 putatur
557 3687 677 3762 gratia,
687 3687 739 3746 est
748 3686 810 3746 ira.
822 3683 914 3758 Quod
969 3689 1052 3748 Osee
1065 3687 1109 3766 (2,
1127 3685 1178 3766 12)
1196 3711 1204 3748 ε
1221 3694 1465 3770 «corrumpam
1483 3700 1614 3763 vineam
1630 3711 1713 3784 ejus,
1733 3715 1766 3775 et

121 3785 258 3864 putatur
283 3786 346 3856 ira,
371 3784 420 3844 est
442 3784 567 3859 gratia3
590 3781 676 3843 unde
701 3783 763 3845 Job
790 3782 834 3857 (9,
857 3783 912 3862 9):
936 3831 937 3864 3
970 3784 1068 3844 ficum
1087 3787 1170 3861 ejus,
1197 3784 1237 3847 de
1261 3787 1380 3864 quihus
1402 3790 1489 3854 dixit
1505 3816 1512 3854 :
1530 3799 1764 3870 Mercedesnae

120 3884 214 3955 «Qui
227 3883 307 3944 facit
319 3883 505 3952 Arcturum,
521 3882 553 3941 et
571 3877 705 3950 Oriona,
720 3881 753 3941 et
767 3881 912 3956 Hyadas,
970 3895 1052 3942 meae
1076 3883 1162 3954 sunt,
1188 3895 1271 3958 quas
1298 3879 1461 3951 dederunt
1485 3890 1567 3955 milri
1597 3904 1764 3966 amatores

121 3981 154 4042 et
178 3980 340 4042 interiora
354 3978 478 4039 Austri.
495 3993 513 4037 1
532 3979 692 4037 Arcturus
712 3977 746 4036 in
760 3991 824 4038 axe
839 3977 915 4038 cccli
937 4041 938 4048 ,
970 3977 1053 4050 00θί;
1069 3994 1087 4037 n
1102 3981 1135 4040 et
1158 3979 1232 4040 Joel
1256 3980 1306 4059 (1,
1325 3979 1376 4061 10)
1393 4006 1402 4043 ι
1419 3987 1630 4056 «confusum
1645 4002 1695 4062 est
1713 4003 1767 4070 ni.

121 4079 245 4155 septem
258 4075 365 4137 stellis
380 4076 479 4147 lucet,
498 4089 633 4151 sumper
644 4076 809 4147 versatur,
820 4091 911 4135 nun·
970 4089 1060 4148 num,
1076 4075 1205 4137 scilicet
1220 4075 1355 4151 laetitiae,
1374 4081 1523 4159 elanguit
1536 4089 1645 4154 oleum
1662 4089 1765 4160 medi·

120 4189 219 4251 quam
231 4173 403 4248 mergitur.
415 4173 494 4232 Haec
509 4173 560 4232 est
574 4171 735 4244 Ecclesia,
748 4185 822 4248 quae
835 4185 914 4248 sep·
970 4171 1089 4244 cinale,
1105 4171 1190 4251 quod
1202 4175 1290 4235 enim
1306 4175 1443 4252 putatur
1457 4182 1512 4245 nic
1526 4200 1546 4246 a
1559 4191 1766 4269 voluptuosis
1798 4235 1808 4244 .

121 4275 188 4334 tem
201 4269 411 4346 donagratiae
427 4267 628 4345 septiformis
643 4268 783 4340 habens,
800 4268 841 4329 ab
852 4283 915 4330 are
970 4269 1182 4342 medicinale,
1198 4271 1234 4331 in
1249 4271 1444 4350 languorem
1460 4279 1517 4344 fiet
1530 4285 1591 4346 eis.

122 4369 274 4431 veritatis
299 4367 397 4437 lucet,
430 4367 462 4427 et
486 4381 616 4442 semper
639 4364 828 4438 tribulatur,
857 4366 914 4427 sed

122 4480 291 4543 nunquam
306 4463 428 4533 deficit,
443 4463 522 4523 etin
541 4463 673 4523 modum
686 4463 819 4524 Arcturi
834 4479 915 4524 ver·
1204 4451 1342 4514 SERMO
1369 4456 1532 4518 CCLXXI.

123 4562 226 4634 satur,
257 4563 289 4622 et
313 4559 453 4634 erigitur
469 4557 532 4637 (3);
555 4560 642 4620 unde
660 4560 762 4636 addit,
774 4560 914 4647 Oriona,
939 4585 940 4590 ¹
1454 4575 1458 4582 ·

123 4675 196 4737 quae
223 4657 359 4720 hiemali
378 4657 526 4732 tempore
548 4657 713 4728 oriuntur,
739 4659 772 4720 et
790 4658 825 4718 in
841 4661 917 4720 ortu

121 4757 335 4832 tempestates
357 4752 520 4824 excitant,
549 4757 583 4814 et
613 4769 716 4825 mare,
744 4755 916 4830 terrasque

123 4853 332 4915 conturbant.
364 4849 405 4910 Hi
431 4850 508 4911 sunt
531 4852 706 4927 martyres,
738 4865 819 4926 quos
839 4851 915 4912 dum

123 4951 254 5024 coelum,
281 4948 368 5010 idest
395 4946 543 5008 Ecclesia
567 4945 680 5016 edidit,
699 4947 817 5017 hiems,
831 4947 918 5010 idest
1070 5021 1073 5028 Ι

122 5047 287 5124 frigiditas
311 5045 475 5107 malorum
491 5045 525 5104 in
545 5046 741 5120 tempestate
753 5046 913 5128 apercuit,
972 5058 1126 5116 oportum
1158 5060 1259 5130 requi
1288 5060 1340 5120 lut
1365 5065 1488 5141 dicent,
1516 5069 1551 5129 et
1573 5075 1767 5146 potentiam

122 5147 156 5207 et
176 5143 363 5205 nonsolum
386 5141 549 5215 turbidos,
570 5141 747 5202 sedetiam
767 5141 916 5220 placidos
1072 5151 1373 5226 tuumtoqoeulur.
1398 5159 1584 5242 (Psalmi,
1602 5173 1666 5252 11.)
1770 5230 1774 5238 ,
1872 5223 1877 5232 ,

122 5243 158 5304 10
174 5257 287 5304 eorum
307 5255 423 5303 necem
437 5239 554 5302 erexit.
572 5239 704 5316 Hyades
720 5241 915 5315 nascuntur,

123 5355 198 5400 cum
234 5337 283 5398 sol
310 5336 450 5398 calidior
486 5336 558 5397 dies
589 5335 748 5399 extendit.
783 5338 916 5414 Hyades
1012 5338 1126 5400 Gloria
1142 5340 1236 5416 regni
1252 5347 1303 5404 est
1323 5343 1357 5404 in
1377 5355 1648 5420 remuneratione
1661 5364 1768 5426 Sanc-

971 4618 1052 4687 Quod
1071 4621 1162 4693 gloria
1189 4624 1271 4695 regni
1286 4632 1329 4681 esf
1352 4626 1384 4682 10
1396 4635 1626 4694 remuneratione
1647 4643 1765 4705 Sancto-

1007 4721 1069 4764 rum
1084 4723 1091 4764 :
1109 4711 1233 4780 potentia
1263 4711 1291 4766 in
1313 4717 1497 4786 percussione
1522 4727 1722 4806 reproborum;
1739 4744 1768 4793 et

1011 4793 1086 4868 quod
1110 4797 1201 4871 gloria
1231 4801 1313 4872 regni
1340 4798 1471 4863 consistit
1496 4810 1525 4868 in
1554 4811 1659 4887 duplici
1684 4824 1766 4894 stola,

1007 4885 1111 4942 anime
1124 4887 1242 4956 scilicet,
1257 4896 1284 4944 et
1297 4893 1435 4963 corporis.

77 5500 80 5505 ’
160 5538 321 5680 (ἑέἵξτθεὲῗ)
354 5537 526 5662 raetltgrldflf.
1007 5540 1715 5627 13)S.Gregor.,lib.llffdoral.,fncap.9loh.
