4226 6406
1760 307 1820 372 470
1905 387 1917 412 ⁴

176 303 240 376 469
749 299 1072 368 PROLEGOMENA·
1088 303 1250 368 -VITA.

177 461 258 534 Quis
274 475 311 524 es
332 461 436 524 dixitt
449 462 510 524 Cui
528 461 586 524 ille
600 461 791 539 respondit.
807 461 875 540 ugo
899 477 972 526 sum
1026 462 1181 526 sanitatis
1216 461 1360 540 gratiam
1392 463 1557 526 instanter
1584 463 1788 542 postulasset
1809 489 1817 530 ι

175 559 356 622 Antonius.
369 559 634 636 lisclarnansque
646 559 971 623 mulierait.Libera
1026 559 1138 636 optato
1150 559 1284 622 tandem
1299 560 1422 638 potitus
1438 560 1584 622 lumine.
1610 564 1677 630 Deo
1694 563 1821 643 gratias

176 671 230 718 me
245 659 360 722 sancte
376 658 506 720 antoni.
524 656 585 730 Qui
597 657 794 734 respondit.
816 659 900 718 licce
915 673 972 718 sa·
1025 670 1129 731 agens
1150 655 1299 720 recessit.

176 753 232 814 lua
245 753 333 814 iacta
348 769 404 814 es.
423 756 521 815 Mane
536 755 646 816 autern
669 753 756 816 iacto
778 754 900 816 mulier
914 769 971 816 ro·
1064 754 1179 816 Lectio
1194 796 1202 813 .
1225 755 1335 816 IX.1n
1350 751 1488 816 ciuitate
1507 755 1672 823 triuisana
1683 757 1756 820 erat
1766 756 1821 820 uir

175 850 294 912 borata
317 851 475 924 surrexit,
491 853 524 914 et
538 851 673 912 nullum·
691 865 829 928 prorsus
849 851 970 915 abinde
1025 849 1159 928 quidam
1170 849 1498 914 nomineZamhonus
1514 850 1561 932 (3)
1575 853 1632 929 qui
1643 869 1702 930 per
1714 869 1820 920 annos

175 963 359 1026 grauamen
374 949 491 1010 sensit.
1025 947 1459 1024 seneteoampliussinistro
1469 949 1564 1010 oculo
1573 951 1819 1016 nichilomnino

214 1047 345 1111 Lectio.
366 1049 438 1108 VII.
463 1045 580 1106 Puella
595 1045 736 1122 quedam
749 1046 900 1108 auriema
914 1061 970 1108 no-
1025 1044 1139 1107 uidere
1155 1044 1281 1124 potuit.
1306 1045 1452 1108 Uaniens
1473 1045 1578 1124 igitur
1599 1046 1652 1108 die
1677 1048 1819 1123 quadam

174 1143 335 1222 minepar
349 1159 472 1206 anniam
488 1143 522 1206 et
535 1143 709 1207 dimidium
725 1143 898 1207 oculorum
915 1143 970 1206 lu·
1024 1141 1066 1202 ad
1093 1141 1201 1214 sancti
1223 1139 1353 1206 antonii
1373 1141 1575 1222 seplucrum,
1600 1159 1674 1206 curn
1700 1159 1819 1222 parum

174 1241 264 1304 mine
276 1241 431 1318 priuata.
448 1239 490 1302 ad
512 1241 648 1306 archam
663 1238 753 1308 beati
768 1241 898 1304 antonii
912 1256 969 1303 sa·
1024 1253 1123 1318 super
1136 1238 1221 1302 illud
1236 1239 1423 1316 quieuisset
1438 1255 1446 1300 :
1463 1241 1661 1319 recuperato
1674 1256 1753 1305 mox
1765 1241 1820 1303 lu-

174 1339 290 1404 nitatis
324 1337 433 1414 gratia
468 1337 642 1414 deportata
674 1338 752 1400 est.
789 1339 858 1410 Quo
893 1353 968 1400 oum
1023 1336 1112 1399 mine
1136 1337 1285 1420 gaudens
1319 1335 1450 1399 domum
1485 1336 1594 1400 rediit.
1626 1338 1818 1402 Leonardus

173 1451 284 1514 panno
296 1435 344 1516 (1)
360 1450 423 1513 quo
437 1434 651 1512 operiebatur
661 1435 765 1498 archa
777 1435 883 1498 ocutis
896 1435 967 1498 suis
1024 1434 1157 1512 quidam
1185 1433 1225 1496 de
1253 1433 1414 1510 Cuiglano
1444 1432 1491 1514 (4)
1524 1434 1626 1497 trium
1651 1450 1818 1502 annorum

173 1533 412 1610 applicuisset:
439 1547 516 1594 mox
537 1533 663 1610 apertis
691 1532 883 1610 palpebris.
908 1533 966 1594 lu·
1021 1532 1135 1608 spacio
1151 1532 1252 1594 unius
1268 1531 1357 1594 oculi
1370 1531 1627 1596 lumineextcto
1642 1533 1815 1612 priuatus.

171 1647 248 1692 men
261 1630 324 1692 celi
337 1629 454 1691 uidere
469 1630 674 1708 promeruit.
1020 1629 1126 1692 altero
1137 1644 1218 1692 uero
1229 1629 1263 1689 in
1279 1630 1407 1691 mutum
1421 1629 1613 1692 cecuciens.
1626 1631 1740 1694 utnon
1749 1631 1817 1692 nisi

212 1729 344 1792 Lectio.
373 1731 467 1790 VIII.
490 1729 608 1790 Frater
629 1728 763 1805 quidam
789 1727 830 1788 de
849 1727 966 1788 ordine
1021 1741 1124 1787 uoce.
1141 1727 1237 1788 notos
1253 1725 1294 1786 ab
1310 1726 1432 1802 ignotis
1454 1725 1659 1788 discerneret
1676 1748 1682 1788 ι
1700 1727 1741 1790 ad
1756 1744 1816 1790 re-

172 1823 313 1889 iratrum
329 1825 495 1887 minorum
514 1824 733 1888 theodorixus
748 1823 796 1903 (2)
810 1825 964 1886 nomina.
1020 1823 1160 1886 uerendi
1187 1821 1292 1901 patris
1323 1822 1453 1885 antonii
1482 1822 1646 1884 tumulum
1671 1823 1813 1886 deuotus

172 1921 313 1984 duorum
324 1937 488 1984 annorum
498 1922 611 1999 spacio
624 1922 761 1984 sinistro
773 1922 897 1984 lumine
910 1937 967 1983 or·
1020 1921 1130 1983 uenit.
1157 1921 1304 1998 cumque
1324 1919 1398 1982 tusa
1413 1920 1565 1982 oratione
1582 1920 1710 1982 modico
1730 1923 1816 1986 tern-

172 2019 269 2082 lratus
296 2019 336 2080 de
355 2019 467 2096 apulie
491 2019 614 2081 finibus
642 2019 684 2081 ad
702 2019 838 2082 archam
857 2018 966 2086 sancti
1020 2033 1100 2096 pore
1124 2033 1237 2079 eoram
1254 2017 1357 2078 archa
1378 2018 1564 2094 prostratus
1577 2018 1812 2088 sustinuisset,

171 2117 276 2194 patris
298 2116 427 2178 antonii
455 2117 595 2180 deuotus
615 2117 778 2180 accessit.
803 2117 864 2190 Qui
891 2131 966 2178 oum
1020 2115 1193 2191 utriusque
1208 2114 1343 2176 luminis
1357 2115 1478 2178 donato
1494 2115 1570 2176 uisu
1584 2157 1592 2176 .
1608 2114 1742 2177 domum
1757 2131 1814 2178 re-

170 2213 367 2292 aliquandiu
378 2213 619 2279 cumfratribus
628 2215 966 2291 paduecommoratus
1020 2212 1212 2274 uersusest.

961 2613 1023 2738 ll

531 2895 609 2982 s.
635 2839 898 2986 'lurouu
934 2899 1005 2988 nn
1051 2901 1235 2990 ranna
1278 2903 1411 2992 vira

644 3051 666 3162 a‘
688 3101 863 3164 sindona
891 3103 1158 3171 sounuronro
1180 3123 1332 3174 sensns.

476 3353 649 3406 Pnffl‘arlo

235 3482 274 3534 ld
286 3483 427 3539 Mouzeris
439 3485 531 3546 tilium,
543 3502 601 3553 que
612 3487 705 3553 incipit
717 3504 722 3540 :
735 3489 796 3554 ceps
805 3490 887 3543 Folia.

204 3627 415 3691 Desideranti
430 3631 511 3691 milri
526 3632 654 3708 perdiu,
672 3649 711 3696 ac
731 3649 959 3714 saepenumero

164 3725 369 3802 perquirenti
384 3727 510 3808 aliquid
526 3729 672 3792 scribere
685 3731 726 3791 ad
740 3732 785 3803 te,
798 3732 957 3810 Modesto,

164 3820 209 3882 mi
238 3823 435 3887 suavissime
464 3825 523 3898 iili,
552 3827 637 3906 qnod
660 3828 759 3890 simul
774 3830 807 3890 et
821 3821 958 3906 dignum

164 3922 253 3981 esset
275 3921 435 3982 memoria
460 3924 674 4003 sempiterna,
692 3926 725 3986 et
737 3925 958 3989 christianum

163 4015 287 4078 cultum
301 4017 482 4096 inspiceret
494 4041 502 4080 ε
514 4036 556 4082 en
572 4019 657 4086 iorie
672 4022 782 4086 oblata
797 4025 873 4086 sunt
887 4041 959 4086 me-

162 4113 322 4175 moranda
345 4115 507 4194 quaedam,
528 4117 709 4196 eademque
731 4119 956 4197 pulcherrima

161 4209 195 4270 et
206 4209 320 4272 divina
335 4212 497 4275 miracula
508 4216 614 4276 sancti
629 4217 767 4280 Antonii
782 4217 955 4280 consesso-

160 4305 209 4366 ris
221 4306 262 4368 de
274 4308 388 4370 Padua
407 4331 415 4370 ι
432 4311 480 4372 sic
493 4313 582 4374 enim
598 4314 864 4392 appellanteum,
882 4333 956 4394 quae

160 4401 224 4464 hac
245 4405 309 4466 ista
326 4405 359 4466 in
387 4406 522 4470 civitate
547 4410 672 4478 Padua.
691 4411 754 4472 hoc
776 4411 840 4474 isto
855 4428 955 4483 anno,

160 4499 216 4576 qui
236 4503 320 4564 esta
341 4505 422 4565 lesu
437 4505 560 4567 Christi
575 4508 647 4568 veri
663 4508 721 4571 Dei
734 4509 813 4570 Filii
828 4511 955 4574 nativi-

157 4598 226 4658 tate
239 4599 513 4662 MCCCCXXXlll
528 4605 705 4678 cumulate,
723 4621 762 4668 ao
777 4606 876 4684 longe
892 4626 954 4670 su·

158 4709 219 4770 pra
236 4711 334 4774 quarn
348 4698 464 4771 soleat,
482 4701 578 4778 quasi
593 4701 633 4770 de
648 4701 813 4765 industria
828 4705 955 4770 adeam

158 4807 240 4865 rem,
262 4793 384 4856 divinis
408 4797 569 4874 expositis
597 4787 735 4872 viribus,
758 4806 953 4866 evenerunt.

158 4889 285 4968 Quippe
303 4893 362 4964 toi,
379 4896 536 4972 tantaque
552 4895 605 4957 his
621 4899 807 4973 praesertim
827 4899 954 4963 duobus
972 4963 977 4970 ,

156 4989 954 5073 proximismensibusmaio,etjunio,necdeinda

157 5083 249 5146 nulla
262 5087 375 5150 audita
390 5089 478 5158 sunt,
499 5093 532 5152 et
554 5091 644 5154 clare
657 5091 741 5165 visa,
759 5094 794 5156 ut
809 5095 953 5158 credulis

192 5243 233 5311 (i)
250 5243 393 5320 Pannum,

191 5313 233 5382 (2)
249 5314 303 5386 lp.
318 5317 387 5376 lioil.
405 5333 412 5374 :
429 5317 632 5378 Theodoriana.

191 5385 233 5454 (3)
250 5384 320 5442 ibid.
332 5404 339 5444 :
351 5385 536 5447 desideratur.

190 5455 231 5524 (i)
248 5455 318 5514 ibid.
334 5473 341 5514 :
357 5458 394 5516 de
406 5461 558 5518 Caniniano
565 5475 573 5530 ;
595 5459 686 5518 iorte:
704 5461 740 5519 de
754 5463 940 5536 Conegliaoo.

191 5527 233 5597 (5)
251 5529 336 5586 Notat
355 5529 540 5590 Potentooius
562 5547 620 5590 non
648 5539 758 5592 tantum
784 5535 949 5594 admiratio·

154 5612 239 5669 noum
254 5599 305 5656 sed
323 5599 452 5658 timorem
473 5601 613 5661 invasisse
629 5604 750 5674 animoa,
770 5609 948 5677 proptermi·

1015 3361 1089 3408 esse
1103 3347 1243 3410 nimium
1258 3349 1372 3424 multa,
1390 3350 1572 3415 incredulis
1591 3353 1813 3433 impossibilia

1014 3443 1202 3508 videantur.
1586 3433 1590 3448 ’

1053 3543 1124 3603 Hoc
1138 3558 1181 3604 ne
1201 3545 1391 3621 praesagiat,
1408 3548 1440 3610 et
1453 3549 1598 3611 minetur
1611 3552 1736 3614 malurn
1748 3552 1809 3633 (5),

1013 3652 1053 3698 ac
1064 3641 1243 3714 pessimum
1254 3643 1389 3715 malurn,
1402 3646 1555 3707 metuunt
1567 3647 1727 3726 plerique.
1741 3651 1811 3712 Nos

1013 3750 1092 3796 vero
1105 3751 1145 3798 ea
1160 3753 1235 3813 spes
1245 3740 1346 3808 tenet,
1361 3741 1447 3817 quod
1457 3740 1579 3802 bonurn
1591 3744 1637 3812 id,
1651 3745 1812 3808 faustum·
1884 3753 1891 3784 i

1013 3847 1088 3907 que,
1114 3848 1154 3894 ac
1182 3831 1264 3895 felix
1290 3852 1387 3897 omen
1413 3839 1457 3898 sit
1476 3837 1598 3902 honam
1621 3840 1662 3900 ad
1678 3858 1806 3919 pacem,

1014 3928 1129 3998 otium,
1151 3931 1431 4008 tranquillitatem
1451 3934 1558 4010 nobis,
1578 3938 1734 4017 omnique
1749 3955 1812 4016 po-
1924 3972 1932 3988 ν

1012 4025 1102 4102 pulo,
1128 4043 1168 4089 ac
1188 4029 1316 4092 nomini
1331 4030 1514 4094 christiano
1529 4031 1693 4128 futurum„
1708 4037 1811 4114 Equi-

1012 4121 1086 4183 dem
1102 4124 1249 4187 scribere
1266 4126 1331 4188 ista
1347 4128 1515 4202 constitui,
1532 4131 1601 4192 tum
1617 4148 1659 4196 ne
1674 4149 1811 4212 operam

1012 4235 1155 4284 navasse
1178 4223 1275 4290 modo
1298 4226 1516 4288 saecularibus
1535 4229 1662 4299 ridear,
1682 4233 1753 4294 tum
1773 4234 1811 4298 ut

1012 4334 1077 4395 qua
1101 4319 1161 4383 Dei
1189 4323 1312 4395 Sancti,
1340 4324 1374 4385 et
1396 4325 1526 4387 Sanctae
1542 4343 1656 4392 omnes
1671 4330 1735 4390 coli
1751 4330 1811 4391 da-

1011 4415 1100 4490 bent,
1127 4433 1167 4480 ea
1194 4417 1254 4480 tibi
1278 4435 1359 4498 erga
1374 4420 1463 4486 hunc
1484 4425 1637 4488 sanctum
1650 4443 1754 4498 ruens,
1768 4443 1808 4490 ac

1010 4516 1199 4577 reverentia
1225 4520 1407 4594 augeatur3
1434 4522 1702 4600 meminerisque‚
1728 4541 1807 4585 nam

1010 4626 1046 4672 es
1069 4611 1273 4687 adolescens,
1290 4617 1323 4678 et
1344 4615 1474 4692 legibus
1495 4618 1618 4691 studes,
1638 4621 1753 4696 optimi
1768 4637 1808 4682 ac

1010 4709 1127 4770 aeterni
1151 4711 1210 4770 Dei
1235 4711 1430 4774 immensam
1453 4715 1644 4790 potentiam,
1672 4716 1806 4779 miseri-

1010 4805 1169 4878 cordiam,
1194 4809 1350 4884 pletatem
1366 4825 1451 4874 esse.
1476 4811 1539 4872 Sed
1561 4828 1646 4885 oum,
1664 4814 1710 4876 uti
1727 4832 1808 4894 pro-

1010 4919 1186 4979 posueram
1215 4905 1342 4981 animo,
1375 4907 1522 4969 scribere
1555 4912 1672 4986 parata
1705 4929 1806 4976 manu

1009 5015 1092 5076 opus
1103 5001 1139 5063 ut
1152 5018 1384 5080 prosequerer,
1400 5005 1630 5084 incoepissem,
1652 5009 1806 5073 animad-

1008 5097 1093 5160 verti
1113 5114 1183 5160 rem
1199 5099 1271 5162 sine
1284 5103 1403 5178 capite,
1419 5103 1670 5182 mutilatamque
1685 5107 1803 5183 videri,
1844 5192 1850 5204 1

1008 5255 1102 5314 recula
1117 5264 1225 5330 patrata
1242 5267 1382 5316 eteorum
1396 5257 1596 5332 frequentiam,
1609 5207 1803 5325 undre'nomen

1008 5326 1257 5409 thaumaturgis.
1278 5331 1404 5388 Antonio
1427 5331 1535 5392 datum.
1561 5335 1711 5415 limabant
1726 5339 1804 5396 enim

1008 5395 1147 5466 homines,
1171 5414 1220 5474 qm
1244 5401 1326 5473 leges
1341 5403 1484 5460 naturales
1501 5419 1583 5476 quast
1597 5420 1714 5464 eversas
1731 5423 1801 5466 oon·

1006 5467 1227 5554 spicieba11t‚·et
1244 5471 1365 5556 attoniti,
1386 5487 1451 5558 cum
1468 5482 1583 5602 stupore
1609 5478 1690 5548 quasi
1716 5477 1804 5536 horri-

1006 5537 1064 5608 lnlr,
1074 5538 1110 5598 ad
1126 5555 1249 5600 loricam
1260 5541 1296 5599 de
1311 5541 1355 5602 lns
1367 5543 1501 5602 omnibns
1524 5545 1712 5618 capiebantur.
