4204 6402
137 330 198 394 nce
513 295 620 394 3133
651 331 1088 394 33333-33333313
1118 332 1163 394 nv
1195 332 1397 393 psannios.
1714 331 1774 390 mo

134 489 226 552 bitur
241 489 307 551 uisi
331 490 443 564 astus,
467 492 500 552 et
513 490 625 553 lervor
638 489 808 552 desiderii.
821 494 926 552 Acca·
980 490 1128 552 Elevatio
1155 490 1205 551 est
1225 490 1445 562 tormentum,
1468 488 1553 565 quod
1580 503 1698 566 passus
1722 491 1773 550 est
1833 487 1840 551 '.

133 601 196 648 rou
217 586 459 663 interpretatur
486 586 656 649 sterilitas,
684 590 924 649 Hacestvana
980 587 1155 662 Dominus,
1184 589 1219 649 ut
1252 603 1311 664 per
1343 587 1450 664 ipsam
1478 586 1671 666 temporalis
1708 586 1771 647 de-

133 682 256 744 mentis
269 683 424 752 solitudo,
439 684 475 744 in
491 699 554 760 qua
568 685 661 746 nulla
672 685 926 746 utilitas.Ardcr
981 682 1116 745 lectatio
1159 682 1405 744 confusibiliter
1437 682 1654 760 deprimatur.
1701 685 1773 744 Ex-

134 795 214 858 ergo
230 780 420 858 voluptatis,
437 781 627 844 3133111313
642 783 925 860 meutisejiciun-
979 782 1075 841 13333
1115 781 1165 842 331
1192 795 1311 841 manus
1347 779 1487 852 Christi,
1527 782 1560 840 et
1583 779 1772 858 perforata,

134 880 198 949 tur,
213 880 246 939 31
260 877 475 940 eradicantur
489 879 523 940 in
536 879 686 952 meridie,
701 879 790 942 idest
807 880 842 939 in
854 877 926 940 veri
981 877 1059 952 quia
1084 877 1189 938 Adam
1214 893 1348 937 manum
1386 877 1534 938 extendit
1564 877 1605 937 ad
1639 887 1771 954 pomum

134 974 271 1036 luminis
306 976 578 1050 cognitione,·et
610 976 760 1038 caritatis
793 975 923 1036 ardore.
980 972 1133 1034 vetitum.¹
1152 975 1238 1034 Cum
1256 971 1344 1034 enim
1362 974 1454 1034 tanto
1471 973 1575 1050 pretio
1599 975 1666 1037 tam
1689 990 1772 1050 par-

133 1071 220 1132 Hinc
234 1071 334 1132 etiam
349 1075 448 1133 Amos
464 1069 508 1150 (1,
522 1071 555 1150 8)
572 1073 824 1150 :cilisperdam
836 1071 927 1134 habi·
980 1085 1056 1130 vam
1095 1063 1362 1131 delectationem
1384 1069 1503 1131 redimi
1538 1071 1694 1146 oportuit,
1723 1071 1772 1132 ti-

133 1169 275 1230 taiorem
289 1165 330 1229 de
344 1170 457 1241 Azoto,
474 1171 507 1230 et
520 1171 687 1231 tenentem
704 1172 872 1246 sceptrum
886 1163 927 1230 de
981 1181 1072 1227 mere
1091 1166 1188 1228 debet
1210 1167 1349 1243 quilibet
1370 1167 1410 1228 ad
1428 1166 1681 1228 delectationem
1701 1184 1774 1230 ma-

132 1265 308 1326 Ascalone.
320 1266 490 1328 »Ascalon
511 1265 749 1342 interpretatur
762 1266 851 1342 ignis
862 1267 926 1328 ho·
982 1279 1060 1324 num
1072 1264 1268 1339 extender03
1284 1268 1319 1327 31
1328 1265 1377 1326 313
1385 1280 1500 1325 omnes
1509 1264 1709 1342 temporales
1720 1266 1775 1326 de·

129 1362 266 1428 micida.
283 1362 345 1424 Hic
360 1363 447 1439 ignis
467 1365 519 1425 est
533 1363 634 1426 ardor
653 1363 833 1440 voluptatis
848 1379 926 1424 car·
982 1361 1175 1424 tentationes
1202 1362 1338 1434 odiosae,
1372 1363 1405 1424 et
1428 1361 1668 1423 abominabiles
1697 1363 1773 1424 elii·

133 1460 233 1531 nalis,
264 1475 337 1536 qnae
364 1460 486 1522 multos
515 1461 648 1522 occidit.
691 1455 926 1522 Habitantibus
981 1458 1123 1530 ciantur,
1149 1461 1186 1519 ut
1204 1459 1251 1520 ita
1271 1459 1512 1520 convertantur
1528 1475 1622 1536 aquae
1638 1459 1672 1519 in
1689 1475 1772 1520 san-

134 1572 214 1632 3333
228 1557 264 1616 13
278 1559 392 1630 Azoto,
413 1558 493 1620 3113
519 1559 682 1620 Ascalone
707 1559 927 1620 comminatur
981 1555 1125 1630 guinem.
1140 1556 1247 1616 Piscis
1271 1571 1338 1616 non
1353 1557 1436 1617 vivit
1459 1557 1493 1616 in
1517 1556 1691 1632 sanguine,
1714 1557 1772 1618 sed

133 1654 305 1724 Dominus,
331 1653 400 1714 illis
421 1653 595 1732 siquidem,
619 1655 675 1732 qui
702 1669 833 1732 semper
851 1658 926 1717 tra·
981 1652 1016 1712 in
1037 1668 1134 1728 aqua.
1147 1653 1267 1714 ¹Piscis
1289 1655 1340 1714 est
1365 1653 1506 1729 quilibet
1526 1654 1561 1714 in
1582 1667 1669 1731 aqua
1689 1654 1774 1731 bap·-

134 1749 218 1812 bunt
241 1750 399 1826 pulvillos
421 1751 553 1826 33311,
580 1754 613 1814 31
634 1752 709 1813 ideo
724 1767 861 1813 necesse
876 1753 928 1814 est
980 1749 1071 1811 tismi
1086 1749 1233 1822 renatus,
1249 1751 1304 1826 qui
1320 1751 1465 1820 moritur¹
1475 1753 1510 1810 in
1523 1751 1699 1828 temporali
1712 1768 1774 1814 vo·-

134 1841 241 1922 nobis,
266 1848 303 1910 ut
325 1847 557 1924 confugiamus
580 1849 621 1908 ad
644 1850 783 1925 petram,
808 1849 926 1926 dequa
981 1845 1122 1923 luptste3
1157 1848 1190 1907 et
1208 1846 1283 1907 ideo
1308 1849 1538 1924 unusquisque
1559 1848 1653 1909 sitire
1677 1848 1775 1912 debet

135 1945 244 2006 iluunt
258 1944 371 2018 rivuli,
384 1944 506 2022 quibus
529 1944 723 2021 refrigerari
739 1960 925 2022 possumus.
981 1945 1025 2004 ad
1050 1947 1160 2004 Deum
1179 1944 1311 2016 sontem
1335 1947 1465 2014 etcum,
1488 1945 1528 2004 de
1553 1959 1617 2022 quc
1642 1947 1676 2004 in
1708 1945 1773 2006 line

173 2045 220 2103 De
240 2057 305 2118 qua
327 2043 432 2119 petra,
459 2043 493 2104 et
507 2042 547 2103 de
562 2043 681 2118 quibus
697 2042 817 2103 rivulis
842 2042 926 2102 snb·
980 2040 1084 2102 Joelis
1107 2040 1152 2118 (3,
1174 2040 1225 2119 18)
1243 2041 1495 2116 :adgrediatur
1513 2042 1586 2103 lons
1613 2043 1653 2104 de
1677 2043 1773 2103 domo

128 2139 244 2215 jungit
257 2141 400 2215 Moyses,
414 2137 529 2200 dicens
545 2155 551 2198 :
570 2139 632 2210 Qui
645 2139 763 2200 eduxit
780 2139 872 2200 rivos
887 2139 928 2200 de
981 2137 1124 2208 Domini,
1139 2137 1342 2214 etlirrigabit
1355 2141 1539 2199 torrentem
1557 2139 1771 2216 spinarum.»

135 2233 367 2313 petra(1)ent.,
383 2238 413 2307 8,
432 2234 496 2314 15).
513 2238 613 2300 Petra
627 2237 792 2310 Christus,
807 2237 847 2297 de
862 2251 928 2312 quo
981 2235 1124 2294 Torrens
1138 2235 1309 2310 spinarum
1324 2237 1374 2295 est
1392 2251 1486 2296 mens
1502 2236 1662 2310 lrominis3
1685 2251 1773 2313 quo-

134 2333 199 2394 133
212 2331 325 2404 rivuli,
340 2348 427 2410 aqua
443 2333 582 2404 scilicet,
609 2333 642 2394 et
656 2333 793 2408 sanguis
819 2333 929 2392 fluxe·
982 2330 1084 2404 niam,
1107 2331 1193 2391 sicut
1210 2331 1244 2390 in
1259 2332 1407 2393 torrente
1422 2347 1517 2392 novae
1533 2347 1628 2408 aquae
1643 2347 1774 2409 semper

133 2429 223 2490 runt.
249 2429 324 2490 Non
355 2430 445 2490 enim
480 2431 618 2505 sanguis
655 2427 824 2491 sufficeret
854 2429 927 2490 sine
982 2424 1175 2496 succedunt,
1201 2425 1562 2496 ei0011fl111111b1'ta111
1587 2427 1780 2488 meritolio*

134 2541 233 2603 aqua,
245 2526 298 2588 vel
314 2542 400 2603 aqua
413 2527 486 2587 sine
498 2528 672 2603 sanguine.
690 2531 784 2603 Aqua
803 2526 925 2603 abluit3
981 2521 1082 2581 minis
1098 2537 1192 2582 ncvae
1208 2522 1314 2597 spinae
1338 2537 1432 2582 novae
1448 2522 1635 2598 pungiturae
1652 2539 1772 2584 succe-

134 2623 386 2700 sanguis‘tingit.
396 2625 627 2699 Necesseergo
638 2624 785 2696 initiam
794 2639 925 2700 aquam,
983 2619 1064 2680 duni
1085 2618 1148 2679 sibi
1172 2619 1327 2680 invicem.
1349 2621 1444 2679 Hunc
1468 2621 1660 2692 torrentem,
1687 2621 1774 2682 idest

133 2735 233 2798 quam
246 2721 475 2796 sanguinema
491 2721 622 2782 Christo
646 2723 740 2797 petra
760 2721 928 2791 11333331
983 2718 1125 2777 mentem
1147 2715 1291 2776 hominis
1317 2715 1515 2792 quandoque
1548 2717 1660 2779 redcit
1687 2720 1775 2779 Deus

135 2833 362 2894 quoscumque
381 2831 467 2894 aqua
496 2815 652 2894 baptismi
672 2833 691 2878 a
716 2821 927 2893 peccatorum
983 2812 1112 2874 deliciis
1137 2814 1218 2884 suia,
1236 2813 1269 2874 et
1290 2813 1409 2889 irrigat
1429 2830 1506 2876 rore
1526 2815 1665 2876 melesii.
1690 2817 1776 2876 Hinc

133 2911 287 2975 sordibus
307 2913 468 2986 ablueret,
495 2915 549 2975 vel
576 2915 725 2989 sanguis,
748 2915 835 2975 idest
851 2915 929 2975 imi·
982 2909 1081 2969 etiam
1108 2909 1250 2971 babetur
1274 2909 1498 2971 Ecclesiastici
1517 2909 1587 2988 (24,
1612 2910 1689 2989 36):
1713 2912 1776 2983 Qui

133 3011 217 3073 tatio
244 3009 777 3087 [133313133333331331311333331,
804 3012 839 3076 et
858 3011 929 3073 lor-
982 3005 1181 3082 multiplicat
1204 3007 1238 3066 in
1261 3008 1411 3082 tempore
1430 3009 1559 3074 messis,
1582 3008 1775 3085 33331133-

134 3109 252 3168 marct.
272 3107 335 3169 Hic
349 3109 400 3168 est
418 3108 554 3184 sanguis
566 3107 805 3184 redemptionis
831 3129 838 3168 :
869 3111 927 3170 Hae
982 3102 1089 3163 danis.
1103 3101 1260 3164 Jordanls
1275 3103 1457 3164 exduobus
1479 3103 1592 3166 fluviis
1606 3101 1652 3182 (4)
1675 3105 1776 3164 inun-

134 3205 213 3266 sunt
224 3219 320 3281 aquae
344 3204 536 3276 ablutionis
560 3204 602 3265 ad
627 3220 709 3281 quas
722 3205 793 3266 sitit
807 3204 925 3266 tidelis.
983 3200 1049 3273 dat,
1065 3203 1099 3262 et
1110 3216 1214 3276 aquas
1229 3199 1438 3276 multiplicat,
1455 3202 1586 3277 quando
1601 3202 1661 3262 alii
1681 3202 1777 3263 fluvii

134 3303 195 3360 Hae
209 3315 276 3362 non
290 3302 368 3363 sunt
389 3315 484 3377 aquae
508 3302 738 3374 Samaritanae,
764 3302 850 3364 idest
865 3319 926 3378 pe·
982 3297 1149 3358 deliciunt
1165 3297 1220 3358 Sic
1234 3298 1299 3359 erit
1313 3298 1349 3358 in
1362 3301 1489 3360 aeterna
1508 3298 1678 3360 felicitate.
1696 3301 1774 3361 Ma-

134 3397 929 3475 3331333333331331331331333313313131-
982 3395 1091 3456 lorum
1130 3395 1218 3456 enim
1246 3394 1466 3458 delectatione
1495 3397 1560 3460 cito
1589 3397 1774 3471 deliciante,

135 3493 930 3571 quitatis:cQuibiberitexhacaqua,sitietite-
983 3492 1068 3553 stola
1112 3507 1214 3568 super
1251 3492 1369 3553 stolam
1418 3493 1692 3569 multiplicabitur
1740 3496 1775 3555 in

134 3603 232 3650 rum:
250 3590 313 3650 Sed
329 3591 386 3667 qui
397 3589 520 3652 biberit
534 3607 577 3652 en
593 3607 692 3668 aqua,
710 3607 808 3668 quam
831 3591 926 3664 dabo,
982 3588 1105 3650 Beatis.

135 3701 202 3748 non
217 3687 354 3749 sitietin
368 3688 529 3748 aeternum
541 3686 651 3766 (toan.
667 3693 698 3754 4,
716 3687 781 3768 13).
798 3691 868 3750 Nec
878 3692 931 3751 est
1022 3687 1111 3746 Bene
1124 3701 1203 3761 ergo
1219 3685 1350 3748 dicebat
1363 3686 1705 3754 Psalmistazouando
1718 3704 1777 3750 oe·

135 3782 353 3856 contrarium,
379 3782 464 3860 quod
488 3783 569 3844 alibi
592 3783 738 3846 dicitur:
755 3785 812 3861 qui
828 3785 930 3848 31331
982 3785 1090 3854 niem,
1117 3781 1151 3841 et
1170 3785 1342 3856 apparebo
1361 3783 1443 3843 ante
1456 3785 1582 3856 faciem
1594 3787 1680 3844 Dei?
1704 3787 1778 3844 lda-

135 3895 199 3950 me,
226 3879 336 3941 adhuc
367 3881 517 3943 esurient
542 3880 658 3960 (11331,
691 3884 746 3954 21,
776 3881 842 3960 29).
866 3884 928 3954 Qui
983 3892 1085 3951 gnum
1111 3877 1274 3954 siquidem
1299 3879 1351 3940 est
1364 3893 1536 3954 apparere,
1554 3882 1586 3940 et
1599 3879 1783 3956 splendere·

134 3976 257 4038 iterum
280 3975 376 4048 bibit,
399 3977 587 4039 satietatem
610 3979 849 4054 interrumpit:
866 3979 929 4050 Qui
984 3975 1018 4034 in
1031 3976 1212 4049 conspectu
1224 3975 1307 4035 tanti
1323 3975 1422 4049 Solis,
1439 3974 1479 4035 ad
1496 3979 1591 4052 cujus
1606 3979 1775 4053 aspectum

133 4087 215 4134 vero
251 4073 361 4134 adbuc
395 4073 484 4148 sitit,
521 4075 805 4137 continuationem
839 4077 929 4136 reiec
983 4070 1215 4132 obscurabitur
1236 4071 1297 4143 sol,
1323 4074 1356 4132 et
1370 4071 1476 4132 stellae
1489 4073 1610 4134 cadent
1623 4072 1663 4134 de
1679 4075 1773 4146 coelo,

135 4169 557 4248 tionisappetit.Quiergo
577 4173 758 4234 carnaliter
776 4172 930 4244 3111133-
983 4169 1016 4230 et
1042 4167 1121 4228 luna
1148 4183 1214 4228 non
1241 4167 1332 4228 dabit.
1360 4168 1570 4244 splendorem
1594 4169 1641 4247 (5)
1678 4187 1775 4232 suum

134 4265 284 4328 tieiatsm
305 4268 527 4345 interrumpit,
562 4273 594 4331 31
623 4270 672 4330 313
695 4271 819 4330 iterum
846 4270 926 4332 sitit.
983 4262 1128 4342 (Matri,
1164 4263 1292 4342 2129)·
1317 4266 1475 4339 Magnum
1502 4269 1777 4344 6811113031)ρᾶ-

134 4362 198 4432 Qui
209 4377 289 4422 vero
304 4361 524 4438 spiritualiter
538 4366 656 4439 esurit,
671 4365 780 4427 adbuc
798 4367 928 4428 esurire
982 4376 1059 4422 rere
1072 4361 1108 4421 iu
1121 4363 1300 4438 conspectu
1323 4362 1408 4424 tanti
1427 4361 1629 4438 splendente,
1652 4371 1686 4425 et
1709 4380 1775 4424 non

135 4456 281 4528 dicitur,¹
301 4460 457 4533 quoniam
496 4463 779 4525 continuationem
820 4463 929 4525 reiec-
983 4458 1166 4529 obscurari,
1181 4461 1277 4536 cujus
1290 4460 1552 4535 comparatione,
1568 4462 1601 4520 et
1621 4465 1777 4536 respectu
1848 4484 1857 4493 ·

134 4551 237 4614 tionis
250 4554 385 4615 aeternae
399 4555 543 4631 appetit3
556 4558 694 4620 atillam
710 4575 842 4637 semper
861 4561 927 4621 ba·
982 4556 1044 4630 sol,
1060 4556 1182 4617 etluna
1197 4556 1353 4618 dicuntur
1365 4556 1548 4618 obscurari.
1572 4558 1659 4618 Hinc
1674 4558 1773 4618 etiarn

133 4647 236 4722 babit,
260 4649 317 4726 qui
337 4650 398 4712 has
429 4666 532 4727 aquas
557 4654 639 4714 31111.
661 4659 763 4731 Aquae
791 4657 928 4734 AEgypti
982 4653 1018 4712 in
1030 4652 1230 4730 Apocalypsi
1253 4651 1316 4730 (21,
1341 4651 1393 4732 18)
1408 4673 1416 4712 ι
1434 4654 1558 4714 Civitas
1580 4654 1774 4716 eritaurum

134 4747 813 4827 commutataesuntinsanguinemnquae
829 4755 929 4830 AEgy·
982 4748 1141 4810 mundum
1163 4749 1273 4810 simile
1299 4749 1386 4812 vitro
1412 4749 1547 4810 mundo.
1577 4750 1703 4812 Civitas
1723 4754 1775 4815 cst

135 4843 183 4920 pti
196 4845 272 4906 sunt
282 4843 522 4906 delectationes
535 4845 634 4922 bajus
650 4847 774 4915 mundi,
791 4863 864 4923 quae
885 4849 927 4910 31
983 4846 1106 4916 anima,
1129 4861 1203 4924 quae
1225 4847 1262 4907 ut
1282 4846 1440 4906 mundum
1456 4861 1587 4918 aurum,
1601 4849 1637 4938 et
1651 4849 1774 4911 vitrum

134 4939 355 5002 elevationem
377 4943 503 5019 virgae,
534 4942 621 5004 idest
658 4943 790 5018 crucis,
820 4946 854 5007 et
885 4945 927 5005 ad
982 4942 1131 5018 fulgent
1156 4943 1298 5014 vitrum,
1318 4943 1450 5020 quaudo
1477 4945 1597 5022 recipit
1618 4945 1775 5022 splendo-

133 5037 363 5100 extensionem
389 5055 507 5101 manus
535 5042 660 5111 Aaron,
685 5040 928 5104 ’1133111131311
983 5057 1052 5102 rem
1076 5039 1170 5113 solis,
1195 5040 1257 5100 etsi
1282 5040 1494 5116 splendorem
1509 5043 1649 5112 1331313,
1666 5059 1775 5120 quan-

134 5132 171 5193 in
199 5149 309 5206 cruce,
336 5136 433 5198 uobis
466 5139 708 5202 convertuntur
732 5139 767 5200 in
797 5139 927 5200 amari·
981 5140 1052 5200 tum
1071 5137 1132 5210 sol,
1155 5153 1222 5198 non
1244 5136 1368 5199 babeat
1394 5159 1402 5197 ε
1428 5141 1539 5200 tamen
1563 5141 1774 5218 splendorem

134 5229 294 5291 tudinem.
323 5235 389 5294 Per
420 5233 640 5296 elevationem
668 5235 783 5310 virga,
807 5237 841 5298 et
867 5251 929 5297 en·
982 5251 1077 5297 suum
1092 5235 1174 5296 solis
1193 5235 1361 5312 splendori
1384 5235 1579 5311 conformat,
1595 5241 1629 5300 et
1642 5241 1772 5302 radium

133 5327 318 5411 tensionem
334 5344 452 5390 manus
468 5330 679 5405 significatur
691 5331 842 5395 Christus
863 5331 928 5395 ele-
981 5332 1111 5394 emittit.
1143 5332 1198 5394 Sic
1224 5333 1257 5393 in
1287 5333 1411 5394 aeterna
1440 5332 1599 5397 felicitate
1637 5337 1772 5401 claritas

130 5423 248 5496 vatus,
294 5426 345 5513 ⁰1,
367 5441 486 5498 manus
522 5427 704 5489 extendeus
742 5429 779 5490 in
816 5445 925 5492 cruce.
982 5430 1101 5491 animas
1116 5429 1230 5490 divino
1243 5429 1411 5506 splendori
1427 5430 1698 5500 conformabitur.

172 5552 214 5634 (l)
228 5555 277 5636 ‚En
291 5553 402 5637 duobus
414 5555 519 5625 inviis,
541 5558 649 5617 scillcet
672 5573 707 5616 en
730 5561 791 5628 tor,
807 5527 925 5632 311133,
982 5561 1009 5618 S.
1021 5561 1219 5633 Hieronymus,
1231 5559 1279 5618 lib.
1293 5561 1334 5620 111
1347 5562 1497 5632 damnant
1514 5563 1543 5622 in
1556 5563 1668 5635 1131111,
1683 5581 1708 5623 3.
1727 5567 1770 5630 111.

135 5635 185 5694 qur
212 5625 297 5684 33331
323 5626 402 5683 muti
430 5625 562 5686 iordanis
592 5643 697 5687 nomen
717 5629 860 5704 eliciunt,
888 5633 927 5691 eit
1017 5631 1058 5707 11)
1074 5632 1300 5710 11313.;131333.

282 5771 396 5820 rnrsot.
414 5774 486 5822 vous
502 5762 548 5820 vl.
1564 5767 1599 5826 aa
