4158 6380
121 335 161 392 ιι
686 333 1008 394 Paonaoounua.
1030 361 1071 380 -
1092 335 1199 396 vira.
1718 324 1769 399 ιι·

158 492 207 551 De
228 486 292 550 hoc
315 487 420 550 naar
434 487 567 575 quidam
583 490 651 552 Deo
669 488 818 563 devotus,
835 491 913 554 ante
967 491 1208 554 commendans
1230 493 1428 570 apostolica
1447 495 1653 572 paupertatis
1678 497 1762 559 ami·

119 585 372 648 conversionem
389 600 494 658 suam,
511 585 675 648 visionem
688 586 913 650 videratrela·
967 605 1038 661 cus,
1061 589 1225 651 indicibili
1248 607 1326 653 mox
1347 591 1501 669 pertinens
1530 591 1658 655 laetitia.
1688 595 1760 656 Hoc

119 682 211 744 tione
226 683 436 758 condignam.
464 685 660 769 Innumeros
673 684 829 747 cernebat
850 685 913 747 ho·
965 688 1027 756 est,
1042 686 1159 764 inquit,
1169 685 1254 764 quod
1268 689 1381 765 cupio;
1399 689 1471 762 boc,
1485 689 1570 767 quod
1581 689 1658 752 totis
1672 705 1761 768 prae-

117 780 226 840 mines
252 779 400 842 caecitate
425 795 611 857 percussos,
637 779 723 842 facie
744 782 912 843 incoelum
966 783 1089 844 cordiis
1112 784 1322 860 concupisco.
1340 786 1445 848 Solvit
1466 788 1604 863 proinde
1627 790 1759 850 calcea·

117 877 256 949 directa,
271 878 304 939 et
315 877 454 954 genibus
469 877 578 950 flexis,
602 878 636 940 in
649 878 748 955 bujns
759 879 910 940 ¹ecclesia
966 880 1075 942 menta
1091 880 1131 940 de
1144 879 1293 957 pedibus,
1305 881 1442 958 deponit
1457 881 1621 956 baculum,
1644 899 1757 962 peram

117 975 208 1036 stare
224 974 366 1037 circuitu
383 991 390 1035 :
407 975 463 1050 qui
478 990 603 1046 omnes,
616 977 781 1052 protensis
796 977 909 1037 mani·-
965 977 1084 1054 rejicit,
1102 978 1135 1038 et
1147 978 1321 1054 pecuniam
1336 981 1523 1052 execratur,
1537 997 1668 1058 unaque
1682 999 1759 1044 con·

117 1071 179 1132 bus
194 1071 230 1132 in
246 1070 360 1142 altum,
387 1070 648 1148 lacrymabiliter
662 1072 852 1135 clamabant
868 1072 910 1134 ad
964 1074 1074 1135 tentus
1094 1074 1255 1148 tunicula,
1281 1077 1405 1154 rejecta
1422 1078 1578 1153 corrigia,
1597 1093 1657 1154 pro
1679 1079 1756 1141 cin·

114 1168 232 1239 Deum,
246 1166 511 1228 misericordiam
523 1167 771 1244 postulanteset
785 1167 908 1228 lumen.
963 1171 1041 1246 gano
1060 1171 1172 1236 sunem
1193 1173 1304 1241 sumit,
1341 1187 1471 1234 omnem
1499 1171 1757 1238 sollicitudinem

113 1265 155 1324 nt
170 1264 378 1339 eeceingens
390 1263 430 1326 de
441 1264 525 1326 coelo
539 1265 698 1341 splendor
711 1265 857 1337 advenit,
873 1281 909 1326 se
964 1268 1073 1330 cordis
1088 1284 1270 1346 apponens,
1286 1270 1430 1346 qualiter
1452 1271 1566 1333 audita
1592 1272 1753 1348 persnas,

113 1375 175 1436 per
187 1375 303 1422 omnes
316 1360 515 1432 diffundens,
533 1362 590 1438 qni
604 1362 715 1424 lumen
730 1361 910 1440 unicuique
964 1366 996 1427 et
1010 1366 1209 1442 apostoliea
1229 1367 1438 1430 rectitudinis
1458 1369 1593 1444 Regulae
1613 1383 1672 1446 par
1684 1385 1757 1432 om-

113 1455 242 1529 tribuit,
271 1457 304 1518 et
325 1457 464 1520 salutem
484 1459 708 1520 desideratam
731 1459 906 1521 concessit.
963 1463 1019 1523 nia
1034 1479 1071 1524 se
1087 1464 1226 1541 coaptet.
1247 1465 1352 1542 Goeplt
1365 1480 1409 1526 ex
1428 1466 1491 1527 boc
1506 1467 1559 1528 vir
1571 1469 1630 1529 Det
1643 1467 1757 1529 divino

112 1552 175 1614 Hic
195 1554 249 1618 est
271 1554 376 1626 locus,
400 1554 436 1616 in
461 1571 527 1632 quo
560 1555 714 1618 Fratrum
742 1557 912 1617 Minornm
962 1560 1122 1622 instinctu
1160 1563 1363 1638 evangelicae
1398 1563 1611 1640 perfectionis
1646 1579 1754 1625 eemu-

112 1650 199 1712 Ordo
215 1665 235 1712 a
253 1652 286 1712 S·
302 1651 482 1714 Francisoo
504 1667 564 1729 per
588 1652 710 1714 divinae
725 1653 907 1715 revelatio·
963 1656 1048 1720 lator
1067 1659 1223 1733 existere,
1247 1661 1280 1722 et
1301 1660 1341 1721 ad
1366 1660 1595 1736 poenitentiam
1614 1664 1755 1724 caeteros

110 1746 164 1808 nis
174 1746 372 1810 instinctum
387 1749 562 1812 inchoatus
578 1751 639 1811 est.
662 1749 790 1812 Divinae
812 1765 909 1811 nam·
962 1754 1115 1816 invitare.
1140 1756 1241 1818 Erant
1264 1759 1374 1819 autem
1398 1757 1504 1833 ipsius
1529 1759 1660 1836 eloquia
1687 1775 1753 1820 non

112 1859 175 1920 que
190 1845 411 1920 providentie
436 1849 530 1918 nutu,
552 1861 618 1923 qua
644 1847 767 1908 Christi
789 1863 907 1908 seruus
961 1852 1087 1924 inania,
1102 1853 1156 1916 rel
1171 1853 1241 1914 risu
1254 1853 1365 1929 digna,
1387 1853 1446 1914 sed
1465 1855 1588 1917 virtute
1611 1853 1753 1932 Spiritus

111 1941 320 2017 dirigebatur
332 1942 366 2003 in
377 1943 615 2016 omnibus‚tres
629 1943 819 2005 materiales
833 1959 908 2006 ere-
963 1949 1075 2012 Sanoti
1096 1949 1205 2026 plena,
1221 1951 1385 2012 medullas
1400 1952 1509 2013 cordis
1532 1954 1753 2029 penetrantia,

110 2039 161 2100 xit
174 2039 346 2112 ecclesias,
362 2043 550 2118 autequam,
567 2041 715 2103 ordinem
730 2041 904 2114 inchoans,
961 2048 998 2109 ut
1011 2047 1046 2107 in
1058 2047 1284 2109 vehementem
1306 2047 1473 2125 stuporem
1486 2050 1659 2112 audientes
1673 2067 1752 2112 con·

110 2137 329 2213 Evangelium
353 2138 561 2214 praedicaret,
594 2141 722 2200 utnon
755 2139 906 2200 scluma
960 2145 1137 2207 renerent.
1166 2148 1202 2206 In
1227 2145 1316 2206 omni
1340 2147 1577 2222 predicatione
1598 2163 1660 2208 sua
1689 2163 1753 2225 pa-

109 2233 325 2296 sensibilibus
349 2235 390 2295 ad
410 2235 647 2310 intelligibilia,
676 2252 696 2298 a
721 2235 906 2302 minoribus
961 2255 1031 2302 cem
1045 2242 1257 2314 annuntians,
1270 2242 1420 2314 dicendo,
1437 2247 1605 2305 Dominus
1619 2247 1752 2308 deivo-

109 2331 150 2392 ad
177 2335 319 2410 majora,
335 2331 487 2394 ordinato
507 2348 686 2408 progressu
709 2333 908 2395 conscende-¹
961 2342 1011 2400 ote
1030 2353 1163 2414 parcan
1186 2339 1344 2416 populum
1366 2340 1401 2400 in
1425 2341 1563 2402 exordio
1589 2343 1752 2402 sermonis

57 2461 64 2469 -
110 2429 176 2501 ret;
190 2444 310 2490 verum
333 2429 434 2491 etiem
447 2430 492 2500 ut,
508 2429 585 2506 quid
600 2431 688 2492 esset
707 2430 855 2492 facturus
870 2431 906 2490 in
960 2435 1136 2497 salutabat.
1153 2438 1246 2497 Hanc
1268 2437 1388 2513 quippe
1412 2437 1657 2510 salutationem,
1681 2442 1751 2500 Do-

109 2528 292 2600 posterum,
320 2525 472 2587 sensibili
494 2525 576 2587 ioris
603 2541 704 2603 opere
729 2527 907 2604 mysteria·
959 2533 1049 2594 mino
1064 2533 1232 2594 revelante
1247 2533 1419 2606 didicerat,
1434 2533 1597 2611 sicutipse
1611 2537 1754 2612 postmo-

109 2622 186 2684 liter
200 2623 432 2699 praesignaret.
448 2621 533 2684 Nam
545 2622 652 2685 instar
664 2626 828 2700 reparatae
842 2625 905 2685 tri-
959 2629 1036 2690 dum
1056 2629 1241 2692 testabatur
1250 2629 1309 2710 (2).
1338 2631 1431 2692 Unde
1457 2631 1580 2693 iactum
1606 2635 1676 2704 est,
1715 2635 1752 2696 ut

108 2719 204 2796 plicis
219 2719 368 2792 sehsten,
382 2719 489 2796 ipsius
505 2720 611 2782 sancti
622 2721 687 2782 viri
702 2720 833 2793 ducatu,
850 2736 905 2782 se-
954 2729 1051 2804 juxta
1066 2743 1251 2788 sermonem
1267 2727 1512 2805 Propheticum,
1533 2729 1651 2806 etipse
1667 2733 1752 2792 Pro-

110 2817 255 2879 cundum
270 2817 380 2879 datam
400 2816 442 2878 ab
457 2831 496 2878 eo
519 2815 671 2890 sormam,
697 2818 847 2894 regulam
871 2819 904 2880 et
958 2824 1131 2900 puetarum
1167 2825 1285 2901 spiritu
1314 2825 1444 2886 afflatus
1461 2824 1508 2904 (3)
1538 2828 1752 2890 annuntiaret

109 2913 306 2986 doctrinam,
329 2913 452 2976 Christi
479 2913 676 2976 triformiter
709 2914 901 2977 mactanda
956 2935 1083 2997 pacem,
1101 2921 1298 2997 praedicaret
1312 2921 1465 2992 salutem,
1486 2937 1525 2984 ac
1546 2923 1749 2990 salutaribus

109 3014 179 3075 erat
193 3011 353 3084 ecelesia,
364 3011 518 3089 trinaque
527 3011 772 3088 triumphatura
782 3013 902 3074 militia
956 3018 1090 3080 monitis
1102 3017 1282 3080 loedemret
1296 3018 1457 3095 plurimos
1473 3035 1562 3080 verae
1584 3021 1670 3096 pact,
1689 3019 1745 3097 qul

109 3109 355 3182 salvandorum,
369 3107 457 3172 sicut
478 3109 511 3172 et
536 3123 625 3171 nuno
645 3109 801 3172 cerninus
827 3125 902 3173 esse
956 3115 1126 3177 discordes
1146 3131 1167 3176 a
1187 3115 1319 3177 Christo
1341 3116 1434 3192 prius
1454 3115 1635 3178 extiterant
1654 3132 1748 3178 asa·

109 3206 318 3284 completum.
956 3212 1024 3275 lute
1037 3212 1221 3290 longinqui.

994 3311 1223 3372 innotescente
1243 3310 1355 3387 itaque
1370 3309 1457 3386 apud
1477 3311 1598 3373 multos
1610 3311 1675 3374 viri
1686 3313 1748 3375 Dei

394 3449 532 3513 CAPUT
552 3449 598 3512 m
954 3407 1193 3471 tamdcctrinae
1208 3406 1742 3485 simplieisveritate,quamritae,

601 3493 609 3509 '
956 3505 1125 3582 coeperunt
1140 3504 1749 3584 ipsiusexemploviriqnidamadpoe-

109 3629 155 3686 De
168 3627 387 3688 institutione
396 3629 592 3704 Religionis,
609 3627 643 3689 at
656 3626 901 3702 approbatione
955 3603 1128 3712 nitentia&
1142 3601 1295 3712 animari,
1313 3603 1346 3663 θῑ
1357 3602 1626 3714 θὶᾁθῑῃιῖθῦθῗῑῧ
1640 3605 1750 3713 ΟΜῘῙ·

433 3726 581 3800 Reouloe·
955 3699 1027 3772 bus,
1052 3699 1167 3782 babitu
1190 3701 1324 3776 vitaque
1339 3703 1667 3776 conpung1.Quorum
1682 3715 1751 3777 pri·

956 3812 1028 3857 mus
1053 3797 1127 3857 erat
1151 3795 1205 3857 vir
1228 3794 1431 3856 venerabilis
1465 3795 1666 3867 bernardus,
1691 3797 1748 3874 qui

146 3894 181 3954 ln
209 3891 354 3955 ecclesia
386 3892 490 3969 igitur
516 3889 665 3966 Virginis
695 3889 813 3952 Matris
841 3889 901 3950 Dei
955 3892 1139 3955 vocationis
1163 3891 1284 3952 divinae
1307 3892 1473 3969 particeps
1495 3891 1612 3965 iactus,
1638 3895 1748 3956 Patris

109 4005 234 4052 moram
272 3990 416 4054 iaciente
448 4005 545 4050 servo
573 3988 679 4066 ipsius
709 3987 898 4058 manauco,
954 3990 1043 4051 beati
1055 3989 1294 4066 primogenitus
1306 4004 1379 4050 esse
1388 3990 1650 4066 promeruit,tam
1661 3991 1749 4068 prio·

109 4088 141 4150 et
161 4088 250 4165 apud
277 4103 362 4161 eam,
386 4103 459 4165 quae
488 4085 639 4163 concepit
656 4083 800 4147 Verbum
824 4084 900 4162 ple·-
954 4089 1054 4150 ritate
1079 4086 1249 4164 temporis,
1264 4102 1363 4163 quam
1385 4086 1561 4164 privilegio
1585 4089 1748 4150 sanctita·

110 4199 185 4246 num
203 4186 323 4263 gratiae
347 4185 380 4248 et
402 4184 553 4247 veritatis
575 4181 635 4263 (1),
656 4181 824 4245 continuis
846 4181 901 4242 in·
954 4183 1009 4245 tis.
1026 4184 1088 4245 Hic
1098 4183 1187 4244 enim
1200 4183 1291 4244 servi
1305 4183 1364 4244 Dei
1375 4183 1551 4246 sanctitate
1568 4187 1748 4262 comperta,

109 4281 243 4346 sistente
265 4281 452 4359 gemitibus,
470 4282 506 4344 ut
525 4281 598 4342 deri
618 4279 815 4356 dignaretur
835 4278 900 4340 ad·
954 4280 1060 4358 ipsius
1076 4277 1227 4357 exemplo
1242 4279 1422 4356 disponens
1436 4279 1581 4355 perlecta
1596 4283 1749 4345 contem-

108 4382 221 4442 rocata
238 4380 354 4458 ipsius,
373 4379 502 4441 meritis
526 4378 644 4440 Matris
661 4375 900 4438 misericordiae
955 4393 1035 4439 nere
1050 4376 1219 4448 mundum,
1235 4373 1277 4438 ab
1288 4375 1415 4448 eodem,
1430 4377 1575 4454 qualiter
1595 4377 1627 4439 id
1644 4379 1750 4456 perli-

110 4479 258 4555 concepit
285 4493 324 4540 ae
352 4477 481 4554 peperit
505 4476 658 4553 spiritum
690 4473 900 4550 Evangelicae
954 4477 1016 4546 ret,
1040 4473 1217 4536 consilium
1238 4474 1424 4550 requisivit.
1445 4475 1516 4546 Quo
1539 4475 1666 4548 audito,
1687 4475 1748 4537 Del

109 4575 268 4636 veritatis.
293 4577 376 4636 Dum
405 4575 494 4636 enim
520 4573 573 4635 die
595 4572 736 4649 quodam
764 4571 900 4634 missam
954 4572 1098 4634 famulus
1114 4585 1173 4647 pro
1195 4570 1312 4648 primae
1337 4570 1440 4648 prolis
1456 4573 1617 4648 conceptu
1635 4571 1748 4634 Sancti

111 4669 149 4732 de
176 4671 341 4750 apostolis
372 4672 509 4733 devotus
542 4669 689 4742 audiret,
719 4668 900 4746 perlectum
956 4667 1746 4746 Spiritusconsolationerepletus:Abeoinquit

110 4769 159 4828 est
178 4768 388 4846 evangelium
406 4767 501 4840 illud,
520 4767 555 4828 in
576 4782 640 4844 quo
660 4766 811 4827 Christus
826 4764 900 4825 dis·
955 4767 1077 4828 estboc
1090 4765 1266 4828 consilium
1277 4764 1523 4841 requirendum.
1536 4765 1749 4828 Intraverunt

112 4865 228 4942 cipulis
259 4867 300 4928 ad
339 4864 587 4943 praedicandum
623 4863 792 4925 mittendis
827 4862 901 4924 ior·
956 4863 1094 4940 proinde
1104 4863 1281 4924 ecclesiam
1293 4862 1406 4923 Sancti
1416 4861 1559 4934 Nicolai,
1572 4879 1670 4925 mane
1678 4866 1750 4940 jam

112 4977 196 5023 mam
229 4963 345 5026 tribuit
370 4962 599 5038 evangelicam
622 4962 659 5022 in
683 4960 902 5034 visandans
955 4959 1750 5036 iacto;etorationepraemissa,cultorTrinitatis

112 5059 263 5122 videlicet
287 5061 487 5134 possideant
513 5074 651 5131 aarum,
685 5059 746 5120 ant
773 5073 903 5134 arpen·
955 5058 1155 5120 Franciscus
1178 5057 1230 5118 ter
1250 5055 1508 5132 Evangeliorum
1529 5057 1650 5119 librum
1669 5073 1752 5136 ape-

113 5157 194 5229 tam,
210 5173 273 5219 nec
284 5162 321 5220 in
332 5159 431 5219 zonis
439 5161 636 5231 pecaniam,
650 5169 714 5217 nec
724 5170 850 5231 peram
864 5159 902 5216 tn
956 5157 1034 5227 ruit,
1045 5155 1134 5216 trino
1145 5170 1165 5216 a
1176 5157 1243 5216 Deo
1254 5169 1437 5230 exposcens
1449 5155 1639 5217 testimonio
1651 5172 1752 5218 sanc-

112 5257 178 5326 oia,
192 5259 351 5318 necdnas
375 5255 510 5316 tunicas
523 5255 680 5322 audeam,
695 5258 903 5316 necennen-
956 5256 1026 5315 tum
1056 5251 1220 5314 Bernardi
1252 5253 1457 5329 propositum
1486 5253 1688 5316 confirmari.
1713 5257 1752 5316 ln

112 5353 228 5414 metata
241 5352 410 5426 deserant,
426 5366 536 5426 neque
554 5355 694 5428 otrpana
713 5349 834 5430 (Matt,
850 5346 899 5428 x).
956 5351 1063 5428 prima
1079 5349 1157 5411 libri
1172 5349 1345 5426 apertione
1359 5349 1442 5411 illud
1457 5351 1604 5413 occurrit
1620 5373 1628 5412 ι
1647 5355 1684 5414 Si
1698 5355 1751 5412 vis

113 5448 203 5522 Quod
217 5449 356 5511 audiens
377 5463 417 5510 ac
440 5448 648 5525 intelligens,
669 5463 709 5510 ac
732 5447 901 5510 memoriae
952 5447 1131 5522 perfectas
1146 5461 1231 5520 esse,
1250 5449 1753 5522 emensasqueemensasque

146 5577 185 5648 (l)
203 5579 296 5648 108ss·‚
309 5595 327 5638 1·
994 5577 1035 5652 (3)
1055 5579 1125 5649 lsa,
1141 5592 1188 5634 ιιι.

148 5651 189 5724 (2)
210 5651 281 5710 Vide
294 5652 323 5709 in
336 5653 410 5708 Test.
