4152 6388
336 285 394 344 231

338 443 459 506 fratres
480 460 584 517 meos,
601 443 791 506 sacerdotes
811 445 868 523 qul
889 445 1017 508 suntet
1036 445 1133 508 erunt

340 543 373 602 et
388 558 460 602 esse
475 542 611 618 cupiunt
626 543 800 613 altissimi,
817 543 903 620 quod
921 543 1133 620 quandocun-

339 653 402 714 que
414 639 729 700 voluerintmissam
743 640 926 712 celebrare,
941 641 1016 716 puri
1032 642 1065 701 at
1077 656 1134 717 pn-

337 751 375 797 re
394 736 520 797 iaciant
541 752 615 796 oum
638 739 828 798 reverentia
853 751 972 798 verum
998 737 1132 798 sacrifl-

252 897 257 908 ,
337 833 424 892 cium
438 833 641 894 sanctissimi
656 835 805 909 corporis
829 836 863 896 et
877 835 1050 910 sanguinis
1061 837 1132 895 Do-

339 930 421 990 mini
439 932 545 991 nostri
556 933 636 992 Jesu
656 931 790 999 Christi,
814 933 928 993 sancta
948 932 1132 994 intentione

337 1027 370 1087 et
384 1028 518 1099 munda,
545 1043 610 1088 non
636 1043 695 1103 pro
714 1028 783 1088 ulla
804 1031 938 1090 terrena
961 1043 1009 1100 re,
1026 1043 1132 1105 neque

336 1125 456 1186 timore
480 1126 534 1184 nel
561 1141 674 1186 amore
701 1125 843 1202 alicujus
863 1125 1019 1198 hominia,
1037 1125 1131 1203 quasi

336 1222 506 1300 placentes
536 1221 737 1283 hominibus.
769 1222 832 1285 sed
869 1224 977 1284 omnis
1007 1223 1131 1284 volun-

338 1321 403 1391 tas,
428 1320 586 1396 quantum
613 1322 749 1396 adjuvat
775 1321 883 1396 gratia
912 1321 1132 1397 Omnipoten-

337 1416 391 1488 tis,
409 1417 450 1477 ad
463 1433 537 1478 eum
551 1417 725 1494 dirigatur,
742 1420 775 1479 et
788 1419 850 1480 soli
868 1419 933 1496 ipsi
950 1421 1018 1479 Deo
1036 1434 1131 1478 sum-

338 1530 392 1576 mo
420 1515 547 1576 tantum
569 1515 702 1592 placare
724 1515 932 1588 desideretis,
958 1515 1036 1592 quia
1060 1515 1132 1591 ipse

338 1613 428 1674 solus
453 1614 611 1689 operatur
632 1613 689 1685 ihi,
709 1614 796 1675 sicut
817 1613 880 1674 sibl
897 1613 1017 1690 placet.
1038 1615 1131 1685 Quo-

338 1711 427 1772 niam
440 1711 526 1772 sicut
540 1711 612 1787 ipse
624 1711 784 1792 Dominus
798 1711 892 1773 dicit:
902 1713 1085 1785 Hocfacitc
1096 1713 1132 1772 ia

336 1823 452 1869 mecm
472 1809 834 1870 commemorationem
850 1807 962 1886 (Lucae
972 1807 1129 1886 raude),

337 1906 366 1966 si
377 1905 452 1983 quis
463 1904 562 1966 aliter
573 1904 702 1976 lecerit,
716 1909 733 1967 J
737 1904 818 1966 udas
827 1906 968 1968 traditor
976 1905 1130 1967 eflicitur.

337 2002 572 2065 Recordamini
596 2001 717 2064 iratres
738 2003 946 2075 Sacerdotes
975 2002 1132 2080 quoniam

315 2163 325 2184 κ
338 2100 499 2176 scriptum
514 2102 564 2162 est
579 2100 614 2160 in
629 2101 716 2176 Lege
731 2102 851 2178 Moysi,
864 2101 950 2179 quod
965 2101 1133 2176 transgre-

337 2198 467 2260 dientes
490 2199 526 2258 16
549 2196 788 2274 corporalibus,
811 2198 883 2259 sine
902 2199 968 2258 ulla
991 2199 1133 2258 misera-

334 2295 426 2356 tione
441 2310 501 2371 per
520 2296 717 2356 sententiam
740 2294 871 2356 Domini
889 2294 1129 2356 moriebantur.

337 2391 465 2463 Quanto
480 2394 608 2469 majora
623 2392 656 2452 et
670 2395 784 2469 pejora
806 2391 953 2453 meretur
966 2392 1035 2469 pati
1047 2407 1130 2468 sup-

336 2489 448 2566 plicia,
466 2489 522 2566 qui
538 2489 659 2550 Filium
667 2489 727 2550 Dei
737 2490 994 2560 conculcaverit,
1010 2491 1132 2551 61666-

336 2586 471 2663 guinem
483 2587 671 2648 tastamenti
683 2586 845 2662 pollutum
859 2587 1003 2658 duxerit,
1017 2587 1052 2646 ia
1066 2602 1131 2664 quo

336 2684 562 2746 sanctificatus
578 2685 647 2747 esti
668 2686 701 2747 et
720 2685 852 2762 spiritui
873 2686 994 2748 Sancto
1014 2687 1133 2747 contu-

337 2781 471 2843 meliam
493 2781 630 2844 teceritt
644 2783 789 2858 Despicit
804 2783 893 2843 enim
908 2783 1007 2844 homo
1022 2782 1132 2860 pollu-

337 2879 402 2949 tus,
419 2879 453 2938 et
465 2877 638 2939 conculcat
649 2880 779 2954 lignum
795 2878 870 2953 Dei;
885 2879 1054 2954 quoniam,
1078 2879 1129 2939 si-

333 2974 390 3037 cut
404 2975 485 3037 dicit
506 2975 694 3052 Apostolus,
716 2991 782 3036 non
809 2976 997 3054 diiudicans
1014 2977 1047 3037 et
1061 2975 1132 3037 dis-

333 3087 475 3134 cernens
491 3073 641 3136 sanctum
664 3089 783 3150 panem
806 3073 972 3136 Christum
992 3072 1033 3135 ab
1053 3073 1129 3134 aliis

335 3169 490 3243 cibariis,
514 3170 567 3233 vel
596 3171 752 3248 operibus
787 3170 944 3247 indignis,
972 3171 1129 3248 indignus

333 3267 524 3339 manducat,
556 3284 631 3329 cum
655 3270 814 3330 Dominus
845 3285 905 3345 per
930 3269 1128 3346 Prophetam

335 3363 446 3426 dicat:
463 3365 658 3426 Maledictus
674 3365 773 3427 homo
796 3367 851 3443 qui
875 3381 957 3444 opus
973 3367 1035 3427 Dei
1049 3367 1129 3430 facit

335 3461 1127 3543 negligentervelfraudulenter(Jer.,xuv1n,10).

334 3561 375 3622 Et
395 3561 530 3636 propter
551 3560 751 3633 sacerdotes,
774 3559 829 3637 qui
854 3561 972 3624 nolunt
1003 3576 1129 3638 ponere

334 3673 436 3734 super
458 3656 491 3717 id
521 3673 579 3718 cor
598 3657 633 3718 in
656 3659 808 3730 veritate,
845 3659 1043 3721 condemnat
1068 3675 1128 3721 nos

333 3755 448 3817 dicens
461 3759 680 3818 :Mniedtcum
689 3757 975 3819 bcicedicttonilms
989 3757 1126 3819 6661116.

332 3854 452 3916 Audite
471 3853 591 3916 tratres
618 3853 694 3914 mei.
726 3854 760 3915 Si
784 3853 882 3916 beata
908 3855 1003 3931 virgo
1021 3855 1128 3916 Maria

333 3949 518 4013 honoratur
540 3949 591 4031 (ut
605 3951 741 4028 dignum
759 3951 822 4031 est)
835 3953 913 4030 quia
928 3952 1036 4030 ipsum
1057 3967 1130 4028 por·

332 4047 417 4109 tavit
443 4047 478 4108 in
501 4048 712 4109 sanctissimo
734 4051 829 4110 utero
849 4065 927 4123 suo;
957 4048 986 4109 si
1012 4047 1128 4110 beatus

332 4147 480 4207 loannes
501 4146 651 4224 Baptista
673 4146 885 4218 contremuit,
900 4148 933 4208 et
951 4161 1017 4208 non
1030 4144 1129 4206 aude·

331 4240 390 4303 bat
414 4243 553 4316 tangere
581 4242 712 4303 Domini
745 4243 925 4316 verticem;
955 4245 984 4306 si
1011 4241 1127 4320 sepul-

334 4339 463 4410 chrum,
484 4338 520 4398 in
541 4355 605 4416 quo
632 4354 691 4414 per
712 4339 846 4416 aliquod
865 4341 993 4416 tempus
1010 4340 1126 4417 jacuit,

334 4437 383 4497 sic
398 4436 579 4497 veneratur
593 4457 600 4496 :
615 4437 773 4512 quantum
795 4437 891 4498 debet
905 4453 978 4499 esse
993 4438 1128 4498 sanctus

334 4537 367 4598 et
385 4536 509 4613 justus,
533 4535 566 4595 et
591 4533 722 4615 dignus,
749 4536 886 4611 quinon
904 4537 973 4612 jam
989 4535 1130 4596 moritu-

333 4639 419 4705 rum,
432 4632 488 4693 sed
504 4631 539 4692 in
555 4631 716 4692 aeternum
731 4633 908 4705 victurum,
923 4633 955 4694 et
967 4631 1129 4708 glorifica-

333 4732 416 4802 tum,
432 4729 467 4791 in
480 4743 578 4806 quem
589 4728 780 4791 desiderant
792 4729 909 4804 Angeli
925 4729 1126 4806 prospicere,

335 4826 521 4889 contrectat
544 4825 709 4899 manibus,
725 4826 835 4900 corde,
853 4827 886 4888 et
898 4841 956 4888 ore
970 4827 1080 4899 sumit,
1096 4827 1130 4888 et

334 4924 412 4987 aliis
427 4923 468 4984 ad
482 4923 677 4985 sumendum
690 4925 831 5002 praebetl
845 4923 963 4986 Videte
978 4923 1128 5000 dignita-

335 5024 402 5084 tem
422 5019 579 5093 vestram,
603 5019 724 5082 fratres
747 5019 947 5092 sacerdotes,
969 5021 1004 5082 et
1022 5022 1128 5083 estote

333 5115 1126 5198 6666116616166666661666611(1161111641).

336 5217 375 5278 Ε1
402 5215 489 5277 siout
513 5230 612 5292 super
627 5231 741 5277 omnes
764 5215 898 5292 propter
919 5215 982 5277 hoc
1002 5219 1128 5294 myste-

334 5313 423 5377 rium
445 5313 622 5375 honoravit
642 5329 702 5374 vos
724 5313 884 5374 Dominus
908 5315 1007 5385 Deus,
1031 5315 1078 5375 ita
1097 5315 1130 5376 et

334 5427 394 5473 vos
419 5411 554 5487 propter
578 5411 641 5472 hoc
668 5411 862 5488 mysterium
887 5410 1014 5486 diligite
1040 5426 1127 5482 eum,

334 5507 546 5576 reveremini,
563 5511 596 5570 et
611 5509 783 5570 honorate.
798 5511 918 5584 Magna
935 5509 1080 5580 miseria,
1097 5513 1129 5571 et

335 5605 524 5670 miseranda
561 5605 748 5676 infirmitas
786 5607 917 5682 quando
944 5607 1051 5683 ipsum
1081 5607 1129 5668 sic

768 287 800 346 S.
824 285 1044 348 FRANCISCI
1064 283 1291 347 asslsmils
1312 281 1542 346 OPUSCULA.

1925 283 1994 344 232

1188 443 1384 521 praesentem
1400 443 1541 514 habetis,
1565 443 1598 504 et
1608 441 1733 519 aliquid
1755 439 1847 503 aliud
1869 439 1907 502 in
1924 441 2002 503 toto

1189 541 1309 603 mundo
1337 541 1473 602 curatis.
1494 540 1596 601 Totus
1616 539 1716 604 homo
1740 541 1875 616 paueat,
1898 540 2001 599 totns

1187 639 1328 698 mundus
1355 637 1599 704 contremiscat,
1627 637 1660 697 et
1686 637 1806 698 coelum
1844 636 1998 705 exultet,

1187 735 1318 813 quando
1334 750 1434 810 super
1455 733 1563 795 altare
1584 734 1619 794 in
1633 733 1785 794 manibus
1799 734 2000 794 sacerdotis

1187 834 1237 894 est
1261 831 1411 893 Christus
1434 831 1538 892 Filius
1565 831 1622 891 Dei
1642 831 1763 891 11110
1790 829 2000 891 admiranda

1187 929 1339 990 altitudo!
1355 942 1374 988 o
1388 929 1548 1004 stupenda
1572 927 1739 1003 dignatio!
1756 943 1774 988 6
1797 926 2000 988 sublimitas

1186 1025 1333 1096 humilis,
1351 1025 1437 1102 quod
1452 1025 1612 1086 Dominus
1636 1025 1880 1097 universitatis
1900 1027 1999 1085 Deus

1186 1124 1219 1183 et
1234 1123 1293 1183 Dei
1316 1123 1420 1183 Filius
1443 1123 1491 1183 616
1509 1138 1544 1182 66
1556 1122 1720 1193 humiliat,
1743 1125 1779 1183 ut
1793 1138 1854 1199 pro
1870 1125 1999 1183 nostra

1187 1221 1294 1281 salute
1310 1219 1370 1280 sub
1386 1219 1515 1280 modica
1525 1219 1620 1296 panis
1635 1219 1778 1280 formula
1794 1236 1830 1280 se
1845 1219 1996 1280 abscon·

1187 1317 1260 1378 dail
1290 1317 1420 1389 Videte,
1454 1317 1569 1388 frates,
1609 1315 1831 1378 humilitatem
1866 1318 1934 1378 Dei
1960 1318 1996 1378 et

1187 1415 1347 1478 effumlite
1359 1429 1471 1476 coram
1492 1415 1550 1475 illo
1564 1413 1664 1475 corda
1679 1415 1801 1486 vestra,
1819 1415 1853 1475 et
1869 1415 1995 1475 humi-

1187 1512 1328 1584 liamini,
1346 1514 1382 1574 ut
1403 1513 1436 1574 et
1453 1527 1512 1572 vos
1539 1509 1733 1573 exaltemini
1757 1511 1799 1572 ah
1823 1528 1876 1573 eo.
1890 1513 1994 1572 Nihil

1187 1625 1266 1684 ergo
1286 1607 1435 1670 danobis
1450 1610 1623 1670 retineatis
1646 1608 1753 1680 vebia,
1769 1611 1805 1671 ut
1818 1607 1909 1670 totos
1927 1626 1991 1670 vos

1186 1706 1336 1782 recipiat,
1363 1705 1418 1782 qui
1440 1721 1476 1766 se
1505 1704 1598 1768 vobis
1620 1706 1756 1767 exhibet
1776 1707 1895 1768 totum
1915 1709 1990 1768 Mo·

1187 1819 1249 1865 neo
1275 1804 1437 1879 praeterea
1466 1803 1499 1864 et
1529 1803 1689 1864 exhortor
1712 1804 1746 1863 in
1768 1804 1925 1874 Domino,
1951 1807 1990 1864 nt

1187 1901 1221 1960 in
1245 1900 1328 1962 locis
1355 1901 1390 1961 in
1418 1899 1538 1977 quibus
1564 1902 1735 1962 morantur
1758 1899 1892 1973 fratrea,
1921 1918 1992 1962 una

1186 1998 1314 2060 tantum
1329 1997 1516 2060 celebretur
1539 1998 1640 2059 missa
1660 1999 1696 2058 in
1720 1997 1784 2070 die,
1799 1999 1991 2062 secundum

1187 2095 1326 2156 termam
1342 2097 1465 2157 sanctae
1481 2097 1640 2157 Romanae
1661 2095 1828 2157 Ecclesia.
1853 2097 1889 2157 Si
1903 2113 1992 2158 sero

1186 2194 1220 2253 in
1243 2193 1318 2254 loco
1344 2192 1455 2269 plures
1480 2193 1605 2254 luerint
1628 2193 1828 2264 sacerdotes,
1853 2195 1904 2255 sic
1932 2195 1988 2266 sit,

1187 2305 1247 2366 per
1270 2306 1417 2351 amorem
1440 2291 1601 2362 caritatis,
1614 2291 1700 2352 alter
1726 2291 1901 2352 contentus
1919 2307 1989 2352 au-

1186 2387 1253 2449 dita
1274 2387 1499 2450 celebratione
1517 2387 1700 2450 sacerdotis
1720 2387 1880 2462 alterius;
1904 2390 1988 2466 quia

1186 2485 1341 2547 absentes
1354 2487 1390 2546 et
1409 2487 1589 2562 praesentes
1610 2486 1729 2562 replet,
1753 2486 1810 2562 qui
1823 2502 1864 2546 eo
1887 2486 1987 2562 digni

1186 2583 1273 2654 sunt,
1299 2584 1459 2644 Dominus
1483 2585 1595 2644 noster
1614 2585 1711 2644 Jesus
1733 2582 1897 2644 Christus.
1916 2586 1983 2657 Qui

1185 2681 1263 2742 licet
1278 2681 1312 2741 in
1325 2680 1474 2758 pluribus
1490 2680 1572 2742 locis
1585 2681 1783 2757 reperiatur,
1797 2683 1911 2742 161666
1931 2682 1988 2741 in·

1185 2777 1362 2840 divisibilis
1380 2778 1502 2850 manet,
1519 2779 1552 2840 et
1570 2776 1683 2855 aliqua
1698 2777 1899 2840 detrimenta
1911 2795 1983 2842 nen

1185 2877 1286 2948 novit,
1306 2876 1365 2937 sed
1389 2891 1475 2936 unus
1498 2890 1609 2946 verus,
1624 2875 1710 2936 sicut
1725 2877 1756 2936 el
1771 2876 1884 2954 placet
1899 2891 1987 2953 ope·

1185 2976 1288 3046 ratur,
1313 2989 1388 3035 cum
1411 2972 1550 3034 Domino
1570 2975 1638 3036 Deo
1662 2974 1773 3046 Patre,
1799 2975 1833 3036 et
1853 2975 1986 3050 Spiritu

1186 3072 1306 3133 Sancto
1340 3071 1514 3133 Paracleto
1542 3071 1578 3131 in
1610 3070 1734 3132 saeoula
1762 3071 1986 3134 saeculorum.

1183 3171 1300 3232 Amen.

1245 3331 1456 3404 0666166116,
1478 3345 1541 3394 seu
1564 3334 1601 3393 in
1625 3334 1714 3394 1666
1738 3331 1922 3408 comiciam

1422 3430 1723 3543 commentarium.

1225 3561 1298 3622 Una
1327 3561 1454 3622 tantum
1476 3561 1580 3622 Missa
1609 3559 1806 3622 celebretur.
1821 3591 1864 3606 -
1885 3561 1984 3622 Hunc

1183 3657 1291 3720 locum
1308 3657 1435 3734 putarit
1451 3657 1626 3735 Philippus
1647 3658 1887 3720 Melanchthon
1905 3658 1982 3720 hae-

1183 3755 1288 3816 retico
1319 3771 1380 3816 sno
1404 3754 1549 3831 dogmati
1579 3755 1619 3815 de
1643 3755 1839 3832 abjurandis
1865 3756 1982 3816 missis

1183 3853 1322 3931 privatis
1337 3853 1476 3926 larisam
1503 3853 1644 3916 undeet
1670 3868 1729 3930 pro
1753 3852 1869 3914 eodem
1886 3853 1982 3914 illum

1183 3951 1345 4013 citavitin
1360 3949 1542 4012 execrabili
1561 3951 1619 4010 illa
1643 3953 1807 4026 Apologia
1833 3953 1982 4024 Cortice-

1182 4051 1289 4110 stonis
1300 4049 1522 4124 attaminata,
1536 4049 1598 4108 art.
1611 4049 1651 4108 de
1662 4049 1783 4108 Missa.
1796 4047 1982 4118 Quodsanc

1183 4146 1286 4207 movit
1312 4145 1400 4222 plum
1429 4161 1469 4207 ac
1492 4145 1658 4206 eruditum
1682 4144 1791 4205 virum
1814 4147 1982 4206 ioannem

1183 4243 1322 4304 Echium
1341 4241 1376 4302 in
1389 4257 1450 4304 sno
1468 4239 1672 4310 Euchiridio,
1690 4241 1727 4303 ut
1739 4243 1879 4317 negaret
1894 4242 1982 4304 hanc

1183 4340 1365 4416 Epistolam
1386 4339 1488 4400 luisse
1511 4355 1531 4400 a
1550 4339 1588 4400 D.
1605 4339 1785 4400 Francisco
1805 4339 1982 4417 conscrip-

1183 4439 1263 4499 tum.
1278 4439 1324 4498 De
1344 4451 1408 4514 quo
1426 4437 1526 4498 etiam
1552 4453 1619 4498 non
1643 4437 1764 4498 leviter
1787 4436 1983 4500 dubitarunt

1184 4535 1356 4596 illustriss.
1373 4534 1468 4597 Card.
1485 4534 1653 4605 Bellarm,
1667 4531 1725 4595 lib.
1740 4535 1785 4604 11,
1803 4537 1845 4595 dc
1858 4536 1979 4606 Missa,

1183 4648 1212 4692 c.
1225 4633 1275 4704 40,
1289 4631 1331 4693 ad
1346 4631 1465 4709 object.
1481 4632 1528 4704 la,
1545 4631 1569 4692 1.
1584 4633 1642 4702 Ill,
1659 4631 1692 4692 et
1702 4631 1778 4692 Ant.
1792 4632 1978 4704 Possevin,

1182 4731 1262 4792 tom.
1279 4731 1303 4801 l,
1324 4727 1982 4804 6111116661.6661166116161661166·

1182 4830 1294 4890 616666
1308 4829 1470 4888 Α6616166.
1491 4825 1555 4887 Sed
1575 4826 1608 4886 et
1625 4824 1753 4886 addidit
1767 4825 1901 4898 Dokius,
1918 4841 1980 4889 nec

1184 4925 1271 4986 tilios
1284 4927 1367 5001 ejus,
1382 4924 1503 4986 iratres
1518 4924 1665 4985 Minores
1685 4938 1868 4998 agnoscere
1885 4924 1981 5000 Epis-

1183 5023 1285 5084 tolam
1298 5021 1385 5084 hanc
1399 5021 1487 5084 inter
1501 5022 1622 5083 caetera
1635 5019 1802 5098 Opnscula
1818 5021 1855 5080 D.
1872 5023 1981 5082 Fran·

1184 5121 1276 5182 61661.
1289 5123 1327 5184 16
1339 5135 1405 5197 quo
1418 5133 1499 5181 sane
1512 5119 1669 5195 deceptus
1684 5120 1735 5180 est
1751 5140 1758 5178 :
1775 5117 1810 5178 in
1825 5118 1981 5180 omnibus

1184 5218 1305 5279 etenim
1321 5217 1546 5279 Monumentis
1562 5218 1594 5278 et
1611 5215 1796 5286 chronicis,
1814 5217 1883 5277 tam
1898 5217 1981 5277 anti·

1184 5316 1257 5392 quis
1284 5331 1382 5392 quam
1412 5313 1617 5388 novioribus,
1643 5311 1979 5388 Ordinisddinorum,

1184 5412 1310 5474 nullum
1339 5414 1406 5474 tam
1431 5427 1527 5472 suum
1553 5427 1627 5472 esse
1651 5409 1859 5478 observatur,
1882 5426 1980 5487 quam

1185 5510 1331 5586 Epistola
1360 5511 1449 5584 haec;
1475 5524 1537 5570 uec
1560 5508 1652 5569 illius
1678 5523 1767 5578 esse,
1799 5506 1980 5584 aliquando

1184 5609 1260 5669 ante
1275 5608 1336 5667 hos
1349 5607 1530 5668 dubitatum
1545 5607 1595 5667 est
1612 5628 1619 5664 :
1636 5605 1692 5681 qui
1708 5621 1749 5665 ne
1766 5603 1979 5666 admitterent
