4184 6410
298 161 360 225 719
601 233 606 243 Ι
726 164 758 224 S.
785 162 959 223 nNTorin
988 164 1174 226 Pabbnul
1202 165 1340 226 oraha
1368 164 1515 228 OMNIA.
1696 225 1700 234 ,
1848 167 1852 179 ’
1886 161 1952 221 720

297 318 455 396 pulchras
470 320 504 382 in
528 319 651 380 mundo
668 277 896 396 possessiones
909 320 1044 394 obtinet,
1061 323 1094 384 et
1147 321 1398 399 oppressionem
1422 321 1639 393 subditorum,
1667 321 1769 384 etlam
1794 317 1953 380 meretur

298 416 372 494 quis
388 417 455 478 tam
470 416 627 493 quietius,
650 417 737 479 siout
758 417 925 480 clericusl
940 421 979 480 Et
993 419 1092 480 etiam
1148 417 1290 480 interfici
1313 434 1332 479 a
1354 435 1434 480 vero
1462 418 1654 493 Salomone3
1679 417 1767 480 irnde
1785 421 1893 478 Amos
1914 416 1952 476 in

297 513 445 576 abundat
459 512 493 574 in
517 513 577 574 eis.
603 515 723 576 Nonne
739 514 781 574 ad
797 514 942 577 litteram
962 515 1093 577 clerus?
1149 515 1264 576 eodem
1281 515 1427 592 capitulo
1437 515 1481 594 (6,
1498 515 1569 578 3ad
1581 513 1615 595 7)
1625 514 1754 577 subdita
1773 514 1837 588 Qui
1846 529 1956 590 sepa-

298 610 412 671 Clarus
437 610 615 672 medullam
640 611 799 673 frumenti
815 635 822 672 ι
840 613 899 673 alii
923 614 1092 675 corticem.
1148 613 1212 674 rati
1227 614 1309 675 estis
1320 614 1356 672 in
1368 611 1455 676 diem
1468 613 1604 684 malum,
1619 612 1705 674 idest
1720 612 1755 672 in
1771 611 1862 672 diem
1877 611 1955 671 vin·

297 707 413 768 Clarus
439 707 539 770 habet
571 709 688 784 purius
715 710 824 770 oleum
847 730 854 770 t
880 710 939 770 alii
970 709 1094 771 habent
1148 708 1245 770 dictae
1279 709 1411 772 Domini
1428 731 1435 768 :
1453 710 1516 780 Qui
1561 709 1838 786 appropinquatis
1860 707 1955 770 solio

294 819 476 868 amurcam.
493 807 610 868 Clarus
625 805 726 868 habet
737 807 851 868 vinum
868 807 1091 884 exquisitum:
1148 807 1352 884 iniquitatis;
1365 806 1460 882 quasi
1473 807 1572 876 dicat,
1588 807 1627 868 de
1640 806 1726 868 solio
1745 806 1958 882 praedicato-

295 901 354 966 alii
370 901 489 980 debile.
1148 903 1306 980 ris,quod
1329 903 1425 964 debet
1445 919 1524 966 esse
1545 903 1696 980 jnstitiae,
1713 903 1746 966 et
1766 903 1953 972 bonitatis,
2058 903 2059 920 ,

335 1000 412 1061 Ideo
425 999 600 1061 benedicit
610 1003 742 1076 Moyses
753 999 794 1063 de
810 1001 860 1062 ais
875 1017 883 1061 ε
896 1017 914 1061 «
927 1003 1095 1063 Incrassa·
1149 999 1274 1062 lecistis
1296 1000 1416 1062 solium
1436 1000 1575 1076 rapinae,
1599 1002 1633 1062 et
1651 1000 1843 1076 iniquitatis
1861 1021 1868 1060 :
1889 1001 1956 1070 Qui

293 1097 360 1170 tus,
374 1098 613 1173 impinguatus,
627 1097 785 1159 dilatatus
794 1096 1044 1174 recalcitravit(
1044 1098 1092 1173 1)-
1149 1098 1249 1160 etiam
1268 1097 1419 1159 dormitis
1432 1098 1467 1159 in
1481 1098 1575 1162 lectis
1590 1097 1765 1172 eburneis;
1780 1097 1957 1160 hicetiam

296 1197 334 1256 ut
344 1195 380 1255 in
392 1195 511 1256 Genesi
525 1194 591 1273 (19,
604 1193 657 1273 20)
675 1217 682 1255 ε
698 1213 716 1254 u
731 1201 825 1266 Aser,
843 1195 976 1272 pinguis
998 1195 1095 1271 panis
1149 1194 1364 1270 reprehendit
1377 1210 1435 1258 eos
1447 1195 1601 1258 denimio
1609 1196 1774 1272 apparatu
1783 1195 1955 1256 vestium:

295 1293 380 1368 eJus‚
398 1293 430 1352 et
445 1291 605 1368 praebebit
629 1291 769 1352 delicias
785 1291 964 1368 regibus»
980 1291 1094 1366 Siqui-
1150 1293 1195 1352 Ei
1208 1295 1375 1354 msctuilts
1400 1296 1437 1354 iu
1456 1293 1579 1354 stratis
1593 1294 1740 1364 vestrim
1755 1291 1812 1352 hic
1832 1307 1959 1368 repre-

296 1389 370 1450 dem
396 1404 498 1467 panes
528 1389 642 1450 clerici
669 1391 744 1462 etc,
771 1391 806 1450 in
827 1388 986 1464 domibus
1005 1389 1094 1464 regis
1149 1389 1265 1452 hendit
1277 1389 1318 1450 de
1328 1389 1465 1452 luxuria
1482 1411 1490 1450 ε
1507 1391 1569 1461 Qui
1580 1389 1753 1450 comeditis
1767 1403 1900 1463 agnum
1912 1389 1955 1450 de

297 1485 499 1570 sufficerent.
517 1487 595 1548 Ideo
606 1488 662 1563 qui
676 1487 711 1547 in
724 1488 871 1562 egestate
885 1485 948 1549 luit
962 1485 1094 1546 Domini
1149 1501 1262 1562 grege,
1278 1487 1311 1548 et
1329 1486 1470 1548 vitulum
1493 1486 1535 1546 de
1553 1488 1707 1548 armento
1721 1483 1793 1563 (4);
1815 1485 1874 1546 hic
1900 1501 1957 1546 re·

295 1584 449 1656 dilectus,
461 1599 529 1660 prae
540 1583 743 1646 abundantia
753 1584 989 1646 recalcitravit.
1001 1583 1096 1645 Unde
1150 1583 1326 1661 prehendit
1337 1599 1396 1646 eos
1410 1583 1536 1659 degula
1549 1605 1558 1644 :
1571 1584 1634 1654 Qui
1642 1581 1764 1644 canitis
1774 1582 1817 1644 ad
1830 1597 1953 1643 vocem

295 1683 395 1743 Amos
405 1680 448 1760 (6,
458 1681 706 1761 2):«Transite
718 1682 752 1741 in
762 1681 919 1752 Chalane,
930 1683 963 1742 et
973 1680 1093 1752 videte,
1150 1682 1320 1757 psalterii;
1346 1682 1442 1758 quasi
1469 1681 1607 1742 credaut
1634 1679 1844 1742 satisfecisse
1870 1683 1956 1752 Deo,

296 1779 330 1841 et
344 1779 389 1840 ite
403 1779 481 1840 inde
495 1779 528 1838 in
544 1778 661 1840 Emath
672 1793 837 1853 maguam,
853 1779 888 1838 et
900 1776 1091 1838 descendite
1150 1794 1225 1840 cum
1250 1778 1387 1840 cantant
1412 1794 1516 1840 unum
1539 1781 1685 1848 adeleia,
1706 1776 1957 1839 velruminant
2058 1779 2059 1800 ³

298 1875 424 1938 iudetb
434 1874 724 1943 Palaestbiuorum,
734 1875 812 1936 etad
822 1875 1092 1951 optimaquaeqne
1151 1891 1254 1936 unum
1270 1875 1444 1952 psalmum,
1460 1878 1693 1952 permanantes
1704 1875 1740 1934 in
1750 1876 1861 1936 veteri
1876 1891 1958 1936 con·

300 1988 405 2048 regna
418 1988 533 2034 eorum
550 1969 597 2049 (2)
612 1993 619 2032 a
635 1973 669 2034 et
680 1973 805 2043 uidete,¹
815 1972 844 2032 si
857 1971 958 2032 latior
972 1971 1014 2034 sit
1024 1972 1094 2032 ter·
1151 1972 1353 2046 versatione.
1645 2022 1647 2030 .

298 2070 410 2132 miuus
425 2083 540 2130 eorum
555 2069 832 2131 terrninovestro.
849 2067 1028 2130 »chalane
1042 2068 1097 2128 in-
1119 2139 1120 2142 (
1191 2069 1268 2131 Ideo
1291 2069 1503 2146 subjungitur
1524 2091 1533 2130 a
1560 2069 1652 2132 Siout
1674 2070 1782 2132 David
1795 2071 1950 2147 putave—
2058 2083 2059 2134 i

299 2168 502 2244 terpretatur
523 2167 642 2238 omnis,
661 2167 694 2228 et
718 2166 871 2242 designat
886 2181 1016 2227 omnem
1033 2180 1096 2242 po·
1151 2169 1230 2228 runt
1244 2183 1281 2228 se
1293 2167 1417 2229 habere
1431 2182 1512 2228 vasa
1528 2168 1661 2238 cantici,
1675 2167 1761 2230 idest
1776 2167 1951 2229 citharam

299 2265 371 2342 puli
406 2263 667 2326 multitudinem.
700 2265 827 2326 Eremia
859 2263 1097 2338 interpretatur
1151 2263 1554 2336 mortificationiscernis,
1579 2265 1612 2327 et
1631 2265 1827 2341 psalterium
1841 2265 1953 2326 deca-

299 2363 450 2438 sanguis,
466 2361 501 2424 et
513 2361 626 2436 signat
646 2360 766 2421 divites
786 2360 932 2437 quicum
947 2360 1096 2420 immun·
1153 2359 1313 2422 chordum
1328 2361 1530 2438 impletionis
1545 2361 1713 2436 decalogi3
1725 2363 1759 2422 et
1769 2361 1848 2423 ideo
1863 2362 1955 2423 bene

236 2495 243 2527 ,ι
299 2459 381 2520 ditia
409 2458 537 2535 peccati
562 2473 643 2534 opes
666 2459 860 2534 acquiruut3
881 2457 960 2534 qnia
990 2455 1097 2518 omnis
1153 2457 1376 2534 subjungitur,
1392 2458 1434 2519 ad
1446 2474 1575 2527 rocem,
1589 2461 1622 2520 et
1634 2459 1746 2520 nonin
1758 2474 1842 2521 voce
1856 2459 1954 2536 psal-

292 2556 404 2628 .dives,
427 2555 574 2631 iniquus,
591 2561 649 2616 aut
673 2555 781 2616 baares
805 2554 912 2630 iniqui
928 2552 989 2633 (3).
1013 2552 1096 2614 Geth
1152 2557 1240 2618 terii.
1269 2556 1439 2634 Siquidem
1460 2556 1503 2617 ad
1526 2571 1643 2618 rocem
1656 2556 1809 2632 psalterii
1832 2559 1953 2620 cantat

298 2653 540 2728 interpretatur
565 2650 724 2722 torcular,
752 2652 786 2712 et
809 2650 921 2725 signat
946 2652 1096 2726 potentes
1152 2655 1209 2730 qni
1222 2653 1310 2715 male
1319 2654 1413 2724 vivit,
1424 2657 1458 2716 et
1472 2653 1583 2716 tamen
1597 2653 1635 2715 in
1646 2653 1798 2716 Ecclesia
1810 2657 1957 2716 exercet

299 2749 415 2814 eaeculi
426 2749 460 2810 in
472 2749 683 2810 eminentiori
694 2748 800 2825 gradu
813 2749 1024 2818 constitutos,
1040 2747 1097 2824 qui
1155 2751 1302 2814 debitum
1317 2751 1474 2812 osticium.
1496 2753 1533 2812 ln
1555 2767 1639 2813 voce
1660 2751 1814 2828 psalterii
1837 2753 1957 2814 cantat

299 2848 455 2926 premunt
476 2847 636 2918 minores,
661 2847 694 2908 at
713 2846 870 2922 spoliant,
888 2849 924 2908 ut
949 2861 1011 2907 sua
1033 2845 1099 2906 im-
1151 2850 1329 2925 quiopera
1345 2847 1507 2924 decalogi,
1522 2863 1620 2926 quem
1634 2849 1758 2920 cantat,
1775 2848 1906 2924 implet,
1918 2851 1957 2910 et

301 2945 416 3024 pleant
438 2943 594 3016 cellaria,
609 2959 670 3006 nec
690 2943 738 3006 eis
764 2943 943 3015 dimittunt,
960 2943 1027 3004 nisi
1046 2943 1098 3004 vi·
1155 2946 1301 3008 debitum
1328 2944 1459 3023 perlicit
1481 2945 1641 3007 cilicium.
1655 2947 1867 3022 Quapropter
1882 2945 1954 3022 ipsi

299 3057 405 3106 nacea
428 3042 551 3104 torliva
579 3042 666 3103 sicut
683 3043 846 3120 premitur
873 3057 949 3114 uua,
980 3056 1041 3104 nec
1062 3041 1097 3102 in
1152 3043 1267 3104 clerici
1294 3043 1381 3104 male
1402 3043 1553 3104 viventes
1574 3041 1765 3119 migrabunt
1790 3043 1826 3103 in
1845 3043 1958 3104 inler-

300 3141 399 3202 viuea
427 3140 606 3201 dimittitur
629 3139 694 3200 nisi
722 3139 867 3200 acinum.
896 3141 943 3200 llo
962 3138 1099 3198 sidicat
1155 3141 1286 3202 numin
1301 3141 1409 3218 capite
1423 3141 1749 3216 transmigrantium,
1759 3140 1955 3218 idestpajo-
2058 3219 2059 3226 ἵ

300 3241 401 3300 Amos
426 3237 557 3298 clericis
583 3255 591 3296 ι
615 3236 830 3298 Considerate
859 3252 967 3304 omne,
991 3249 1097 3312 genus
1154 3254 1209 3299 res
1223 3239 1370 3300 omnium
1392 3237 1570 3309 laicorum,
1587 3238 1621 3300 et
1635 3235 1833 3314 profundius
1850 3238 1954 3300 dam-

301 3335 486 3406 hominum,
499 3333 664 3408 etvidete,
679 3334 708 3394 si
729 3349 785 3396 res
799 3334 943 3412 alicujus
954 3335 1099 3394 vestram
1155 3337 1288 3398 uantur.
1307 3335 1400 3396 Unde
1414 3335 1570 3397 Jererniae
1586 3333 1649 3414 (12,
1663 3332 1714 3413 13)
1732 3355 1740 3394 :
1761 3336 1955 3396 ‹Heredi-

301 3433 458 3508 excedat3
476 3435 509 3494 et
530 3433 648 3509 siquis
673 3432 720 3494 ita
739 3431 868 3492 laxavit
889 3431 1037 3495 habenas
1064 3430 1099 3490 in
1154 3435 1256 3495 tutem
1285 3433 1496 3508 acceperunt,
1524 3435 1559 3493 et
1582 3447 1649 3492 non
1672 3431 1821 3507 proderit
1833 3431 1884 3492 eis
1907 3455 1916 3506 ;
1936 3451 1960 3492 r
2058 3477 2059 3526 ,

301 3531 431 3601 Emath,
451 3530 537 3592 sicut
557 3545 617 3592 vos
633 3529 754 3599 tacitis,
773 3529 868 3606 sique
885 3528 918 3590 in
933 3529 1101 3604 tempora·
1155 3531 1363 3592 haereditant
1376 3530 1504 3592 scilicet
1519 3545 1584 3601 me,
1598 3531 1632 3592 et
1646 3545 1719 3590 mea
1734 3530 1954 3605 temporalia,

301 3626 1101 3704 libuslaicuspraebendatumsuperetinoppras-
1155 3628 1286 3689 scilicet
1317 3628 1552 3704 patrimonium
1583 3627 1761 3702 crucifixi3
1784 3628 1842 3688 sed
1865 3628 1956 3688 nihil

301 3725 397 3788 sione
411 3724 631 3796 subditorum,
656 3725 775 3786 utnon
796 3723 1022 3794 sitsacerdos,
1041 3721 1099 3786 sed
1156 3727 1206 3786 eis
1229 3725 1387 3802 proderit,
1411 3725 1498 3802 quod
1527 3724 1643 3786 clerici
1669 3724 1804 3798 tuerint,
1829 3725 1956 3802 quibus

301 3825 405 3888 multo
430 3825 534 3900 pejor.
561 3821 655 3884 Unde
678 3822 783 3884 isaias
806 3821 852 3901 (3,
873 3821 924 3899 15)
942 3822 1100 3892 :uouere
1155 3823 1334 3884 haereditas
1357 3837 1431 3882 mea
1445 3821 1602 3884 lueritad
1621 3823 1791 3882 crunulurn
1805 3823 1954 3884 damna-

300 3921 444 3984 atteritis
467 3920 623 3998 populum
649 3935 769 3990 meum,
792 3921 826 3980 et
847 3917 950 3980 iacies
974 3934 1102 3996 paupe·
1156 3921 1268 3980 tionis.
1286 3919 1380 3980 Unde
1400 3918 1485 3980 haue
1510 3918 1745 3995 subjungitur:
1760 3920 1957 3982 Consimde-

300 4036 376 4084 rum
404 4017 656 4080 commolitisi»
679 4016 781 4088 Quasi
802 4016 911 4082 dicat:
943 4005 1102 4090 Jejunanl
1156 4018 1238 4078 mini
1262 4015 1473 4078 alructihus
1498 4016 1819 4094 vestris;siquidem
1843 4017 1957 4080 abun-

301 4131 478 4195 panperes,
500 4114 624 4176 subditi
644 4114 781 4190 pallent,
794 4114 827 4175 et
841 4113 1101 4188 uosingurgiia-
1156 4115 1272 4176 dantia
1314 4113 1482 4176 fructuum
1513 4113 1742 4176 contusionem
1775 4113 1881 4178 iaciat
1917 4117 1956 4178 in

302 4215 385 4276 mini
401 4214 454 4275 :et
477 4228 543 4274 non
570 4211 677 4272 solum
698 4211 824 4288 jubetis
847 4213 883 4272 in
916 4210 1012 4282 sacia,
1043 4211 1101 4272 sed
1157 4212 1305 4276 Ecclesia
1320 4213 1391 4274 Dei.

303 4309 502 4374 commolitis
518 4309 621 4372 iacies
637 4325 763 4372 eorum.

344 4409 524 4487 Sequitur:
541 4407 894 4472 DescenditainGeth.
912 4407 1052 4482 Legitur
1066 4406 1102 4468 in
1437 4373 1577 4436 SERMO
1599 4375 1666 4434 LX·

302 4509 402 4572 tertio
413 4511 541 4585 Regum
556 4504 600 4585 (2,
615 4505 706 4568 suad
719 4503 785 4584 46),
795 4505 882 4582 quod
898 4504 1007 4566 Semel
1025 4505 1103 4567 des·
1235 4515 1276 4569 lie
1294 4508 1525 4580 mausuetudine,
1545 4518 1575 4568 et
1591 4515 1690 4568 coutm
1710 4509 1875 4568 iracundos.

303 4607 465 4670 cenditda
476 4604 664 4669 Jerusalem
677 4603 712 4663 in
728 4603 827 4676 Geth3
844 4602 962 4665 atideo
980 4603 1103 4664 meruit
1257 4655 1408 4718 Audiam
1428 4655 1602 4716 mansueti
1629 4657 1663 4716 ec
1677 4657 1839 4717 mmm

301 4701 1103 4776 interficiaSalomoue.Semelinterpretaturan·
1605 4701 1613 4728 ’
1841 4700 1849 4716 ·

303 4801 398 4872 ditio,
414 4803 448 4864 et
461 4801 714 4877 designandum,
729 4799 787 4876 qui
797 4798 941 4860 libenter
951 4798 1055 4870 audit,
1070 4798 1103 4860 et
1435 4750 1540 4832 (Μ’
1553 4753 1604 4824 33³
1621 4750 1668 4831 2')

304 4897 452 4968 nunciat,
483 4897 642 4959 obediens
675 4894 799 4956 divinis
840 4894 1005 4956 mandatis
1020 4916 1027 4955 ι
1044 4895 1102 4958 sed
1197 4897 1245 4958 Ad
1260 4909 1408 4957 amorem
1422 4893 1869 4957 mansuetudinisinvitatur
1884 4896 1952 4966 bic,

304 4995 421 5058 exiens
436 4995 686 5068 dederusalem,
702 4992 789 5054 idest
806 4993 848 5054 de
862 4993 985 5054 munda
999 5009 1101 5056 cons-
1157 4995 1214 5070 qui
1230 4994 1423 5054 mansuetus
1440 4993 1491 5054 est
1505 4991 1635 5054 laetitia.
1650 4993 1725 5054 Non
1746 4993 1837 5054 enim
1857 4993 1952 5066 dicit,
2058 5039 2059 5056 ,

304 5093 439 5163 cientia,
457 5093 513 5153 ubi
534 5094 638 5154 Deum
657 5091 801 5162 videbat,
824 5091 993 5167 raptusad
1010 5107 1101 5167 prae·
1157 5093 1256 5163 docti,
1274 5091 1326 5152 vel
1350 5091 1543 5167 jejunantes
1564 5090 1738 5162 letentur,
1767 5091 1824 5151 sed
1845 5105 1953 5152 nmir-

304 5192 475 5263 lationem,
504 5190 582 5266 quia
604 5187 823 5252 descenditin
838 5188 934 5264 Geth,
956 5189 1042 5252 idest
1068 5189 1102 5249 in
1155 5191 1256 5252 caleti.
1283 5187 1377 5249 Unde
1390 5186 1617 5249 Ecclesiastioi
1633 5186 1698 5266 (28,
1711 5185 1746 5266 9)
1764 5209 1771 5248 :
1788 5189 1951 5250 ‹Merno-

339 5351 380 5421 (1)
402 5351 497 5418 Dent,
511 5347 555 5418 32,
570 5343 613 5404 ru.
1193 5349 1234 5422 (3)
1255 5347 1312 5404 lu
1324 5347 1412 5402 tures
1426 5345 1526 5416 iniqui.
1541 5343 1613 5404 Vide
1626 5351 1723 5402 notant
1735 5345 1775 5414 (2)
1789 5343 1824 5403 ad
1839 5359 1949 5404 sermo·

339 5423 381 5494 (2)
402 5421 487 5494 Vulg.
506 5435 513 5476 ε
530 5421 649 5476 llorum.
1157 5435 1223 5478 uem
1239 5418 1342 5486 XXIV,
1356 5415 1415 5498 col..
1428 5415 1490 5474 633.
1628 5487 1634 5498 ⁸
1783 5485 1790 5497 ,

1193 5489 1236 5562 (l)
1255 5490 1340 5561 vulg.
1358 5503 1365 5542 ε
1382 5487 1494 5546 vitulos
1508 5486 1545 5545 de
1561 5485 1654 5544 medlo
1669 5492 1802 5546 armenti.
