4118 6390
108 283 186 346 ¹125
482 283 591 350 PARS
619 287 764 350 PRIMA.
780 319 821 336 -
840 287 1057 352 expositio
1087 291 1130 354 IN
1160 290 1363 354 Psnbilos.
1667 277 1747 348 lito

104 445 169 506 test
183 443 219 504 ln
234 443 392 506 claustro.
410 447 539 508 Ciuitas
555 447 606 509 θεῖ
620 447 831 510 conversatio
845 463 900 510 re-
954 451 1104 523 Domiuo,
1127 466 1194 512 non
1209 449 1343 522 mundo,
1366 447 1420 509 vel
1442 442 1574 508 diabolo
1588 463 1597 501 :
1610 447 1689 508 Non
1707 447 1747 506 in

105 541 258 617 ligionis3
271 542 358 603 unde
368 541 403 602 in
418 543 610 606 Proverbiis
623 542 687 623 (18,
704 544 757 624 19)
771 567 778 606 ε
790 563 809 606 s
822 548 900 607 Bra·
953 549 1267 622 comessationibus,
1285 547 1320 609 et
1333 546 1555 608 ebrietatibus
1570 540 1679 620 (Rom.
1696 544 1747 614 13,

106 643 169 711 ter,
194 639 252 716 qui
275 639 454 717 adjuratur
477 657 496 702 a
518 641 635 716 tratre,
659 643 753 719 quasi
780 644 899 706 civitas
955 644 1018 724 13),
1045 647 1078 706 et
1099 644 1254 707 luxuriis.
1279 643 1344 706 Sed
1367 657 1487 704 cavere
1507 640 1684 712 debemus,
1706 655 1749 700 ne

106 737 202 796 llrma
224 757 232 795 ε
257 739 291 798 θῖ
309 735 437 813 judicia
461 739 558 813 quasi
580 739 691 800 vectes
718 738 860 800 urbium.
881 755 899 798 n
954 742 1164 804 destruamus
1184 740 1413 802 solemnitates
1435 739 1494 800 Dei
1510 753 1584 799 cum
1598 737 1679 809 illis,
1691 737 1749 814 qui

104 833 235 904 vectes,
249 849 326 909 quae
343 833 503 894 claudunt
522 835 610 896 bano
626 835 806 907 civitatem,
824 837 901 897 sunt
955 839 1070 901 dicunt
1085 861 1093 900 ε
1109 855 1127 900 s
1145 840 1323 910 Quiesoere
1348 835 1510 898 iaciamus
1538 850 1654 896 omnes
1677 834 1749 894 dies

100 931 230 1009 judicia
246 930 442 1008 disciplinae.
458 935 486 992 A
503 932 602 994 turre
614 937 805 994 Hananeei.
823 935 901 994 Pro·
955 935 1056 998 festos
1085 936 1144 996 Dei
1170 951 1192 996 a
1215 937 1330 998 terra»
1352 932 1456 1010 (Psal.
1473 935 1523 1004 73,
1539 931 1591 1012 8),
1615 931 1702 992 unde
1714 932 1749 992 in

106 1029 266 1107 prietates
280 1029 383 1091 turris
403 1027 489 1090 bene
508 1030 711 1092 conveniunt
729 1030 898 1106 religioni.
955 1033 1095 1095 Threnls
1111 1031 1155 1111 (1,
1167 1030 1222 1112 7):
1238 1032 1505 1093 ‹Viderunteam
1516 1029 1640 1101 hostes,
1653 1029 1748 1092 atde·
1871 1013 1876 1027 '

105 1129 287 1190 Hananaei
297 1125 537 1202 interpretatur
547 1127 735 1188 obedientia
746 1148 755 1188 ε
768 1143 791 1189 a
801 1129 901 1189 turre
956 1130 1102 1192 riserunt
1115 1128 1251 1191 sabbata
1262 1131 1346 1206 ejus.
1359 1145 1377 1188 n
1392 1127 1512 1188 Hostes
1525 1127 1581 1188 isti
1596 1128 1674 1187 suut
1687 1124 1752 1186 daa-

106 1239 188 1299 ergo
215 1221 412 1284 obedientiae
438 1223 557 1300 incipit
586 1225 706 1300 religio
726 1240 835 1300 nsque
856 1227 902 1286 ad
955 1243 1082 1300 mones,
1116 1226 1172 1305 qui
1200 1226 1353 1288 derident
1380 1224 1620 1287 solemnitates.
1658 1223 1753 1285 Unde

102 1321 248 1396 portam
260 1323 389 1396 annui.
412 1321 526 1382 Prima
547 1321 638 1383 linea
656 1323 708 1384 θεῖ
731 1322 845 1384 vivere
865 1321 900 1382 in
956 1326 1149 1398 notandum,
1162 1324 1247 1402 quod
1262 1324 1345 1385 dicit
1361 1339 1369 1385 :
1385 1323 1754 1386 Consiiiniiediemso·

107 1417 246 1492 mnndo3
264 1417 332 1478 alla
345 1416 437 1480 linea
452 1420 504 1480 est
522 1419 662 1480 reflexio
677 1434 697 1481 a
715 1419 771 1480 via
786 1418 901 1480 saculi
955 1428 1113 1495 nonnam,
1135 1422 1222 1484 idest
1238 1421 1384 1494 statuite,
1401 1422 1438 1482 ut
1450 1435 1516 1481 non
1532 1419 1751 1481 sittransito·

107 1515 150 1578 ad
176 1515 370 1576 claustrum.
397 1517 492 1577 Bane
518 1516 737 1578 reflexionem
760 1515 899 1586 iaciens,
955 1519 1019 1588 na,
1035 1520 1092 1581 sed
1106 1519 1184 1594 lixa,
1200 1518 1384 1591 etstabilis,
1401 1533 1444 1579 ne
1456 1531 1615 1592 vagemus
1631 1530 1691 1592 per
1703 1515 1751 1576 il-

105 1611 210 1674 lacies
228 1611 400 1687 angulum.
422 1613 467 1674 nt
490 1614 600 1675 eaibii
622 1615 717 1675 nitra
740 1627 901 1674 ammam
956 1615 1048 1678 licita
1060 1605 1238 1679 desideria.
1265 1617 1359 1678 Unde
1379 1615 1414 1676 in
1431 1615 1578 1676 Levitico
1592 1611 1657 1692 (23,
1675 1611 1751 1691 21)=

104 1723 292 1770 mensura.
329 1709 454 1771 Norma
489 1725 654 1771 mensurae
689 1712 740 1772 est
771 1709 900 1785 regula,
956 1714 1188 1789 «Legitimum
1204 1713 1442 1789 sempiternum
1458 1710 1522 1772 erit
1541 1710 1669 1770 cunetis
1688 1723 1752 1784 ge-

106 1821 205 1882 quam
217 1805 356 1867 tradidit
364 1807 415 1867 eis
429 1805 546 1869 beatus
562 1807 759 1869 Benedictus
769 1804 831 1886 (1),
847 1804 901 1867 vel
956 1809 1188 1872 nerationibus
1201 1811 1343 1884 restris3
1360 1826 1379 1869 a
1393 1811 1427 1869 et
1436 1809 1471 1868 in
1485 1807 1601 1868 eodem
1617 1804 1663 1882 (v.
1677 1803 1730 1883 31)
1744 1826 1752 1865 ε

106 1902 227 1964 beatus
241 1903 459 1978 Augustinus.
476 1905 576 1965 Fines
591 1903 652 1966 hos
665 1904 784 1966 debent
797 1919 901 1965 exce·
955 1910 1050 1970 Nilnt
1073 1910 1190 1980 operis
1215 1907 1350 1980 iacietis
1376 1908 1413 1966 in
1441 1920 1491 1976 eo,
1517 1904 1604 1965 idest
1626 1903 1754 1964 nullum

105 1999 561 2073 dereclaustrales,taoiendo
570 2002 899 2078 supererogationes:

106 2097 245 2158 sednon
260 2097 381 2160 debent
395 2100 524 2160 mutare
537 2099 572 2159 in
588 2100 768 2176 conspeetu
784 2097 901 2174 gratiae

107 2209 210 2272 snper
237 2195 356 2257 collem
381 2194 500 2257 (iareb.
528 2196 637 2257 (iareb
661 2196 902 2273 interpretatur

107 2291 284 2363 incolatus,
295 2292 349 2354 vel
363 2291 515 2353 scabies:
529 2292 585 2354 bic
600 2293 650 2354 est
662 2293 814 2370 pruritus
827 2307 902 2354 con·

106 2389 333 2466 cupiscentiae.
347 2393 586 2464 superantem
598 2394 710 2452 (iareb
723 2390 819 2452 debet
828 2405 903 2450 esse

107 2486 310 2561 claustralis,
334 2488 364 2547 si
386 2486 447 2548 sub
469 2503 505 2547 se
530 2485 652 2550 babeat
676 2487 846 2558 mundum,
870 2486 903 2548 et

107 2587 181 2661 ejus
197 2584 511 2661 concupiscentiam.
528 2585 574 2646 at
585 2585 746 2646 circuibit
756 2587 900 2655 Gabina,

108 2679 195 2757 quod
212 2680 451 2758 interpretatur
462 2697 564 2758 gyrus
579 2702 587 2740 :
602 2681 699 2744 debet
712 2682 801 2742 enim
813 2695 904 2742 seru·

107 2777 175 2838 tari
197 2793 395 2854 pergyrum
415 2778 629 2840 conscientie
652 2781 782 2840 cineris
802 2777 902 2838 inbr-

108 2875 256 2938 mitatem
277 2889 387 2951 suam;
408 2881 542 2944 vadem,
565 2875 652 2937 idest
672 2875 808 2953 peccam
828 2891 901 2944 sna,

109 2973 144 3033 et
153 2987 294 3044 omnem,
306 2973 360 3033 vel
368 2975 571 3034 nniversam
579 2977 757 3050 regionem
765 2967 902 3044 rn'tirtis,

108 3069 240 3131 scilicet
269 3085 386 3146 poenas
418 3069 661 3132 damnatorum.
692 3069 810 3132 Omnia
838 3070 903 3131 isla

108 3165 208 3228 debet
219 3166 345 3228 babere
360 3166 395 3228 in
410 3168 570 3229 memoria
585 3171 751 3242 usquead
766 3168 906 3229 torren-

110 3265 181 3326 tem
196 3268 339 3327 cetron.
357 3266 496 3338 cedron,
514 3266 626 3343 passio
648 3266 779 3327 Domini
799 3265 904 3326 intel·

110 3361 243 3438 ligitur3
260 3362 348 3424 unde
360 3363 393 3423 et
405 3363 565 3424 Dominus
576 3379 737 3439 passurus
749 3362 906 3424 transivit

109 3473 171 3536 par
185 3460 379 3522 torrentem
392 3463 525 3522 cedron
543 3458 669 3536 (toan,
695 3461 743 3530 18,
768 3459 812 3537 1).
836 3461 906 3520 lloo

108 3556 208 3619 debet
227 3556 339 3618 iacere
360 3556 395 3617 in
417 3556 588 3628 memoria,
612 3559 645 3618 θῖ
663 3559 743 3617 tune
764 3555 816 3616 illi
840 3571 906 3617 non

108 3655 176 3716 erit
194 3654 339 3724 difficile.
360 3654 405 3715 Bt
424 3667 532 3728 aspra
550 3656 595 3715 aa
613 3659 778 3730 anguium
794 3653 908 3726 paria

111 3765 290 3824 epaonnn.
313 3751 396 3828 liqui
417 3751 497 3811 sunt
518 3747 597 3810 boui
619 3748 827 3819 claustrales,
851 3749 908 3825 qui

111 3846 236 3909 liabent
250 3861 414 3908 sessorem
427 3845 603 3908 Dominum
618 3847 789 3923 :portaest
798 3845 908 3907 exitus

111 3943 155 4005 ab
169 3943 233 4005 hae
249 3943 492 4020 vita.nngulus
504 3945 694 4020 ergoporiae
709 3945 760 4005 est
769 3943 909 4005 reflexio

113 4042 156 4103 ab
180 4041 244 4104 hac
259 4042 417 4116 miseria3
433 4041 521 4118 quod
537 4041 574 4103 lit
587 4041 623 4102 in
643 4043 760 4102 morte.
777 4041 909 4103 Primus

109 4155 192 4215 argo
216 4140 359 4214 angulus
383 4140 434 4201 est
457 4139 598 4200 reflexio
630 4138 672 4200 ab
696 4138 760 4200 hoo
784 4138 909 4200 saeculo

111 4236 155 4296 ad
169 4236 351 4299 claustrum
365 4259 373 4298 ε
388 4237 552 4300 secundus
568 4240 618 4299 θεῖ
632 4237 753 4299 diverti
778 4237 820 4298 ab
847 4237 910 4298 hac

113 4333 250 4394 miseria
273 4335 462 4411 temporali,
486 4336 518 4397 et
531 4335 676 4397 transire
701 4328 742 4397 ad
755 4334 908 4412 gloriam.

347 4511 486 4574 sanilo
513 4513 677 4576 ccxviii.

113 4651 207 4720 Quare
234 4645 372 4708 debemus
400 4650 588 4708 solemnizare
621 4653 742 4710 Domino
751 4668 761 4724 3
788 4653 912 4726 qualiter

132 4741 200 4798 llere
211 4737 302 4813 3quod
317 4742 393 4799 Dens
403 4737 571 4798 testivitates
584 4741 723 4798 malorum
737 4751 892 4800 noueurat.

115 4877 320 4938 Corniiinite
344 4879 641 4938 diemsolemnem
661 4867 699 4938 'in
719 4879 912 4951 contunsis,

155 4988 262 5048 usque
278 4977 322 5036 ad
336 4987 446 5035 cornu
458 4972 600 5045 aiiarts‚·
615 4977 679 5042 oei,
697 4976 735 5034 in
751 4976 914 5052 frequen-

158 5070 343 5132 tationibus
371 5067 418 5149 (2)
434 5083 542 5146 usque
568 5072 614 5130 aa
639 5085 749 5132 cornu
776 5071 911 5133 aitaris.

159 5165 265 5244 (Psal.
278 5167 347 5238 117,
358 5165 426 5245 27.)

158 5313 323 5375 Debemus
358 5315 562 5378 constituere
603 5317 695 5378 diem
728 5323 935 5386 scaranem,

156 5527 198 5596 tl)
215 5527 319 5584 Beatus
340 5525 521 5596 Benedictus,
537 5537 591 5586 eto.
612 5529 734 5588 musula
752 5481 919 5588 annotatio-t

119 5611 189 5657 nem
204 5597 246 5671 (ῖ)
262 5595 297 5656 ad
312 5597 480 5658 Sermonem
495 5597 617 5668 Cilblll,
632 5599 763 5658 coi-961.

957 2019 1039 2082 opus
1055 2003 1190 2076 servile,
1205 2003 1292 2064 idest
1306 2001 1477 2079 peccatum
1500 1999 1651 2070 mortale,
1669 1998 1754 2075 quod

957 2101 1037 2164 iacit
1050 2116 1182 2162 servum
1196 2099 1342 2175 diaboli3
1360 2098 1449 2160 unde
1470 2096 1755 2159 solemnizandum

956 2201 1007 2261 θεῖ
1021 2197 1062 2259 ab
1077 2198 1167 2260 omni
1179 2197 1327 2275 peccato.

996 2295 1212 2368 Coristituiie,
1235 2294 1320 2355 idest
1342 2293 1454 2370 plures
1478 2291 1575 2354 simul
1591 2291 1754 2352 solemni-

957 2395 1053 2465 tates,
1070 2381 1292 2468 captationis,
1305 2391 1576 2466 propitiationis,
1591 2389 1755 2463 astiictio-

957 2495 1013 2553 nis
1029 2489 1125 2570 (lbid.
1140 2491 1191 2562 23,
1202 2491 1242 2549 27
1257 2489 1298 2550 ad
1313 2485 1379 2566 29).
1394 2489 1528 2548 Festum
1543 2488 1755 2560 captationis

958 2589 1111 2656 tacimus,
1128 2603 1202 2648 cum
1214 2585 1341 2662 gratias
1356 2586 1487 2660 agimus
1503 2584 1646 2654 Christo,
1661 2598 1704 2643 ex
1716 2598 1756 2643 eo

958 2683 1044 2761 quod
1068 2683 1175 2745 monte
1203 2697 1264 2742 sua
1289 2697 1350 2742 nos
1372 2680 1523 2756 expiavit
1546 2695 1566 2740 a
1590 2676 1754 2755 poeonia

959 2781 1045 2858 quod
1060 2781 1213 2856 signatur
1236 2794 1296 2856 per
1312 2779 1541 2855 aspersionem
1557 2775 1682 2838 cineris
1697 2776 1754 2836 siz·

958 2879 1037 2940 tulae
1051 2878 1147 2939 rusae.
1165 2877 1299 2938 Festum
1312 2875 1571 2951 propitiationis
1586 2873 1620 2933 in
1631 2888 1759 2934 memo-

959 2977 1044 3037 riam
1065 2975 1275 3044 Sanctorum,
1292 2975 1329 3034 ut
1346 2971 1558 3034 intercedant
1576 2985 1635 3047 pro
1660 2969 1757 3030 nobis

960 3072 1000 3134 ad
1030 3076 1144 3134 Deum.
1173 3071 1214 3133 Bt
1236 3086 1303 3131 nou
1319 3069 1476 3131 debemus
1491 3069 1644 3130 omittere
1668 3067 1756 3128 diem

959 3171 1159 3246 afflictionis
1172 3184 1232 3245 pro
1243 3167 1408 3245 peccatis3
1425 3165 1503 3243 quia
1518 3181 1586 3226 nou
1601 3165 1758 3226 debemus

960 3268 1135 3331 comedere
1158 3266 1265 3328 azima
1290 3266 1363 3327 sine
1387 3266 1528 3328 actuata
1550 3264 1757 3340 agrestibus,

960 3367 1047 3430 idest
1064 3381 1132 3426 non
1147 3364 1305 3426 debemus
1320 3378 1441 3439 corpus
1461 3361 1593 3424 Domini
1613 3375 1756 3432 sumere,

961 3463 1179 3540 necgaudere
1194 3462 1229 3522 in
1240 3461 1452 3523 solemnitate
1460 3459 1533 3520 sine
1545 3459 1656 3520 cordis
1670 3473 1760 3519 ama-

961 3561 1123 3630 ritudine,
1150 3560 1184 3621 et
1209 3557 1422 3620 bannitione.
1458 3556 1552 3617 Unde
1582 3555 1617 3615 in
1637 3555 1761 3615 Zacba·
1850 3559 1854 3568 '

963 3657 1013 3718 ria
1038 3654 1102 3734 (12,
1129 3656 1165 3716 ll
1196 3654 1237 3715 ad
1268 3652 1320 3731 13)
1337 3673 1346 3712 ε
1362 3669 1381 3712 s
1396 3654 1433 3712 ln
1457 3652 1512 3712 die
1536 3651 1594 3712 illa
1619 3667 1759 3726 magnus

963 3732 1027 3815 erit
1042 3752 1193 3830 planctus
1219 3750 1255 3810 in
1273 3750 1472 3819 ierusalem,
1497 3748 1584 3810 siout
1606 3747 1759 3824 plancius

963 3851 1206 3914 Adadremmon
1223 3847 1258 3908 in
1272 3861 1390 3923 campo
1405 3845 1602 3921 Mageddon.
1618 3848 1656 3907 Bt
1669 3845 1761 3922 plan-

963 3950 1019 4026 get
1043 3951 1135 4010 terra
1159 3968 1166 4006 :
1190 3944 1343 4016 familiae,
1362 3944 1397 4006 θῖ
1419 3942 1556 4004 iamiliae
1585 3959 1757 4004 seorsum:

965 4045 1100 4107 lamiliae
1127 4044 1243 4105 domus
1268 4041 1373 4103 David
1395 4057 1559 4114 seorsum,
1580 4042 1613 4102 et
1634 4041 1759 4102 mulie·-

964 4160 1018 4206 res
1036 4155 1309 4204 eorumseorsum
1326 4137 1482 4201 :lamiliae
1496 4137 1612 4200 domus
1623 4138 1758 4200 Nathan

965 4256 1127 4312 seorsum,
1153 4239 1186 4300 et
1205 4237 1361 4302 mulieres
1381 4252 1497 4299 eorum
1512 4251 1662 4298 seorsum
1680 4251 1687 4297 :
1704 4234 1760 4296 ia-

965 4339 1067 4402 miliae
1100 4337 1217 4400 domus
1250 4335 1330 4399 Leni
1351 4351 1518 4407 seorsum,
1546 4335 1579 4395 et
1602 4334 1760 4394 mulieres

965 4453 1081 4500 eorum
1094 4449 1244 4497 seorsum
1259 4455 1268 4494 ε
1281 4433 1418 4494 familiae
1432 4431 1542 4493 Semel
1552 4445 1714 4502 seorsum,
1729 4432 1762 4490 et

966 4535 1124 4598 mulieres
1136 4547 1251 4595 eorum
1266 4545 1428 4595 seorsum.
1440 4545 1459 4588 n
1471 4530 1543 4590 Brit
1558 4528 1710 4604 planctus
1725 4526 1760 4587 in

966 4632 1163 4703 Jerusalem,
1180 4629 1266 4692 idest
1277 4629 1313 4689 in
1328 4626 1489 4688 Ecclesia.
1506 4629 1762 4686 adadremmon

967 4730 1206 4807 interpretatur
1214 4727 1330 4788 hortus
1339 4737 1512 4802 pomorum
1525 4725 1598 4799 ejus
1611 4722 1702 4784 :baec
1711 4723 1763 4784 est

967 4827 1127 4898 Ecclesia,
1157 4825 1303 4903 quaest
1325 4823 1443 4884 hortus
1470 4835 1644 4897 pomorum
1668 4821 1760 4897 ejus,

967 4926 1054 4988 idest
1066 4923 1201 4997 Christi,
1216 4921 1270 4982 cui
1285 4920 1382 4982 debet
1392 4918 1481 4980 ferre
1492 4934 1589 4995 poma
1601 4917 1762 4978 bonorum

968 5038 1117 5100 operum,
1140 5017 1302 5081 imitando
1316 5017 1437 5093 ipsum.
1450 5017 1640 5091 Manedaon
1654 5015 1763 5080 inter-

968 5122 1119 5198 pretatur
1143 5117 1270 5178 tructus
1285 5129 1388 5176 coenae
1410 5115 1494 5190 ejus.
1510 5111 1635 5174 Habuit
1649 5113 1766 5174 Chris-

967 5222 1021 5280 tus
1044 5215 1221 5293 prandium
1243 5213 1278 5273 in
1294 5227 1403 5282 cruce,
1420 5209 1477 5270 ubi
1494 5209 1536 5271 iel
1552 5210 1698 5272 oblatum
1714 5213 1765 5272 θεῖ

968 5316 1000 5376 ei
1015 5329 1089 5375 cum
1104 5313 1219 5374 aceto:
1236 5309 1378 5371 mucium
1397 5307 1497 5386 bujus
1518 5323 1622 5370 ooenae
1637 5325 1765 5386 expec-

970 5527 1047 5658 ηυξ)
1063 5527 1109 5656 ξίἕ
1119 5523 1228 5598 legiis.
1246 5523 1369 5596 nugua.
1386 5472 1516 5585 damnat.
1530 5520 1561 5578 in
1585 5519 1663 5584 buna
1678 5521 1760 5582 Psal.
