4184 6410
107 331 167 402 545
341 354 343 371 ι
468 349 474 362 ’
678 339 1001 404 sansadoniam.
1016 371 1057 386 -
1075 341 1183 402 visa.
1568 329 1573 364 l
1692 341 1753 402 313

108 498 184 570 hoc,
213 499 251 559 ut
278 496 399 576 aliquis
433 500 568 560 sanctus
601 494 645 562 sit
676 500 763 578 apud
798 502 902 561 Deum
956 499 1253 573 licamveritatem,
1268 513 1366 560 nemo
1388 497 1548 560 accendat
1567 498 1749 573 lucernam,

107 595 144 656 in
158 594 307 657 Ecclesia
317 595 553 674 triumphante,
570 597 642 658 sola
660 597 806 659 sufficiat
817 597 903 658 1133-
957 597 989 658 31
1006 598 1106 673 ponat
1118 612 1192 658 eam
1207 595 1268 658 sub
1283 595 1393 658 modio
1408 595 1465 658 sed
1479 611 1580 673 super
1592 597 1753 658 candela-

108 691 150 752 lis
174 693 436 769 perseverantia,
457 694 554 770 juxta
573 693 654 754 illud
676 715 684 754 ε
702 695 779 756 Esto
794 691 902 754 fidelis
957 693 1063 768 hrum,
1076 697 1112 756 ut
1126 709 1253 767 omnes,
1265 694 1321 770 qui
1334 695 1369 755 iu
1382 693 1478 756 domo
1492 694 1569 756 sunt
1581 694 1692 756 lumen
1704 695 1753 756 vi·

107 790 268 867 usquead
283 790 435 863 mortem,
450 791 484 852 et
498 790 582 852 dabo
597 791 827 854 tibicoronam
847 791 902 851 vi·
957 791 1056 853 deant
1082 789 1142 871 (3),
1172 791 1206 852 31
1230 790 1380 867 31311311
1404 791 1511 853 333311
1534 791 1683 864 lucerna,
1702 792 1752 854 sic

110 892 151 948 tae
165 884 234 965 (1);
251 885 293 948 ad
315 887 504 948 hoctamen
521 890 558 951 ut
583 889 717 950 sanctus
741 887 903 950 habeatur
957 889 1080 950 arserit
1102 887 1263 949 hactenus
1284 887 1320 948 in
1343 887 1407 949 hoc
1431 888 1564 961 munde,
1582 889 1668 966 quod
1692 903 1752 966 per

108 983 196 1061 apud
223 984 376 1046 homines
401 985 437 1045 in
459 985 608 1068 Ecclesia
632 985 808 1057 militante,
838 984 902 1044 duo
957 984 1016 1046 Dei
1030 985 1184 1061 gratiam,
1194 987 1265 1062 jam
1285 1001 1351 1045 non
1365 983 1425 1045 sub
1440 984 1561 1057 modic,
1577 986 1633 1048 sed
1649 999 1751 1063 super

108 1081 187 1142 sunt
201 1082 403 1154 necessaria,
430 1082 537 1144 virtus
560 1085 700 1154 morum,
727 1082 760 1144 et
778 1081 903 1144 veritas
957 1081 1192 1144 candelabrum
1207 1082 1367 1143 meruerit
1387 1082 1546 1144 collocari
1562 1104 1570 1142 z
1586 1085 1753 1145 universi-

109 1177 293 1254 signorum,
309 1179 428 1240 merita
442 1179 609 1249 videlicet,
624 1179 849 1251 3131133313;
868 1178 904 1240 ut
957 1181 1058 1243 tatem
1081 1180 1227 1242 vestram
1248 1193 1418 1254 rogamus,
1444 1193 1616 1242 monemus
1643 1181 1753 1244 31133-

108 1275 181 1336 haec
206 1276 241 1337 31
264 1275 323 1338 illa
347 1276 412 1338 sihi
433 1276 475 1338 31
496 1277 640 1339 invicem
664 1277 902 1348 contestentur,
958 1277 1035 1349 tius,
1066 1277 1100 1341 et
1133 1277 1308 1340 hortamur
1339 1290 1400 1354 per
1432 1277 1624 1353 apostoliea
1658 1277 1752 1340 vobis

108 1387 185 1434 cum
200 1387 261 1434 nec
275 1373 394 1435 merita
420 1373 493 1436 sine
519 1374 702 1447 miraculis,
718 1388 781 1434 nec
800 1373 905 1434 mira·
958 1375 1081 1451 scripta
1104 1374 1316 1446 mandantes,
1346 1375 1509 1450 quatenus
1544 1373 1752 1436 devotionem
1804 1384 1806 1390 ’

108 1468 196 1540 3313,
211 1467 284 1530 3133
306 1469 435 1532 meritis
458 1470 556 1547 plene
578 1469 758 1539 3311131331,
771 1468 811 1532 31
826 1485 905 1546 331-
958 1471 1116 1543 fidelium,
1131 1471 1173 1533 ad
1187 1471 1437 1534 venerationem
1452 1470 1753 1547 ipsiussalubriter

108 1564 289 1627 hibendum
302 1565 390 1627 inter
404 1566 557 1628 homines
569 1567 795 1630 testimonium
811 1581 905 1627 sane-
957 1569 1154 1640 excitantes,
1172 1567 1385 1631 festivitatem
1396 1569 1502 1645 ipsius
1517 1568 1629 1630 Idibus
1646 1569 1751 1652 lunii,

107 1661 207 1724 litati.
225 1661 289 1724 Sed
309 1677 383 1724 cum
406 1664 527 1725 merita
552 1679 635 1725 sana
653 1663 855 1740 praecedunt,
871 1664 905 1724 et
958 1661 1056 1722 annis
1071 1660 1212 1737 singulis
1232 1662 1417 1731 celebretis,
1438 1666 1471 1724 et
1484 1662 1615 1724 faciatis
1629 1663 1753 1724 solem·-

108 1759 214 1821 clara
226 1759 408 1823 succedunt
421 1759 597 1834 miracula,
611 1763 739 1824 certum
754 1758 904 1837 praebent
957 1759 1045 1820 niter
1059 1758 1222 1820 celebrari
1233 1779 1240 1818 :
1251 1760 1287 1820 ut
1306 1759 1454 1836 ejusdem
1469 1759 1624 1836 precihus
1639 1760 1754 1822 Domi-

108 1856 269 1918 indicium
284 1857 470 1919 sanctitatis
485 1879 492 1918 :
510 1859 546 1919 ut
559 1872 620 1918 nos
634 1857 676 1918 ad
689 1857 795 1934 ipsius
807 1871 905 1918 vene·
957 1871 1021 1916 nus
1028 1857 1186 1918 exoratus
1205 1855 1753 1933 3131133111313333311313131133
1829 1841 1846 1923 'i

107 1953 461 2026 1311333313133331,
487 1969 584 2031 quern
609 1955 695 2015 Deus
721 1953 904 2014 exmeritis
957 1952 1053 2015 nohis
1068 1951 1564 2016 tribuatinluturo.Nosautem
1579 1956 1753 2030 cupientes

108 2049 383 2126 praecedentibus,
422 2051 456 2115 31
485 2051 591 2127 signis
626 2049 903 2129 subsequentibus
958 2049 1172 2126 sepulchrum
1186 2050 1270 2112 tanti
1286 2049 1504 2120 contessoris,
1526 2051 1582 2128 qui
1603 2051 1753 2112 miracu-

108 2146 245 2209 enhibet
267 2149 496 2210 venerandum
513 2165 521 2209 :
537 2163 612 2226 quae
633 2148 700 2210 duo
724 2165 768 2210 ex
792 2147 903 2210 verbis
958 2146 1066 2208 lorum
1090 2147 1756 2224 131331113311133113111331331333333-

108 2244 332 2320 Evangelistae
352 2245 485 2321 plenius
509 2245 678 2320 colligitur
696 2245 775 2306 :llli
793 2247 904 2306 33133
958 2243 1080 2316 13133,
1109 2245 1265 2318 congruis
1312 2243 1495 2304 honoribus
1535 2244 1752 2322 frequentari,

107 2318 526 2418 prolectipr'aedicaverunt
538 2341 672 2419 ubique.
682 2343 905 2402 1133133333-
959 2339 1111 2402 omnibus
1138 2355 1216 2400 vere
1250 2340 1487 2416 poenitentibus
1518 2343 1551 2402 et
1578 2342 1752 2414 confessis,

107 2439 248 2515 perante
268 2439 301 2500 et
325 2453 511 2500 sermonem
527 2438 745 2501 confirmante
761 2454 905 2516 sequen·
958 2436 1041 2497 illud
1067 2437 1103 2497 in
1125 2435 1305 2499 testivitate
1330 2437 1438 2514 ipsius
1469 2437 1631 2515 usquead
1657 2439 1753 2500 octa·

106 2535 198 2596 tibus
216 2534 323 2610 signis
339 2531 387 2614 (2)
403 2557 411 2594 ε
426 2535 534 2597 31133
558 2535 726 2612 33133333,
747 2536 780 2598 31
800 2535 906 2597 11133-
958 2549 1036 2596 vum
1065 2533 1164 2608 diem,
1194 2534 1292 2595 annis
1316 2534 1457 2610 singulis
1485 2550 1560 2596 333
1593 2529 1755 2597 reveren-

108 2632 154 2693 tis
172 2630 262 2704 filiis,
279 2630 376 2693 133111
389 2631 536 2695 Jordano
553 2634 586 2693 S.
602 2633 785 2704 Benedicti,
799 2635 906 2694 31113-
958 2633 1006 2696 113
1043 2630 1154 2693 dehita
1186 2631 1419 2708 visitantibus;
1445 2632 1486 2692 13
1520 2633 1757 2708 omnipotentis

108 2728 246 2804 gustini,
264 2727 431 2804 prioribus
443 2729 578 2791 Ordinis
588 2728 728 2792 1131133
742 2729 906 2791 Praedica-
959 2729 1019 2790 Dei
1029 2728 1260 2790 misericordia
1273 2730 1307 2790 et
1319 2727 1492 2791 beatorum
1507 2730 1598 2791 Petri
1613 2733 1646 2792 et
1659 2729 1756 2792 Pauli

108 2830 220 2888 torum
232 2824 467 2888 Paduanorum
478 2827 703 2904 receptionem
717 2827 851 2888 testium
864 2827 905 2888 de
958 2825 1191 2904 Apostolorum
1219 2829 1303 2904 eius,
1324 2827 1522 2898 auctoritate
1541 2827 1671 2902 confisi,
1694 2843 1758 2890 an·

107 2922 285 2984 miraculis
298 2923 907 2999 3133133333311,1333333311-
960 2939 1038 2984 num
1052 2939 1154 2985 unum
1168 2923 1209 2984 13
1231 2923 1382 3000 injuncta
1399 2923 1463 2984 sibi
1477 2925 1672 3001 poenitentia
1687 2927 1759 2986 mi-·

107 3019 256 3082 133133.
274 3021 389 3096 Nuper
409 3023 521 3084 autem
542 3024 612 3082 tam
630 3037 690 3096 per
706 3021 905 3083 relationem
959 3021 1174 3084 sericorditer
1196 3021 1399 3082 relaxamus.
1409 3022 1528 3082 Datum
1551 3022 1687 3098 Spoleti,
1709 3023 1756 3084 111

108 3117 345 3196 praedictorum
360 3110 508 3195 episcopi
521 3120 554 3180 et
564 3119 724 3195 priorum,
736 3135 834 3197 quam
846 3135 906 3196 per
960 3118 1504 3182 3333313311Ρ33111133133333111
1515 3134 1603 3180 anno
1618 3121 1756 3182 sexto.»

108 3214 335 3292 depositiones
349 3215 484 3276 testium
493 3231 594 3292 super
609 3215 672 3277 hoc
682 3221 902 3294 receptorum,
1000 3219 1047 3278 Ea
1062 3218 1173 3279 autem
1190 3215 1256 3288 die,
1273 3231 1339 3293 qua
1360 3216 1396 3277 in
1417 3217 1550 3278 sanctos
1563 3216 1688 3279 relatus
1703 3220 1756 3280 est

109 3311 152 3372 de
180 3311 287 3388 ipsius
306 3310 489 3375 uirtutibus
510 3315 543 3374 et
565 3313 801 3376 miraculorum
821 3315 906 3375 insi·
959 3315 1012 3377 vir
1042 3314 1113 3387 Dei,
1138 3329 1193 3374 ree
1220 3313 1381 3390 stupenda
1407 3313 1530 3376 accidit
1561 3313 1749 3391 Ulysbones.

108 3408 200 3485 gniis
219 3409 378 3470 certiores
399 3410 520 3482 effecti,
537 3411 571 3472 et
582 3413 711 3488 experti
724 3411 905 3488 aliquando
959 3413 1045 3473 Nam
1055 3411 1088 3473 31
1101 3409 1166 3472 viri
1182 3411 1214 3472 et
1228 3410 1372 3472 ioeminae
1387 3413 1482 3472 extra
1498 3411 1612 3473 domos
1628 3413 1662 3472 in
1678 3412 1753 3489 pla-

107 3522 170 3582 per
182 3507 334 3584 nosipsos
348 3508 558 3568 sanctitatem
568 3509 656 3580 vitae,
672 3511 705 3570 et
723 3508 906 3570 admirabi·
959 3509 1023 3572 teis
1038 3508 1227 3580 cantabant,
1242 3509 1275 3570 31
1288 3507 1526 3584 tripudiabant,
1538 3512 1572 3570 et
1585 3524 1756 3585 carnpanae

109 3603 177 3664 lem
211 3604 498 3666 conversationem
531 3605 665 3680 ipsius3
696 3606 809 3682 utpote
848 3606 905 3682 qui
960 3621 1074 3668 omnes
1095 3605 1199 3668 totius
1220 3604 1378 3677 civitatis,
1395 3604 1487 3666 nullo
1509 3620 1567 3666 eas
1586 3607 1751 3678 movente,

107 3696 198 3772 apud
212 3712 273 3758 nos
287 3696 350 3759 luit
364 3697 562 3775 aliquandiu
585 3699 799 3762 laudabiliter
820 3714 903 3760 con·
960 3701 1207 3778 concrepabant
1229 3703 1451 3777 agragianas
1475 3702 1630 3777 33131331
1642 3717 1677 3762 33
1693 3701 1757 3763 ho-

107 3795 262 3856 versatus
287 3811 294 3855 :
324 3795 450 3856 eisdem
484 3799 652 3874 episcopo,
675 3797 838 3874 potestate
865 3812 905 3858 ac
959 3800 1065 3860 31333
1082 3797 1249 3872 cohihere,
1266 3798 1345 3875 quin
1358 3813 1395 3858 se
1409 3798 1535 3859 13111133
1550 3800 1583 3859 31
1596 3798 1752 3874 111331113
1830 3803 1831 3810 ’

107 3906 296 3962 3333333,
314 3892 494 3969 predictis,
508 3910 568 3972 per
583 3895 750 3957 solemnes
765 3893 905 3955 nuncios
959 3895 1086 3958 darent.
1102 3897 1150 3957 Ea
1164 3895 1274 3956 autem
1293 3911 1330 3956 re
1350 3894 1387 3955 in
1407 3894 1544 3956 multam
1559 3895 1628 3955 11113
1642 3896 1754 3956 admi-

106 4003 200 4060 suos,
215 3989 248 4050 et
258 3988 398 4062 litteras,
415 3991 512 4054 nohis
525 4008 600 4054 cum
614 3993 776 4054 instantia
796 3991 904 4052 denuo
958 3993 1123 4056 rationem
1145 3990 1308 4060 adductis,
1324 4006 1390 4052 non
1415 3991 1471 4052 113
1496 3995 1569 4068 3331
1588 4007 1752 4068 superve-

109 4084 411 4162 supplicantibus:
441 4090 527 4166 quod
571 4089 723 4152 eumdem
767 4089 905 4151 1131133
958 4105 1038 4152 nere
1052 4104 1095 4151 ex
1110 4089 1206 4151 ltalia
1227 4087 1359 4157 1131133,
1383 4103 1523 4166 quorum
1538 4090 1647 4152 relatu
1661 4089 1750 4151 didi-

107 4184 302 4244 sanctorum
315 4185 467 4262 catalogo
479 4186 670 4267 adscribere
686 4202 902 4250 curaremus:
959 4189 1086 4260 cerunt,
1108 4186 1181 4264 ipso
1201 4185 1256 4246 die
1277 4186 1448 4248 inusitata
1462 4187 1589 4248 laetitias
1603 4203 1684 4259 suae,
1698 4187 1753 4250 vi-

108 4281 147 4341 31
174 4281 374 4344 auctoritate
392 4281 495 4360 (sicut
519 4283 689 4362 convenit)
715 4284 904 4363 apostolica
958 4301 1032 4348 rum
1053 4284 1185 4346 beatum
1201 4283 1237 4344 in
1253 4283 1451 4345 Sanctorum
1465 4283 1751 4362 alboinsoriptum

104 4375 230 4452 dignus
250 4371 359 4440 honor
372 4379 422 4439 illi
438 4380 653 4444 exhiberetur
666 4382 701 4444 in
720 4382 830 4453 terris,
847 4383 904 4460 qui
958 4382 1073 4444 tuisse.
1087 4383 1264 4443 innumera
1285 4381 1319 4443 et
1338 4396 1460 4457 magna
1477 4383 1556 4444 sunt
1570 4381 1750 4454 mirabilia,

103 4473 195 4535 sicut
207 4474 308 4536 claris
325 4476 442 4552 signis,
458 4480 492 4540 et
501 4479 710 4542 evidentibus
724 4493 905 4556 argumen-
958 4478 1655 4558 3311331333333313333131131311113313
1668 4479 1752 4540 3133

101 4571 151 4632 tis
163 4573 312 4648 apparet,
328 4573 514 4637 honoratur
527 4576 563 4636 in
576 4577 669 4638 coelis
686 4577 830 4653 :ipsum
847 4575 904 4653 qui
958 4577 1145 4654 frequentia
1161 4579 1196 4639 et
1218 4576 1378 4654 perpetua
1400 4574 1522 4652 ubique
1539 4575 1753 4639 331331131-

103 4668 327 4744 corporallter
360 4670 542 4734 dissolutus
572 4689 647 4735 cum
671 4673 804 4736 Christo
830 4689 904 4736 esse
958 4674 1084 4746 recula,
1098 4677 1134 4735 ut
1146 4674 1182 4734 in
1195 4688 1260 4735 uno
1275 4675 1434 4750 perpetuo
1445 4672 1574 4733 haerere
1588 4673 1751 4734 miraculo

104 4765 233 4829 meruit
247 4765 282 4828 in
292 4767 495 4836 coelestibus,
509 4785 551 4830 ne
562 4768 654 4832 illius
667 4770 799 4843 honori,
811 4771 905 4833 etde·
958 4771 1121 4844 videatur,
1137 4769 1390 4846 mirabiliusque
1413 4769 1448 4828 in
1471 4768 1529 4828 illo
1550 4767 1636 4832 toret
1653 4785 1672 4829 a
1687 4769 1753 4830 313

103 4861 188 4934 bite,
205 4862 239 4925 31
260 4863 377 4940 gloriae
395 4864 572 4930 detrahere
592 4867 833 4945 quodammodo
852 4868 905 4928 vi·
958 4869 1082 4930 raculis
1097 4882 1242 4939 cessare,
1256 4882 1355 4944 quam
1372 4865 1516 4942 operari.
1529 4865 1641 4927 Rebus
1656 4866 1753 4928 miri-

104 4958 274 5032 deremur,
287 4960 316 5021 si
332 4961 554 5037 glorificatum
569 4979 589 5025 a
609 4965 752 5026 Domino
766 4965 905 5042 331311-
958 4965 1020 5027 tice
1032 4965 1135 5042 gestis
1152 4964 1236 5026 adeo
1256 4963 1450 5025 nobilitatus
1463 4963 1523 5035 est,
1537 4965 1571 5024 ut
1585 4963 1753 5026 interdum

103 5057 254 5118 teramus
266 5057 406 5122 ulterius
416 5060 562 5122 humana
573 5062 749 5125 devotione
758 5061 902 5138 privari:
959 5079 1026 5126 non
1048 5063 1089 5124 ad
1105 5062 1349 5133 necessitatem,
1373 5060 1430 5122 sed
1452 5059 1494 5121 ad
1511 5061 1753 5137 jucunditatem

106 5152 150 5212 de
166 5151 307 5217 fratrum
321 5159 511 5219 nostrorum
527 5159 680 5234 oonsilio,
699 5159 905 5236 3131331313-
959 5159 1011 5241 (ut
1024 5160 1065 5222 de
1087 5159 1195 5222 sancti
1217 5158 1284 5220 riri
1308 5158 1402 5235 patre
1427 5159 1463 5218 B.
1480 5158 1659 5220 Francisco
1672 5160 1752 5236 qui-

104 5264 184 5312 rum
200 5250 346 5312 omnium
359 5253 438 5314 tunc
448 5255 535 5330 apud
548 5256 666 5318 Sedem
680 5256 904 5333 apostolicam
958 5258 1034 5319 darn
1054 5254 1153 5336 dixit)
1175 5271 1323 5333 praesens
1338 5255 1397 5316 Dei
1422 5255 1587 5316 auxilium
1607 5256 1637 5316 ei
1654 5255 1751 5318 obla-

105 5345 335 5424 enistentium,
361 5351 512 5427 catalogo
536 5354 726 5416 sanctorum
748 5353 904 5416 duximus
958 5356 1027 5417 tum
1052 5354 1232 5416 videretur.
1262 5352 1363 5414 Plura
1391 5355 1512 5429 praeter
1540 5354 1646 5415 relata
1675 5357 1753 5414 sunt

106 5441 904 5526 adscribendumcumigitursecundumevange
938 5451 1169 5518 admirabilia
1192 5451 1258 5512 viri
1281 5465 1394 5526 opera,
1417 5465 1490 5526 quae
1512 5451 1628 5511 ultima
1644 5451 1752 5526 cupite

145 5569 188 5644 tl)
207 5575 308 5645 1333,
325 5591 354 5644 ιι,
369 5577 412 5635 10.
994 5579 1246 5653 ι3)3ιιιι.,ι,ι3

101 5665 104 5669 ·
146 5645 189 5716 (1)
202 5645 371 5716 ltarc.,rvr,
387 5649 433 5706 20.

156 5803 159 5810 ‹
255 5783 368 5826 131331.
389 5787 463 5829 roua
485 5775 530 5831 l'l.
593 5822 596 5830 .
1106 5809 1109 5816 -
1558 5777 1592 5829 rs
