4204 6402
142 379 204 450 773
521 379 628 446 Palis
658 379 801 445 PRIMA·
818 407 859 424 ·-
879 379 1095 442 expostulo
1125 379 1169 440 IN
1197 379 1399 444 PSALMOS.
1485 423 1489 446 t

133 535 251 608 etesia,
267 551 327 613 per
339 535 425 616 quod
441 535 541 600 etiam
561 536 668 614 magis
689 537 871 600 invitamur
886 538 927 602 ad
982 552 1083 613 quam
1096 537 1249 602 raritatis
1264 537 1477 600 emissionem
1492 539 1607 600 contra
1627 535 1778 613 triplices

133 633 319 710 gratiarum
337 634 498 706 actiones,
516 650 591 696 cum
605 634 789 706 dicitur'ad
809 635 927 698 Eccle-
985 635 1157 708 tenebras,
1178 635 1302 712 ,quibua
1329 633 1513 710 affligimur
1539 635 1575 702 ia
1602 634 1665 698 hac
1694 635 1776 708 vita3

133 731 222 795 siam
238 749 246 792 s
261 747 280 792 e
295 729 514 795 coronaberis
536 731 576 794 de
597 732 709 808 capite
727 735 865 802 Amana,
888 733 929 802 de
984 731 1262 802 contratanebras
1274 729 1778 806 videlicetculpse,ignorantiae,

134 828 261 891 vertice
276 828 385 900 sanir,
403 829 436 890 et
448 830 607 903 Hermam
622 829 663 898 de
679 829 844 898 cubilibus
859 829 930 894 iec-
983 829 1019 887 et
1037 827 1260 903 depressionis
1274 827 1426 890 carnalis
1452 827 1715 890 inhabitationis.
1732 830 1779 890 De

136 941 227 998 num,
256 924 488 988 dementibus
512 925 690 1001 pardorum
718 925 777 1004 (l).
802 929 928 995 amana
983 923 1133 992 tenebris
1144 923 1252 1000 culpae
1266 924 1389 989 dicitur
1401 925 1436 986 in
1452 925 1596 988 Psalmis
1610 923 1777 1004 (138,11)=

134 1021 566 1098 interpretaturinquietus,
577 1022 630 1087 rel
642 1022 864 1094 turbulentus,
877 1023 929 1089 rel
984 1021 1093 1085 «Dixi
1110 1021 1272 1094 :tersitae
1283 1021 1430 1084 temere
1442 1022 1722 1087 conculcaverunt
1730 1020 1778 1100 (2)

134 1117 220 1182 dens
241 1117 594 1193 unitarumaomoo
616 1118 739 1188 dicitur
764 1119 928 1198 peccator,
984 1132 1048 1190 me,
1076 1119 1113 1184 et
1141 1133 1210 1183 nox
1235 1117 1437 1180 illuminatio
1469 1133 1543 1180 mea
1572 1119 1608 1181 in
1647 1118 1779 1190 deliciis

135 1215 374 1292 perinquietus
389 1214 511 1276 dicitnr
525 1215 660 1292 propter
673 1215 793 1280 mentis
804 1216 931 1294 iuquie-
984 1213 1077 1274 meis.
1087 1231 1109 1273 s
1124 1216 1170 1276 lle
1181 1214 1330 1284 tenebris
1346 1215 1544 1291 ignorantiae
1555 1215 1635 1282 dicit
1646 1215 1752 1294 (81‚5)
1770 1238 1778 1276 ε

138 1313 296 1384 tudinem,
311 1311 521 1376 turbulentus
536 1329 596 1388 per
608 1313 844 1376 sollicitudinis
858 1317 931 1382 tur·
983 1327 1002 1372 a
1017 1311 1228 1384 Nescierunt‚
1245 1327 1351 1390 neque
1365 1312 1614 1382 intellexerunt,
1631 1313 1666 1374 in
1680 1315 1778 1379 tene·-

135 1407 334 1480 bulentiam,
355 1409 437 1473 dens
458 1409 649 1484 vigiliarum
668 1426 727 1487 per
748 1410 930 1474 detractio-
983 1407 1055 1480 bris
1073 1408 1253 1471 ambulant.
1275 1426 1294 1469 b
1320 1412 1366 1470 Da
1394 1410 1501 1472 tertiis
1528 1409 1676 1478 tenebris
1699 1411 1781 1475 dicit

136 1522 224 1577 nem,
238 1521 305 1582 qna
323 1505 445 1581 uigilet
467 1506 509 1571 ad
529 1507 755 1571 medendum
778 1511 857 1576 iiaec
873 1509 931 1572 ⁴est
983 1505 1046 1567 lob
1061 1503 1124 1584 (17,
1149 1504 1201 1584 13)
1219 1529 1227 1566 :
1250 1509 1321 1568 «ln
1337 1507 1483 1570 tenebris
1499 1508 1604 1570 stravi
1619 1507 1778 1575 lectulum

136 1603 209 1668 auis
222 1604 396 1674 nocturna,
408 1619 482 1682 pure
495 1605 843 1682 proptertemporalia,
856 1621 929 1684 aaa
984 1617 1105 1676 meum.
1121 1619 1141 1662 s
1156 1604 1311 1666 Lectulus
1332 1605 1396 1669 iste
1411 1605 1558 1668 carnalis
1581 1605 1779 1674 inhabitatio

135 1700 180 1762 ad
193 1703 331 1770 mortem
349 1701 525 1776 pertineat,
540 1704 737 1767 excaecatur.
752 1703 814 1768 Sed
831 1705 930 1766 sanir
985 1700 1045 1772 est,
1068 1715 1142 1775 quae
1162 1700 1329 1778 deprimit,
1352 1705 1385 1764 et
1405 1702 1578 1764 obnubilat
1597 1703 1778 1779 rationemr

137 1797 244 1860 lactus
268 1798 319 1864 eat
337 1801 507 1870 Hermon,
530 1799 617 1860 idest
636 1800 929 1864 anathematizatio
986 1795 1072 1858 unde
1101 1797 1281 1873 Sapientiae
1306 1797 1349 1876 (9,
1383 1797 1434 1875 15)
1464 1801 1667 1876 recorpus,
1693 1801 1780 1888 quod

137 1895 218 1958 mali
232 1911 292 1971 per
306 1895 485 1961 adventum
499 1896 629 1970 gratiae,
646 1896 775 1961 Cubilia
793 1898 929 1961 leonum
984 1892 1217 1968 00lrumpitur.
1235 1895 1396 1970 aggravat
1410 1895 1577 1968 animam3
1593 1897 1709 1959 »Ecce
1721 1896 1782 1958 de-

136 1993 215 2060 sunt
229 1993 356 2056 mentes
369 1995 593 2072 peccatorum,
606 1994 663 2070 qui
678 1994 792 2058 leones
806 1994 928 2062 dicun·
984 1988 1113 2063 pressio
1137 1990 1282 2052 carnalis
1313 1989 1595 2054 cohabitationis:
1614 1993 1688 2064 «Et
1710 1995 1781 2053 ter-

1717 379 1778 438 774
1871 421 1873 424 -

1 2084 3 2094 '
136 2089 192 2150 tur
210 2092 342 2166 propter
357 2089 534 2163 feritatem,
550 2092 582 2152 et
607 2091 847 2158 crudelitatem.
865 2095 930 2155 Per

136 2188 264 2250 montes
276 2187 454 2262 pardorum
469 2187 702 2262 munificantur
713 2189 859 2264 superbi,
872 2189 928 2266 qui

135 2284 222 2347 varii
237 2285 315 2346 suut
327 2285 414 2346 sicut
429 2285 535 2360 pardi,
551 2286 629 2360 quia
645 2286 680 2346 in
694 2287 810 2354 sartis,
825 2288 858 2348 et
872 2286 928 2346 di·-

135 2381 241 2442 rersis
263 2381 487 2458 voluptatibus
507 2384 661 2459 quarunt
679 2383 766 2448 unde
780 2383 930 2458 glorien-

133 2479 200 2546 tur.
215 2481 292 2541 ilaec
307 2478 431 2544 cubilia
446 2480 590 2552 lacuum,
607 2481 639 2544 el
657 2483 787 2544 montes
802 2480 927 2556 pardo-

1 2589 2 2593 ’
134 2575 754 2644 rumimrnutatllcmlnusinmcutem
769 2580 926 2649 Hermon,

133 2685 210 2736 cum
233 2673 404 2748 peccatum
427 2673 554 2736 homiui
573 2674 736 2750 displicet,
760 2675 794 2738 et
815 2675 927 2739 omnia

134 2769 317 2846 praesentia
339 2770 541 2848 detestatum
558 2771 592 2832 et
611 2771 660 2834 sic
676 2771 820 2836 efficitur
833 2787 928 2838 mons

0 2895 1 2900 ¹
134 2867 295 2939 modicus,
310 2882 404 2930 mons
425 2880 484 2944 per
508 2868 740 2931 excellentiam
755 2869 925 2941 uirtutum,

1 2971 3 2976 ’
133 2963 503 3045 etboocrnmcperum,
520 2966 929 3042 modicusperhumilita-

2 3079 8 3092 ·
133 3063 211 3124 tens.
226 3063 295 3124 Hoc
310 3060 390 3124 laeli
404 3063 534 3138 Moyses
545 3077 623 3127 aare
636 3064 824 3140 aquaticum
839 3064 928 3127 unde

132 3158 287 3223 terentiae
307 3157 372 3236 (13,
387 3157 442 3236 28)
459 3160 521 3244 :si
540 3161 650 3236 potest
673 3159 829 3236 AEtbicps
852 3177 929 3224 mn-

132 3256 264 3317 mutare
285 3254 405 3330 pellem
421 3257 576 3323 suamet
592 3256 715 3332 pardus
734 3258 924 3322 uarietates.

1 3367 11 3406 e
132 3353 217 3412 Ecce
230 3351 385 3426 AEtbicps
408 3353 549 3418 muhvit
563 3359 695 3426 ‘oedem
716 3369 833 3424 mam,
847 3355 925 3430 quia

3 3465 11 3504 2·
132 3461 233 3514 seros
248 3449 559 3524 Moyscstciattullt
570 3464 689 3526 aquas,
700 3450 787 3526 quod
797 3451 928 3516 AEthlc·

4 3559 10 3602 :
133 3545 269 3621 pissam,
285 3544 372 3611 idest
385 3545 567 3612 Ecclesiam
580 3547 620 3609 de
634 3547 790 3621 gentibus
804 3548 924 3614 candi-

7 3658 12 3698 ι
131 3641 236 3708 davit.
250 3642 289 3704 nt
303 3657 364 3704 nos
379 3655 494 3707 sumus
506 3642 715 3724 magisnigri
736 3644 923 3720 AEthlopes,

5 3759 13 3798 s
132 3739 218 3815 qnod
234 3738 269 3800 in
292 3741 341 3803 tol
365 3739 521 3810 lavacris,
546 3739 703 3814 baptismi
730 3740 869 3811 scillcet,
892 3742 926 3802 et

6 3855 13 3896 r
130 3835 293 3900 doctrinae
304 3835 452 3898 dealbari
466 3851 532 3902 oon
546 3837 815 3911 possumns3imc
828 3837 923 3912 quast

132 3932 229 4008 pardi
240 3931 438 3996 varietatem
453 3932 646 3998 retinemus.
664 3933 727 3994 Sed
748 3933 926 3994 timeamus

8 4053 13 4093 1·
132 4029 213 4094 illud
228 4028 743 4108 teremiae(12,a)=«1tumqutd
763 4030 835 4093 aris
855 4029 925 4090 dis-

9 4149 12 4190 ι
130 4126 223 4188 color
245 4126 423 4192 hareditas
449 4141 526 4189 mea·
546 4127 649 4192 mihil
668 4126 828 4204 numquid
850 4127 924 4188 avis

10 4259 13 4270 ·
131 4222 234 4286 tincta
247 4224 439 4299 pertotuml
451 4225 535 4286 Ecce
554 4224 714 4286 Dominus
726 4227 823 4288 lesus
838 4223 927 4287 liuc-

11 4377 12 4380 ,
129 4321 184 4382 tor
197 4319 430 4396 optimus,‚qui
452 4319 537 4383 ludit
550 4321 746 4396 sanguinem
766 4335 876 4394 suum,
888 4322 925 4382 ut

12 4455 13 4462 .
129 4414 295 4488 sauguine
319 4429 381 4482 suo
404 4415 585 4482 Ecclesiam
601 4416 757 4493 angeret,
774 4417 821 4478 ita
836 4417 922 4494 quod
958 4414 961 4422 '

130 4512 167 4571 in
182 4524 222 4572 ea
241 4510 330 4574 esset
344 4509 520 4574 amtermis
539 4511 697 4586 tinctura,
709 4515 744 4576 et
758 4529 825 4576 non
844 4531 924 4590 par·

127 4607 248 4670 dorum
263 4606 420 4668 varietas.

372 4751 520 4841 esame·
535 4770 677 4844 tuum.

130 4900 172 4955 be
197 4896 299 4972 triplici
331 4896 410 4957 luce·
427 4902 525 4954 contra
555 4863 682 4972 omboes
710 4897 851 4970 mephres.
865 4917 869 4926 ·
882 4901 923 4958 lie

166 4975 271 5050 triplici
291 4976 421 5045 veritate,
438 4975 518 5044 vite,
539 4970 686 5044 doarium,
707 4983 737 5034 et
760 4975 886 5048 iustitia.

127 5093 257 5154 Emitte
272 5096 381 5154 lacem
400 5091 513 5164 taam,
533 5091 568 5155 et
592 5092 779 5157 mercam
798 5094 897 5157 taam
910 5110 922 5152 .·

169 5181 245 5256 ipsc
262 5194 318 5240 mc
338 5180 570 5250 abacorum,
586 5179 620 5240 et
642 5181 866 5243 adducerent
885 5185 923 5244 tc

167 5268 320 5332 montem
337 5267 495 5338 coactum
511 5267 620 5338 trram,
642 5268 677 5330 et
695 5271 732 5330 ia
756 5268 917 5332 taberna·

168 5361 245 5433 cula
267 5355 337 5420 tua.
354 5351 457 5438 (Psal.
471 5356 521 5426 42,
535 5351 582 5434 3.)

168 5480 205 5538 In
229 5477 292 5538 hoc
320 5491 419 5538 versu
447 5478 529 5554 petit
555 5478 703 5542 Ecclesia
729 5481 797 5555 tam
822 5480 918 5554 lucis,

164 5679 204 5746 (l)
220 5678 340 5746 cantic,
355 5677 382 5748 l,
395 5681 422 5737 8.
730 5719 734 5725 -
751 5745 755 5754 ,
957 5731 961 5741 .

983 2100 1064 2148 rena
1080 2085 1279 2150 inhabitatio
1290 2087 1447 2164 deprimit
1458 2104 1591 2150 sensum
1606 2089 1708 2152 multa
1721 2105 1781 2152 co-

983 2183 1154 2260 gitantem.
1166 2186 1229 2244 »ln
1241 2185 1291 2246 eis
1307 2185 1480 2262 siquidem,
1491 2187 1547 2262 qui
1563 2203 1629 2246 non
1644 2187 1780 2264 sapiunt

983 2278 1049 2342 nisi
1063 2281 1207 2352 terrena,
1224 2297 1285 2342 nec
1300 2284 1469 2358 appetunt,
1487 2284 1520 2344 et
1532 2285 1565 2344 in
1586 2283 1704 2361 quibus
1720 2300 1779 2345 re-

982 2377 1062 2450 gnat
1077 2378 1259 2452 peccatum,
1274 2376 1404 2438 deliciae
1417 2379 1609 2454 spirituales
1625 2381 1780 2457 oportun·

982 2472 1048 2542 tur,
1065 2475 1100 2534 et
1113 2473 1233 2536 mentis
1247 2475 1337 2534 acies
1352 2474 1576 2538 obnubilatur.
1594 2478 1673 2540 Hac
1688 2478 1777 2538 enim

982 2567 1181 2633 inhabitatio
1197 2569 1364 2648 deprimit,
1377 2572 1466 2634 idest
1478 2574 1633 2636 deorsum
1657 2575 1779 2652 premit

983 2665 1174 2744 spirituales
1195 2669 1432 2746 cogitationem
1448 2671 1482 2732 et
1499 2671 1547 2735 ita
1571 2671 1607 2733 llt
1627 2673 1779 2748 quaedam

982 2763 1130 2838 caecitas,
1158 2765 1194 2826 st
1217 2765 1364 2830 tenebrae
1387 2767 1421 2828 in
1446 2767 1664 2833 interioribus
1686 2769 1778 2838 circa

982 2859 1183 2936 spiritualia.
1197 2864 1236 2924 Et
1249 2863 1312 2924 hoc
1327 2863 1550 2940 significatum
1566 2868 1617 2928 eat
1633 2867 1668 2928 in
1688 2883 1778 2931 caeco

982 2956 1203 3021 illuminatoa
1218 2961 1370 3033 Domino,
1387 2962 1443 3038 qui
1458 2963 1551 3038 prius
1565 2963 1648 3026 uidit
1662 2963 1776 3026 homi-

981 3069 1061 3126 nes,
1100 3057 1196 3134 quasi
1241 3057 1379 3122 arbores
1417 3059 1624 3121 ambulantes
1657 3059 1777 3139 (Marc.

980 3153 1011 3226 8,
1024 3151 1090 3230 24).
1105 3155 1184 3216 Haec
1199 3155 1332 3216 caecitm
1344 3171 1413 3218 uon
1432 3158 1544 3220 statim
1563 3158 1703 3233 tollitur,
1718 3159 1777 3220 sed
1832 3169 1839 3182 ·

981 3250 1099 3324 operit,
1116 3252 1153 3311 nt
1167 3265 1241 3312 cnm
1254 3253 1401 3328 maximo
1417 3253 1543 3330 labore,
1558 3257 1594 3316 ut
1608 3272 1683 3318 oum
1703 3273 1777 3318 ma·

980 3346 1172 3420 gnacarnis
1188 3350 1415 3412 maceratione
1435 3352 1557 3428 prioris
1575 3352 1658 3414 lucis
1673 3353 1778 3418 bane-

980 3441 1091 3522 ficium
1121 3447 1348 3524 recuperetur.
1381 3449 1502 3510 Contra
1531 3449 1605 3510 has·
1626 3451 1778 3528 triplices

979 3539 1137 3603 tenebras
1157 3541 1280 3610 emittit
1299 3545 1387 3606 Deus
1412 3546 1580 3622 triplicem
1605 3547 1713 3610 lucem
1737 3549 1774 3610 in

980 3636 1178 3712 Nativitate3
1188 3639 1344 3714 qnoniam
1355 3640 1777 3720 habitantibusiuregicne

980 3731 1104 3794 umbrae
1117 3735 1234 3796 mortis
1251 3734 1311 3795 lux
1326 3738 1399 3798 orta
1415 3739 1465 3798 est
1479 3738 1528 3800 eis
1542 3737 1665 3817 (Isaiae,
1679 3743 1710 3813 9,
1725 3740 1772 3820 2),

980 3844 1039 3904 per
1052 3828 1251 3892 beneficium
1266 3831 1396 3894 scilicet
1410 3835 1665 3898 lucarnaticnis.
1682 3840 1773 3902 Gon-

978 3927 1029 3988 tra
1044 3926 1199 3988 tenebras
1210 3927 1542 4004 ignorantiaeemitlit
1552 3933 1652 3994 etiam
1666 3935 1773 3998 lucem

979 4021 1147 4098 amentiam
1178 4024 1335 4101 qnoniam
1361 4027 1503 4104 populus
1527 4031 1687 4104 gentium,
1715 4036 1774 4110 qui

978 4119 1170 4185 ambulabat
1185 4121 1219 4182 in
1235 4122 1394 4198 tenebris,
1411 4125 1539 4190 scilicet
1560 4128 1772 4206 ignorantiae,

978 4217 1062 4280 vidit
1080 4217 1187 4280 lucem
1210 4235 1375 4296 magnam.
1399 4223 1582 4288 Nunciauit
1613 4227 1714 4304 etiam
1739 4233 1773 4292 et

977 4313 1144 4390 tenebras,
1159 4331 1242 4391 quas
1254 4318 1400 4393 patimur
1411 4334 1455 4382 ex
1466 4319 1681 4396 depressione
1696 4341 1773 4386 car-

978 4411 1066 4475 natis
1083 4411 1311 4480 habitationis,
1327 4415 1461 4492 qnando
1485 4418 1614 4482 scilicet
1627 4421 1688 4480 lux
1705 4423 1774 4482 cir-

978 4509 1146 4572 cumlulsit
1161 4510 1309 4586 pastores
1325 4511 1476 4590 illosque
1491 4512 1576 4576 bene
1590 4519 1693 4590 agunt
1712 4537 1773 4580 cu·

977 4620 1049 4668 ram
1067 4605 1190 4681 carnis,
1206 4606 1364 4670 bestiales
1385 4611 1494 4670 motus
1517 4611 1644 4689 scilicet
1662 4616 1772 4692 repri-

978 4699 1108 4774 mendo,
1132 4703 1171 4766 et¹
1188 4701 1294 4766 bonos
1312 4704 1496 4782 dirigendo.
1514 4707 1600 4780 istis,
1620 4708 1771 4788 iuquam,

872 4823 874 4828 ·
926 4768 930 4780 ¹
978 4797 1232 4876 praebetlucem.

1016 4894 1133 4958 Emisit
1147 4896 1311 4974 siquidem
1327 4898 1423 4960 nobis
1440 4902 1527 4962 Deus
1540 4901 1647 4964 lucem
1662 4906 1779 4979 tribus¹

976 4991 1116 5064 vicibus,
1133 4993 1262 5056 scilicet
1275 4994 1310 5056 in
1327 4995 1521 5070 Nativitate,
1539 4999 1574 5060 in
1595 5003 1769 5079 Passione,

976 5091 1011 5154 et
1024 5090 1168 5168 Spiritus
1183 5091 1296 5153 Sancti
1311 5092 1486 5170 missione;
1503 5097 1536 5158 et
1551 5097 1768 5172 hancccntra

975 5185 1124 5262 triplices
1142 5186 1298 5250 tenebras
1317 5189 1506 5268 praedictas.
1530 5195 1566 5254 iu
1586 5196 1769 5264 Nativitate

974 5284 1092 5348 contra
1105 5283 1262 5364 tenebras
1275 5283 1381 5362 culpae
1397 5288 1508 5350 emisit
1525 5290 1633 5354 lucem
1648 5296 1765 5372 stellae,

975 5379 1015 5446 de
1034 5381 1131 5449 necte
1151 5381 1280 5444 scilicet
1299 5381 1406 5460 culpa
1421 5385 1458 5448 ut
1475 5383 1656 5470 adduceret
1672 5410 1768 5471 reges

974 5478 1146 5541 venientes
1161 5477 1201 5538 de
1213 5478 1361 5560 Tharais,
1379 5482 1411 5542 et
1426 5484 1550 5560 Insula,
1565 5489 1598 5548 et
1612 5489 1653 5550 de
1667 5492 1763 5563 Saba,

1009 5679 1051 5750 (Ξ)
1063 5679 1145 5751 Vulg.
1158 5639 1390 5742 :conculcabunt
