4226 6406
835 507 907 606 ab
950 509 1140 606 OPERA

388 803 690 936 SANGTI
763 779 1122 934 ΑΝΤΟΝΙΙ
1195 793 1581 929 PADUANI

758 1127 956 1190 eneruis
987 1081 1227 1186 'minonem

607 1376 1375 1562 PROLEGOMENA

919 1816 1059 1834 unu—-

510 2129 574 2217 IN
616 2117 798 2217 Vlietl
839 2123 878 2213 S.
916 2118 1158 2223 ANTONII
1205 2109 1470 2210 PADUANI.

211 2441 328 2504 Plures
341 2441 418 2502 sunt
432 2439 489 2517 qui
503 2441 541 2501 D.
553 2437 689 2501 Antonii
703 2437 805 2499 vitam
825 2448 964 2498 namara
1019 2435 1146 2498 niensis
1166 2437 1353 2502 Provinciae
1378 2436 1459 2500 olim
1487 2432 1645 2507 Ministri,
1673 2433 1815 2510 insignis

170 2535 616 2613 conatisnnt.1nterquos,
641 2534 776 2612 quidam
803 2543 869 2594 non
897 2535 964 2594 tam
1019 2535 1166 2614 ejusdem
1192 2535 1406 2597 Bibliothecae
1431 2533 1678 2595 instauratoris.
1702 2531 1814 2592 codex

171 2633 258 2696 iacta
270 2649 366 2712 quam
379 2633 496 2695 laudes
504 2630 681 2694 sanctiviri
694 2630 890 2702 retulerunt,
899 2643 965 2690 non
1019 2631 1251 2694 membraneus
1274 2634 1325 2694 est
1345 2631 1501 2693 soliorum
1523 2633 1561 2692 41
1582 2631 1617 2690 in
1634 2631 1762 2707 quanto,
1781 2629 1816 2689 ut

170 2731 238 2795 tam
254 2732 427 2794 historiam
447 2743 646 2807 componere
665 2729 853 2804 satagentes
867 2743 964 2804 qnam
1019 2729 1124 2800 aiunt,
1152 2735 1265 2808 parvo.
1307 2729 1487 2791 Character
1511 2727 1636 2789 nitidus
1662 2750 1669 2789 :
1694 2725 1838 2791 litteru.

172 2829 409 2891 miraculorum
420 2828 540 2888 seriem
555 2825 742 2888 efformare.
761 2825 880 2902 Sisque
891 2822 966 2886 titu·
1020 2827 1179 2904 capitales
1196 2841 1289 2900 auro,
1303 2827 1474 2903 variisque
1485 2823 1651 2887 coloribus
1663 2823 1816 2902 pulcher·

171 2928 241 2988 lum
254 2926 412 3003 imposuit
422 2938 482 2985 suo
495 2921 694 2995 libro,verbi
705 2923 824 2999 gratia,
836 2919 964 2983 Abreu:
1020 2925 1105 2986 rime
1121 2923 1259 2986 ornatae.
1277 2925 1368 2985 Intra
1386 2923 1531 2986 litteram
1547 2922 1583 2994 D,
1597 2933 1670 3000 quae
1687 2909 1817 2981 initium

173 3015 232 3086 Sol
253 3025 373 3086 oricus
394 3025 433 3084 tu
453 3017 636 3093 occidente,
657 3034 717 3081 seu
740 3021 773 3081 S.
789 3019 964 3090 Antonius,
1021 3019 1307 3096 esiPraeiationis,
1321 3021 1450 3098 depicta
1470 3021 1674 3096 conspicitur
1689 3017 1817 3094 efligies

170 3121 338 3181 luminare
353 3123 459 3196 majus
475 3117 561 3179 inter
575 3117 665 3179 astra
681 3103 794 3177 mundi
810 3117 968 3178 Francis·
1023 3120 1135 3180 Sancti
1150 3120 1239 3180 inter
1249 3119 1465 3180 densissimos
1478 3117 1574 3178 nucis
1585 3131 1707 3188 ramos,
1724 3120 1819 3190 ingri-

174 3217 260 3279 cani.
279 3217 345 3288 Sic,
364 3217 510 3276 Bonucci
530 3219 671 3277 :Heres
691 3216 965 3290 Portunamnetu,
1021 3216 1098 3278 rioli
1114 3216 1221 3278 instar
1231 3217 1419 3292 colligatos,
1435 3213 1593 3286 sedentis,
1610 3229 1649 3275 ac
1665 3213 1819 3274 scriben-

175 3315 208 3376 S.
229 3313 393 3375 Antonius
415 3311 614 3386 paduanum
635 3311 753 3372 Caccia
775 3311 966 3384 :lituique-
1021 3315 1065 3376 tis
1081 3331 1087 3374 :
1106 3313 1146 3375 ab
1161 3317 1232 3392 ejus
1246 3313 1342 3385 laeva,
1359 3313 1450 3374 scala
1475 3327 1494 3373 a
1517 3314 1607 3374 terra
1632 3311 1672 3373 ad
1688 3310 1819 3372 arboris

175 3423 302 3471 nonum
316 3413 534 3482 miraculum,
560 3411 622 3470 etc.
637 3423 645 3480 ;
662 3407 785 3468 Grandi
803 3428 811 3465 ε
827 3407 967 3467 Trtum-
1022 3427 1133 3472 ramos
1148 3412 1326 3490 pertingit;
1342 3427 1360 3472 a
1377 3405 1614 3478 dexteravero,
1626 3409 1819 3470 bumisedct

172 3510 262 3581 pitis
271 3505 469 3579 fidetinvita
479 3507 512 3566 S.
524 3505 660 3566 Antonii
670 3501 837 3578 Paduani;
854 3501 969 3563 Sobin·
1023 3511 1095 3585 ojus
1120 3509 1230 3569 socius
1255 3509 1390 3568 intentis
1410 3509 1445 3567 in
1466 3523 1541 3567 eum
1569 3507 1676 3567 oculis
1703 3507 1818 3582 suspi-

175 3603 248 3664 dler
275 3624 283 3662 ε
312 3601 522 3664 Mirocmum
550 3603 780 3676 Hispanicum
808 3601 847 3660 S.
871 3602 970 3661 Anto-
1024 3605 1126 3666 ciens.
1143 3605 1192 3666 Ex
1207 3606 1270 3666 isto
1286 3617 1384 3681 porro
1403 3603 1641 3666 commentario
1655 3603 1818 3680 Hippoly-

174 3699 266 3762 nium
282 3698 488 3770 Padnannm,
501 3701 534 3760 ot
548 3696 607 3759 alii
616 3699 730 3758 codem
745 3697 970 3758 modocollau-
1023 3701 1077 3764 tus
1097 3702 1138 3762 de
1161 3702 1265 3764 Ponte
1289 3703 1472 3764 Palatinus
1496 3701 1655 3762 Minorita
1674 3716 1820 3761 conven-

174 3799 301 3861 dantes.
319 3798 382 3858 Sed
395 3799 463 3858 tres
474 3797 558 3858 Vitae
573 3797 660 3867 sunt,
673 3795 713 3856 de
729 3794 847 3874 quibus
864 3804 969 3870 pauca
1023 3799 1179 3870 tualis,S.
1189 3797 1379 3874 Tbeologiae
1388 3799 1547 3874 magister
1558 3798 1700 3874 plurima
1712 3801 1820 3858 trans-

176 3894 401 3966 tibidlcenda,
415 3893 530 3955 lector.
1026 3892 1100 3957 tulit
1126 3895 1162 3955 in
1185 3897 1216 3956 S.
1235 3894 1372 3956 Antonii
1396 3895 1588 3966 Historiam,
1609 3911 1707 3971 quam
1727 3896 1819 3970 large

216 3993 328 4053 Prima
343 3992 430 4062 Vita,
446 4006 519 4067 quae
534 3988 619 4050 alias
639 4001 754 4050 omnes
772 3987 970 4064 antiquitate
1025 3998 1058 4056 et
1072 3979 1192 4054 diffuse
1216 3993 1332 4056 italico
1349 4004 1501 4054 sermono
1523 3994 1671 4054 omnium
1694 3993 1819 4072 primus

171 4090 324 4166 superat,
341 4101 380 4148 ea
400 4090 450 4150 est
468 4101 542 4164 qnae
558 4087 593 4148 in
610 4085 763 4162 Legenda
777 4085 878 4162 prisci
891 4085 970 4146 bre·
1025 4091 1211 4168 descripsit,
1249 4097 1388 4168 eamque
1417 4092 1622 4168 nuncupavit
1650 4091 1819 4152 liudovico

179 4185 278 4248 viarii
314 4185 616 4246 Franclscanorum'
651 4184 851 4246 continetur·
890 4185 969 4244 Eam
1024 4206 1043 4251 e
1072 4188 1248 4252 comitibus
1273 4189 1380 4251 sancti
1403 4187 1567 4250 Bonilacii
1591 4189 1820 4266 protonotario

177 4283 272 4344 nobis
297 4285 333 4344 P.
352 4283 530 4357 Azzoguidi
554 4282 700 4353 tradidit,
727 4297 745 4342 e
771 4281 840 4342 MS.
864 4282 970 4342 reteri
1025 4287 1219 4366 apostolico,
1237 4289 1271 4348 et
1292 4287 1454 4347 canonico
1468 4288 1641 4362 Patauino,
1665 4303 1761 4364 quem
1777 4303 1820 4348 ex

126 4415 136 4428 ·
175 4379 379 4456 excerptam.
414 4383 518 4452 Quam
550 4379 713 4454 integram
741 4379 851 4455 legere
878 4381 970 4456 potas
1025 4383 1107 4463 ipsis
1128 4383 1413 4446 mortisiaucibus
1432 4398 1547 4445 mense
1567 4387 1715 4462 Augusto
1740 4387 1820 4446 anni

176 4477 276 4538 inira.
991 4477 992 4482 ’
1026 4483 1224 4546 MDXXVIII
1240 4481 1328 4543 beati
1343 4482 1478 4543 Antonii
1501 4483 1642 4542 meritiis
1658 4484 1818 4559 ereptum,

217 4573 369 4636 Secunda
392 4585 431 4633 ea
450 4573 505 4632 ost·
520 4586 616 4648 quam
640 4572 735 4633 Sicco
756 4573 992 4659 polennonius
1025 4581 1194 4657 firmeque
1220 4577 1442 4640 incolumitati
1467 4577 1654 4640 restitutum
1683 4578 1764 4640 dicit
1785 4581 1820 4640 in

177 4669 360 4732 contenuit.
378 4667 969 4745 Hancetiammuastomninoiuno-
1026 4677 1165 4756 epistola
1195 4674 1446 4752 nuncupatoria.
1470 4673 1640 4751 mppolyn
1671 4675 1819 4738 antona

176 4771 244 4830 tam
259 4781 279 4830 a
294 4765 508 4835 doctioribus,
523 4767 559 4826 P·
576 4765 754 4840 Azzosuiti
769 4767 856 4843 turis
876 4782 972 4827 man·
1026 4775 1114 4836 edita
1129 4765 1191 4835 luit
1205 4772 1353 4834 venetus
1368 4771 1456 4848 typis
1474 4769 1678 4833 Guilielmia
1702 4772 1821 4835 nonta-

177 4863 578 4941 dfllibitasubjtlnssflsss=
1027 4875 1103 4933 neto
1130 4871 1171 4932 de
1196 4869 1444 4940 Monteferreto,
1472 4867 1526 4928 die
1555 4871 1598 4929 Vl
1625 4871 1705 4930 Maii
1731 4888 1820 4936 anno

217 4979 235 5022 c
256 4963 351 5022 Illam
374 4959 529 5022 Patribus
543 4958 741 5034 Waddingo,
758 4960 791 5020 et
804 4959 973 5036 Papehro-
1027 4969 1221 5038 MDXXXII,
1236 4963 1520 5041 utlegiturintlne
1531 4965 1641 5041 operis
1654 4967 1819 5046 impressi,

179 5060 255 5121 chio
287 5075 424 5137 prorsus
444 5058 591 5135 ignotam
609 5056 772 5133 exscripsi
792 5073 835 5117 ex
854 5057 973 5118 Codice
1027 5082 1067 5127 ao
1089 5065 1189 5126 otiam
1211 5063 1297 5140 apud
1319 5061 1544 5137 Waddingum
1568 5060 1632 5142 (1);
1656 5079 1722 5126 non
1741 5085 1821 5130 voro

178 5159 248 5218 MS.
270 5156 484 5218 Bibliothecae
508 5158 632 5216 nostrae
659 5157 692 5214 S.
707 5155 877 5215 Francisci
902 5157 972 5215 Ra·
1028 5163 1211 5233 MDL11,ut
1231 5158 1347 5221 scribit
1371 5160 1407 5219 P.
1429 5158 1676 5236 Papehrochius
1689 5162 1748 5242 (2),
1765 5169 1822 5242 qui

178 5268 308 5324 vennae,
332 5267 429 5329 quem
458 5266 541 5313 meae
565 5249 641 5312 ildei
668 5253 879 5313 commiserat
906 5268 973 5313 non
1028 5258 1056 5318 si
1067 5258 1159 5318 illam
1173 5270 1239 5316 non
1252 5253 1440 5330 abjecisset,
1454 5251 1604 5330 pluribus
1620 5256 1707 5329 aliis,
1718 5275 1822 5335 quma

179 5349 329 5425 vulgaris
355 5349 493 5410 comitas
509 5349 542 5410 et
557 5347 745 5424 benignitas
768 5352 804 5410 P.
822 5349 974 5424 Magistri
1029 5350 1820 5434 PolentoniiGommentarioHippolytusaccepit,

180 5447 319 5508 ioannis
343 5446 477 5506 Antonii
502 5446 691 5506 montanai-i
714 5448 835 5510 nostrae
860 5449 973 5508 Bono·
1029 5451 1200 5512 miraculis
1214 5451 1296 5511 Acta
1312 5449 1425 5510 Sancti
1442 5448 1722 5526 locupletasset.»

218 5603 258 5677 (1)
276 5603 317 5659 ld
334 5605 386 5659 An.
406 5602 484 5671 laea,
501 5617 529 5658 n.
542 5601 583 5660 10.
1065 5600 1104 5671 (il
1125 5599 1187 5656 Aet.
1202 5598 1263 5666 SS.,
1282 5598 1314 5655 13
1327 5597 1401 5669 iun,
1415 5597 1574 5657 commem.
1588 5613 1681 5669 prau,
1695 5614 1723 5655 u.
1739 5602 1766 5660 8.
1791 5554 1794 5569 1
