4152 6388
294 149 356 210 187
735 142 791 200 tl)
812 139 951 200 OPERA
972 139 1006 199 S.
1029 137 1250 198 Falxctsct
1271 137 1500 197 asstsla'sts
1888 137 1953 197 188

295 295 1091 376 citeroommendalam,abodiosapsslebrnclto-
1144 293 1189 358 Γπ
1210 296 1371 374 lacrmis
1382 297 1560 360 invocasti.
1580 299 1684 370 Pone,
1701 300 1760 372 ait,
1782 313 1952 360 mammas

295 421 370 468 rom
385 403 516 484 penitus
540 397 687 462 servavit
707 396 919 458 indemnem:
935 411 1011 456 cum
1032 395 1089 456 ta-
1143 396 1219 456 tuas
1233 395 1269 455 in
1281 411 1339 456 ore
1348 396 1651 473 puerili,quoniam
1661 397 1876 460 abundanter
1884 395 1951 456 tibi

296 519 372 566 man
386 503 421 564 in
436 500 578 562 circuitu
591 495 826 558 omuiaessent
839 493 998 570 praedicla
1010 507 1090 568 pes·
1144 492 1197 554 lac
1222 492 1383 554 Dominus
1408 492 1510 554 dabit
1541 494 1696 570 Implevit
1722 509 1808 556 anus
1835 495 1951 555 sancti

296 600 428 666 tilentia
441 595 610 658 devorata.
644 649 648 656 .
1145 589 1349 662 mandatnm,
1365 593 1400 652 ot
1411 591 1522 652 statim
1542 593 1767 667 octogenaria
1788 604 1951 652 mammas

335 695 540 774 Virquidam
553 691 717 754 Martinus
732 689 878 760 nomine,
900 705 976 750 cum
991 689 1090 764 longe
1144 687 1241 748 lactis
1275 689 1406 764 copiam
1445 688 1648 750 effuderunt.
1684 690 1835 752 innotuit
1869 703 1950 750 om-

294 811 315 858 a
342 793 452 858 castro
478 807 540 853 suo
565 791 668 852 boves
695 788 857 850 minasset
881 786 924 846 ad
952 800 1088 862 pascua,
1144 784 1243 846 nibus
1268 783 1422 846 mirabile
1443 787 1552 846 sancti
1578 787 1713 858 donum,
1732 787 1849 848 multis
1877 787 1951 847 tam

294 891 486 956 crusunius
500 888 594 950 bovis
609 885 848 964 casuquodam
870 883 920 945 sio
939 883 1091 944 ttritdos-
1144 883 1238 954 viris,
1261 899 1361 960 quam
1390 883 1602 955 mulieribus,
1614 884 1883 946 accelerantibus
1903 884 1950 944 ad
2045 883 2046 888 ’

294 989 409 1069 perata
429 987 649 1056 contractum,
673 985 710 1044 ut
733 983 821 1044 nibil
843 983 934 1044 asset
956 981 1022 1042 sibi
1049 979 1091 1042 de
1144 979 1334 1041 videndum.
1358 983 1397 1042 Et
1413 981 1591 1058 quiaqnod
1611 981 1821 1044 testabantur
1841 982 1949 1052 oculi,
2045 1009 2046 1016 κ

295 1086 443 1151 remedio
464 1085 577 1162 aliquo
608 1081 838 1158 cogitandum.
863 1082 947 1141 Dum
978 1079 1090 1140 autom
1145 1078 1259 1154 lingua
1276 1079 1473 1155 impugnare
1488 1093 1555 1140 non
1569 1081 1701 1156 poterat
1716 1101 1725 1140 z
1741 1079 1951 1141 excitaban-

295 1202 356 1265 pro
376 1181 604 1246 decertatione
625 1180 711 1242 leret
725 1178 901 1249 sollicitus,
915 1177 1090 1238 etinstru-
1144 1177 1200 1237 tur
1222 1191 1337 1238 omnes
1358 1176 1401 1236 ad
1422 1176 1624 1236 laudandum
1646 1177 1750 1238 Deum
1774 1178 1813 1238 in
1836 1177 1951 1238 sancti

296 1283 443 1346 mentum
466 1295 541 1342 oum
563 1294 628 1356 quo
647 1277 682 1338 id
703 1275 840 1346 tacerct,
857 1290 925 1336 non
938 1272 1088 1344 haberet,
1144 1274 1198 1336 sui
1208 1275 1331 1336 virtute
1341 1273 1500 1344 mirabili,
1512 1277 1546 1336 at
1558 1274 1696 1336 amabili
1707 1273 1844 1352 pietate.

296 1380 430 1442 domum
444 1391 599 1439 reversus
613 1377 650 1436 B.
668 1371 848 1436 Franolsoo
866 1371 961 1432 bovis
975 1385 1091 1432 curam
1185 1371 1279 1448 Apud
1295 1371 1466 1446 spoletum
1479 1372 1534 1433 vir
1553 1373 1588 1434 et
1611 1388 1709 1444 uxor,
1725 1374 1865 1434 unicum
1881 1371 1951 1432 ba·
2045 1409 2046 1458 3

295 1477 443 1556 reliquit,
470 1469 644 1552 ipsumque
671 1471 761 1532 fideli
796 1469 904 1532 sancti
931 1469 1092 1530 custodias
1144 1467 1262 1530 benles
1276 1469 1392 1541 lilium,
1411 1470 1559 1547 qnotidie
1579 1470 1675 1531 illum
1687 1469 1779 1532 velut
1792 1469 1950 1531 haeredi·
2045 1459 2046 1468 ’

296 1573 496 1638 fiducialiter
509 1569 765 1641 commendavit,
778 1584 821 1630 ne
834 1569 912 1629 ante
926 1583 1024 1628 suum
1036 1581 1093 1628 ro-
1145 1567 1269 1629 tarium
1288 1566 1503 1644 opprobrium
1532 1567 1766 1644 deplorabant;
1791 1567 1951 1629 brachiis

296 1673 400 1736 ditum
422 1670 673 1734 devoraretura
696 1667 795 1744 lupis.
821 1667 956 1727 Summo
978 1666 1092 1742 itaque
1146 1665 1311 1742 siquidem
1335 1665 1422 1726 collo
1442 1667 1615 1737 connexis,
1624 1666 1818 1744 junctisque
1842 1666 1950 1740 geni-

296 1786 394 1834 mane
406 1769 448 1830 ad
461 1768 579 1830 bovem
595 1767 631 1828 in
645 1765 740 1842 sylva
754 1763 920 1834 relictum,
936 1779 1012 1824 cum
1026 1777 1091 1824 ex·
1145 1762 1207 1824 bus
1229 1765 1367 1840 pectori,
1390 1765 1424 1824 at
1446 1762 1585 1840 pedibus
1611 1763 1751 1823 naribus
1780 1763 1948 1838 alligatis,

296 1869 462 1932 conlatore
490 1879 658 1936 reversus,
688 1862 878 1940 pascentem
904 1861 1014 1938 ipsum
1044 1861 1092 1922 ila
1146 1875 1213 1922 non
1228 1861 1374 1923 bominis
1395 1861 1520 1938 proles,
1540 1861 1598 1922 sed
1622 1861 1809 1922 monstrum
1833 1861 1949 1937 quod-

297 1961 681 2032 voinvonitincolumem,
692 1959 779 2038 quod
794 1974 1002 2036 naquaquam
1014 1973 1092 2020 crus
1145 1958 1222 2020 dam
1235 1960 1345 2036 potius
1359 1959 1545 2020 videbatur.
1555 1959 1809 2020 vehementiori
1823 1959 1951 2020 mulier

296 2063 438 2126 tractum
458 2059 499 2122 ab
522 2060 628 2122 altero
643 2056 864 2120 discernebat.
880 2056 1012 2119 Gratias
1025 2057 1093 2132 egit
1146 2073 1189 2120 ox
1218 2057 1282 2119 boc
1309 2057 1432 2120 alilicta
1467 2057 1582 2118 dolore
1609 2055 1737 2118 crebris
1762 2055 1949 2132 gemitibus

296 2159 384 2222 bono
399 2157 535 2236 pastori,
561 2156 619 2234 qui
642 2154 836 2230 diligentem
857 2153 900 2214 de
923 2153 1007 2216 bove
1031 2167 1092 2214 suo
1146 2155 1312 2217 clamabat
1329 2155 1371 2216 ad
1396 2155 1573 2226 christum,
1590 2157 1623 2216 S.
1648 2154 1821 2216 Francisoi
1844 2154 1950 2215 anni-

297 2272 412 2320 curam
426 2253 596 2325 habilitat
610 2251 773 2314 medelam
788 2251 935 2312 donavit.
948 2251 1093 2312 Succur-
1146 2255 1228 2315 lium
1251 2253 1449 2325 invocando,
1463 2255 1500 2315 nt
1525 2252 1653 2314 infelici
1673 2252 1749 2325 sibi,
1771 2255 1805 2314 et
1827 2253 1862 2312 in
1885 2253 1949 2314 tali

297 2369 373 2418 rere
396 2353 489 2414 novit
508 2349 644 2412 humilis
665 2350 801 2412 sanctus
816 2347 969 2409 omnibus
992 2348 1091 2408 invo—
1146 2351 1324 2429 opprobrio
1338 2351 1538 2418 constitutae,
1561 2365 1758 2412 succurrere
1779 2349 1946 2427 dignare—

297 2451 451 2516 cantibus
466 2449 587 2526 ipsum.
608 2463 671 2509 nec
691 2447 993 2536 quantumcumque
1008 2460 1090 2522 par·
1146 2451 1210 2512 tur.
1225 2450 1330 2511 Nocte
1345 2447 1448 2524 igitur
1461 2447 1615 2526 quadam,
1628 2463 1702 2510 oum
1718 2449 1855 2526 propter
1876 2448 1947 2509 bu-

296 2563 358 2614 vas
372 2547 588 2610 necessitates
603 2538 991 2619 bominumdedignatnr.
1006 2544 1091 2604 Nam
1142 2547 1288 2625 jusmodi
1301 2547 1482 2620 tristitiam,
1499 2547 1606 2610 tristis
1621 2561 1694 2607 eam
1710 2559 1846 2608 somnus
1860 2547 1950 2607 arri-

297 2647 371 2708 vtro
391 2643 522 2706 cuidam
542 2642 583 2715 ds
603 2641 786 2712 Amiterno.
803 2641 988 2717 jumentum
1014 2655 1090 2701 res·
1146 2647 1249 2722 peret,
1275 2645 1527 2722 apparuistis.
1547 2645 1758 2715 araneisons,
1780 2644 1844 2721 ptis
1865 2659 1943 2706 eam

298 2741 389 2806 tituit
418 2739 506 2802 invto
536 2737 714 2800 sublatum.
739 2736 872 2800 Mulieri
897 2736 1029 2800 cuidam
1051 2739 1091 2799 ds
1146 2742 1304 2804 affatibus
1320 2743 1479 2814 mulcens,
1490 2743 1628 2820 insuper
1639 2743 1673 2804 et
1684 2743 1840 2814 suadens,
1856 2742 1946 2819 qnod

299 2838 476 2904 lutarduoo
492 2837 639 2900 catinum
657 2851 779 2898 novum
794 2836 830 2896 in
845 2836 965 2898 mullas
981 2837 1092 2914 partes
1147 2840 1187 2903 ad
1202 2843 1311 2903 locum
1327 2841 1562 2918 propinquum,
1577 2857 1638 2902 suo
1660 2840 1789 2902 nomini
1808 2839 1948 2901 dedica·

299 2953 380 3000 casu
395 2935 552 3007 divisum,
562 2935 691 3010 integre
706 2933 885 3012 reparavit.
899 2933 977 2996 Viro
991 2935 1092 2996 eliam
1146 2941 1227 3012 tum,
1244 2939 1548 3016 deterretpuerum,
1563 2942 1652 3000 utex
1666 2952 1754 3016 aqua
1767 2938 1857 3015 patei
1878 2939 1945 2999 looi

298 3035 430 3100 cuidam
443 3033 484 3096 de
501 3034 612 3096 monte
629 3033 716 3094 Ulmi
727 3028 766 3092 ln
781 3031 931 3094 Maronia
946 3031 1092 3094 consoli·
1146 3037 1250 3110 illius,
1265 3037 1300 3098 in
1320 3037 1454 3099 nomine
1476 3037 1607 3099 Domini
1630 3035 1842 3114 superfusus,
1866 3035 1944 3113 ple-

298 3133 390 3196 davit
403 3147 570 3194 vomerem
585 3132 620 3192 iu
642 3129 748 3192 frusta
761 3129 978 3192 contractum.
1147 3151 1224 3197 nam
1246 3136 1411 3213 reciperet
1429 3135 1635 3212 sospitatem.
1657 3133 1855 3212 Negllgente
1876 3149 1943 3194 au-

338 3233 376 3292 In
403 3229 579 3291 Sabinensi
613 3228 760 3300 dioeoesb
792 3227 905 3290 vetula
941 3226 1092 3304 (luaedam
1146 3235 1212 3296 tem
1234 3233 1292 3295 illa
1317 3233 1425 3295 sancti
1446 3233 1628 3309 adimplere
1659 3232 1863 3304 mandatum,
1889 3247 1945 3293 se-

299 3326 513 3402 octogenaria
532 3326 615 3398 erat,
635 3328 730 3404 cujus
754 3323 823 3386 filia
850 3323 996 3388 moriens
1016 3325 1091 3386 lao—
1147 3331 1255 3394 cundo
1278 3331 1453 3408 replicavit
1476 3331 1508 3390 id
1532 3331 1650 3408 ipsum.
1678 3331 1790 3392 Tertio
1812 3345 1943 3407 quoque

298 3425 423 3488 tentem
450 3423 651 3486 infantulum
679 3421 865 3500 dereliquit.
894 3425 974 3484 Cum
989 3423 1093 3498 igitur
1146 3443 1323 3506 appareas,
1350 3429 1523 3491 mulierem
1547 3443 1622 3490 cnm
1646 3443 1750 3506 puero
1774 3427 1942 3504 usquead

299 3538 384 3585 antis
418 3522 621 3599 paupercula
653 3521 752 3599 plena
785 3522 874 3586 esset
899 3521 1033 3598 iuopia,
1059 3523 1093 3585 et
1142 3530 1281 3605 januam
1302 3527 1473 3600 dictilooi,
1494 3526 1697 3605 praeambulo
1719 3526 1842 3587 ducatu
1865 3541 1945 3602 per-

297 3635 405 3682 vacua
431 3619 527 3694 lacto,
554 3619 711 3698 nullaque
741 3621 829 3681 esset
853 3619 990 3692 mulier,
1017 3637 1091 3698 qua
1146 3625 1251 3687 duruit.
1278 3625 1558 3702 supervenientes
1571 3626 1681 3686 autern
1702 3624 1941 3700 nobilesqnae-
2045 3629 2046 3632 ’

298 3717 424 3782 sitienti
450 3717 590 3795 parvulo
625 3717 721 3780 lactis
750 3715 975 3790 stillicidium,
993 3720 1091 3796 juxta
1146 3724 1222 3784 dam
1238 3725 1396 3786 matronae
1415 3723 1602 3785 devotionis
1620 3737 1721 3784 cansa
1742 3721 1783 3783 ad
1799 3721 1944 3798 praedio-

299 3815 387 3896 quod
403 3812 563 3893 exigebat
569 3815 762 3887 necessitas,
779 3817 945 3892 erogaret,
965 3833 1031 3894 quo
1055 3832 1092 3878 so
1146 3826 1215 3886 tum
1230 3821 1351 3893 locum,
1368 3821 1417 3883 eis
1428 3837 1448 3882 a
1459 3820 1599 3882 muliere
1610 3819 1748 3898 praelata
1762 3819 1944 3895 diligenter

297 3915 444 3978 vomeret
453 3914 564 3976 vetula
577 3913 709 3991 penitus
721 3913 906 3990 ignorabat.
915 3914 1091 3978 Debilitato
1146 3919 1298 3997 exposita
1325 3917 1465 3990 visione,
1496 3933 1562 3980 una
1593 3933 1668 3979 oum
1699 3918 1772 3994 ipsa
1801 3931 1941 3994 puerunt

297 4027 378 4076 vero
393 4011 567 4082 inlautulO,
579 4012 674 4073 nocte
683 4011 825 4088 quadam
841 4012 931 4072 omni
944 4012 1092 4074 humano
1147 4017 1304 4079 tratribus
1312 4017 1567 4094 praesentarunt,
1575 4018 1608 4078 et
1615 4015 1808 4077 haurientes
1819 4029 1941 4092 aquam

299 4108 456 4170 destituta
469 4107 628 4179 subsidio,
645 4107 686 4168 ad
697 4106 787 4170 beati
801 4109 906 4184 patris
919 4109 1091 4172 Francisci
1147 4116 1186 4176 de
1202 4117 1310 4192 puteo,
1325 4128 1440 4176 aarum
1463 4113 1606 4175 nobilior
1625 4113 1770 4191 propriis
1783 4113 1940 4174 manibus

299 4203 463 4266 auxilium
481 4204 738 4280 implorandum,
751 4204 973 4282 lacrymarum
986 4207 1092 4270 imbre
1147 4213 1229 4276 lavit
1241 4212 1412 4275 infantem.
1427 4212 1543 4274 Statim
1555 4227 1649 4289 puer,
1662 4210 1815 4272 omnibus
1842 4225 1940 4271 mem·

299 4299 445 4380 perlusa,
460 4301 529 4364 tota
542 4316 579 4362 se
594 4302 703 4363 mente
718 4303 890 4366 convertit.
904 4303 1016 4366 Adfuit
1029 4307 1092 4368 sta-
1146 4311 1215 4372 bris
1229 4311 1269 4372 ad
1286 4327 1346 4373 sua
1368 4313 1442 4372 loca
1458 4309 1636 4386 perductis,
1654 4323 1755 4370 sanus
1771 4308 1936 4386 apparuit,
2045 4349 2046 4352 κ

298 4399 1089 4480 timinnoceutlsamatoraetatis:Ego,inquiens‚
1147 4411 1179 4471 et
1207 4407 1401 4484 magnitudo
1423 4406 1576 4469 miraculi
1607 4405 1760 4468 omnibus
1788 4405 1937 4468 admira·

298 4512 370 4560 sum
389 4498 599 4568 Franciscus,
614 4512 634 4557 o
648 4496 788 4558 mulicrl
813 4513 910 4576 quem
926 4517 1000 4562 cnm
1015 4504 1091 4565 tan·
1146 4507 1270 4569 tionem
1284 4505 1415 4566 induxit
1428 4503 1488 4585 (1).

334 4691 375 4766 (ll
393 4690 472 4762 Quod
494 4692 631 4766 seqoltm,
652 4705 687 4748 ox
710 4689 882 4776 editionibus
902 4696 1040 4756 Vaticana
1062 4706 1093 4758 et
1146 4707 1255 4774 patrem
1280 4699 1346 4756 licet
1368 4711 1439 4756 voce
1467 4696 1590 4766 informi,
1618 4695 1704 4754 corde
1727 4702 1824 4753 tamen
1850 4693 1937 4764 fidoli,

299 4764 432 4832 Sullflssb
449 4765 656 4821 bonaventura
675 4775 733 4820 non
747 4762 956 4826 essevtdotor:
1165 4778 1228 4830 root
1252 4776 1372 4843 poterat,
1394 4768 1555 4826 invocabat.
1578 4769 1653 4825 liora
1676 4781 1743 4824 vero
1767 4767 1936 4833 matutinali,

334 4831 417 4918 Apud
438 4834 589 4918 segusiam
606 4833 721 4917 juvenis
744 4833 859 4906 quidam
879 4833 914 4892 de
931 4837 1088 4920 'Riparolia
1146 4787 1278 4899 Renibus
1296 4839 1428 4898 omnibus
1442 4841 1471 4896 in
1486 4839 1607 4896 ecclesia
1627 4836 1875 4920 laudibus-divinis
1893 4839 1934 4893 in·

298 4907 451 4970 libertinus
466 4919 591 4988 nomino,
607 4903 741 4988 Ordinem
767 4903 885 4964 trabum
900 4907 1040 4967 lituorum
1051 4912 1092 4968 ln·
1145 4914 1241 4981 tentis,
1265 4925 1333 4968 eece
1350 4913 1382 4968 B.
1396 4917 1476 4985 pater
1497 4908 1594 4966 habitu
1622 4905 1738 4966 fratrum
1759 4907 1883 4976 andutus,
1909 4908 1936 4964 in

320 4990 429 5044 ressus3
457 4982 609 5033 novitiatus
635 4989 678 5032 sut
703 4982 841 5048 tempore,
860 4975 966 5038 horridi
994 4982 1089 5051 cujus·
1146 4983 1310 5041 infirmarie
1328 4981 1391 5039 loco
1412 4979 1530 5054 prealato
1551 4981 1659 5037 novitio
1673 4979 1769 5044 astitit,
1784 4979 1937 5050 lumenque

297 4994 364 5110 gam
386 5045 597 5119 perturbatione
623 5045 739 5128 pavoris
770 5046 888 5130 incurrit
915 5053 1090 5124 amentiam
1146 5069 1203 5112 noo
1226 5051 1369 5111 modicum
1388 5052 1418 5110 in
1442 5051 1604 5110 habitaculo
1625 5049 1672 5106 illo
1696 5047 1814 5106 relolsit.
1831 5052 1868 5108 lit
1886 5065 1935 5106 ox·

296 5114 550 5188 totlusqnadextrae
559 5121 647 5189 paros
655 5117 793 5190 paralysis
802 5117 1089 5194 morbogratv'ssimo,
1145 5133 1257 5184 tensam
1278 5138 1395 5180 manum
1415 5121 1643 5196 superdextrum
1664 5120 1739 5177 illius
1759 5120 1844 5189 latos,
1859 5135 1874 5177 a
1889 5135 1934 5177 ca·

297 5189 424 5250 auditum
449 5193 477 5244 ct
499 5187 629 5270 lingnam
650 5195 813 5270 cumumotu
828 5189 924 5247 amisit
942 5199 971 5248 st
992 5207 1089 5252 sensu.
1146 5197 1307 5322 piteusgoo
1321 5193 1355 5250 ad
1373 5193 1462 5278 pedes
1483 5194 1608 5250 stanter
1630 5189 1824 5263 contingendo
1848 5190 1934 5246 dedn-

297 5261 367 5324 Gum
390 5266 491 5340 autern¹
509 5271 563 5340 ⁸stc
592 5257 771 5327 miserabilis,
800 5273 857 5317 non
885 5262 947 5319 sine
973 5261 1091 5322 fratrum
1145 5283 1224 5335 oens,
1267 5267 1353 5338 lgitos
1371 5279 1400 5321 tn
1424 5265 1565 5322 auriculas
1589 5262 1675 5330 misit,
1702 5261 1884 5333 quodamque
1908 5263 1935 5317 in

297 5333 385 5392 multa
400 5333 534 5386 moestitia
548 5327 703 5412 perplures
715 5327 776 5386 dios
789 5330 817 5386 in
836 5331 938 5390 lectolo
950 5331 1088 5393 decubas·
1145 5337 1244 5396 dextro
1270 5336 1389 5393 horruere
1412 5335 1552 5408 impresso
1574 5332 1740 5390 charactere
1762 5347 1770 5388 :
1797 5333 1857 5388 lloc
1876 5331 1934 5399 tibi,

296 5409 351 5474 set,
367 5403 398 5460 ll.
416 5398 558 5458 Franolsot
583 5399 750 5480 solemnitas
768 5415 800 5457 su
822 5405 940 5472 ervenit,
959 5405 987 5460 in
1011 5419 1092 5479 oopus
1146 5409 1195 5477 ait,
1207 5411 1323 5480 signum
1335 5407 1398 5474 erit,
1410 5405 1485 5478 qood
1497 5407 1573 5462 Deus
1585 5417 1636 5474 per
1648 5403 1936 5474 nte,ou1‘usexemplo

297 5473 404 5550 vigilia,
421 5468 624 5530 concessoslbv
636 5415 831 5541 aliquoluoicfo
842 5473 1001 5544 intervallo,
1013 5478 1091 5549 pium
1145 5477 1246 5537 ductus
1261 5477 1429 5550 religionem
1452 5476 1571 5544 intrasti,
1587 5473 1670 5546 plene
1687 5481 1715 5529 te
1726 5472 1846 5530 restituit
1859 5473 1932 5530 sanl-
