4114 6396
91 403 158 466 929

136 553 888 640 econtribulastioapitadraconuminaquis»

92 657 342 720 immundorum
358 659 551 736 spirituum,
569 662 602 721 et
616 661 787 736 eleganter
805 659 890 720 dici-

93 758 163 823 tur,
177 753 424 818 covttributostt.
445 757 619 818 Tribuleto
641 757 730 816 euim
754 756 888 816 homine

93 867 156 929 per
182 851 335 929 spiritum
352 854 563 914 contritionis
576 869 636 929 pro
650 853 887 914 delectationi-

95 948 170 1020 bus,
189 963 271 1025 quas
295 947 422 1022 habuit,
438 948 644 1010 tribulantur
668 953 701 1010 et
714 950 887 1020 dracones,

93 1045 227 1106 scilicet
241 1045 408 1106 daemones
420 1046 521 1108 saluti
542 1046 715 1107 hominum
731 1045 888 1107 inviden-

93 1143 158 1213 tes,
170 1141 226 1218 qui
235 1141 339 1217 prius,
349 1158 422 1203 cum
434 1141 668 1214 delectaretur,
681 1139 891 1203 delectabun-

95 1242 165 1301 tur.
178 1237 239 1300 Vel
258 1259 266 1299 :
283 1238 550 1300 «contribulasti
576 1239 686 1316 capita
708 1239 890 1300 draconum

96 1335 254 1412 inaquis
276 1338 412 1413 »Aquae
434 1336 511 1397 suut
532 1335 770 1398 delectationes
784 1352 892 1398 saecu-

96 1433 200 1506 lares,
216 1432 251 1492 in
266 1431 386 1509 quibus
400 1432 499 1494 bomo
514 1449 573 1509 per
587 1434 816 1510 poenitentiam
826 1434 890 1495 tri-

97 1529 246 1604 bulatur,
261 1528 442 1592 tribulatur
469 1529 621 1592 diabolus
643 1547 704 1608 per
730 1531 890 1592 amissio-

98 1643 188 1688 nem.
207 1626 300 1688 Unde
322 1625 508 1689 Ezechielis
523 1626 589 1706 (29,
611 1629 631 1688 3
647 1627 688 1690 ad
704 1626 738 1707 5)
751 1648 761 1688 ι
775 1644 793 1688 ‹
809 1629 892 1688 Ecce

100 1739 164 1800 ego
178 1723 220 1784 ad
238 1724 283 1797 te,
299 1722 432 1786 Pharao
447 1739 508 1786 rex
533 1725 683 1812 AEgypti,
705 1725 805 1786 draco
821 1740 893 1784 ma-

101 1835 177 1896 gne,
194 1820 250 1897 qui
265 1819 378 1889 cubas,
401 1821 455 1883 vel
471 1819 614 1883 accubas
631 1821 666 1883 iu
691 1820 799 1883 medio
824 1821 892 1883 fiu-

101 1906 229 1978 m'inum
244 1919 388 1991 tuorum,
404 1919 438 1980 et
452 1918 556 1980 dicis:
574 1921 668 1980 Meus
692 1919 742 1980 est
759 1918 891 1980 fluvius.

102 2014 287 2076 Extraham
310 2015 343 2076 te
369 2015 410 2078 de
438 2014 546 2078 medio
560 2015 734 2078 fluminum
748 2009 892 2088 tuorum,

103 2114 139 2173 et
149 2112 298 2173 universi
322 2111 431 2190 pisces
444 2113 493 2174 tui
508 2113 656 2190 squamis
666 2114 732 2175 tuis
742 2113 895 2176 adhaere·

63 2271 69 2280 ,
100 2208 201 2284 bunt;
215 2210 249 2271 et
260 2210 434 2287 projiciam
449 2213 481 2273 te
495 2211 528 2270 iu
544 2211 769 2286 desertum-et
780 2227 894 2272 omues

104 2307 215 2383 pisces
228 2306 323 2367 duvii
343 2305 390 2387 (1)
406 2308 467 2368 tui.
480 2324 498 2368 a
513 2308 645 2368 Pharao
659 2310 710 2370 est
727 2307 894 2380 diabolus,

105 2419 168 2464 rex
195 2403 346 2480 AEgypti,
377 2403 464 2466 idest
492 2404 706 2466 infernalium
735 2404 897 2466 tenebra-

101 2515 190 2561 rum.
205 2502 370 2579 AEgyptus
381 2502 470 2562 enim
484 2502 726 2579 interpretatur
736 2501 894 2575 tenebrae,

103 2613 177 2674 quae
203 2597 271 2659 alio
299 2597 435 2659 nomine
462 2597 619 2659 hebraice
641 2599 763 2660 dicitur
783 2601 894 2671 Romi,

103 2693 158 2756 vel
172 2697 346 2766 Mtsratvm
362 2695 448 2772 quod
464 2683 703 2773 iuterpretatur
717 2695 895 2765 tribulans,

477 399 585 468 PARS
614 401 815 467 Phthla·
833 399 1052 464 sxaoslmo
1081 393 1125 463 IN
1157 399 1360 463 PSALMOS.

1548 355 1740 458 'seo

942 563 998 622 nis
1008 577 1019 620 :
1029 561 1153 623 dedisti
1165 575 1246 622 actm
1256 574 1371 622 escam
1378 559 1513 633 populis
1524 557 1738 630 AEtntopom.

943 659 1013 718 Hoc
1027 658 1092 719 erit
1110 658 1146 717 in
1168 657 1221 718 die
1233 654 1367 734 judicii3
1385 655 1473 715 uude
1495 649 1738 730 lsaiae(27,1):

943 771 961 814 e
977 757 1013 815 ln
1027 754 1081 816 die
1093 755 1150 816 illa
1166 753 1316 816 visitabit
1331 753 1490 814 Dominus
1505 751 1539 812 in
1554 749 1666 826 gladic
1681 765 1740 808 suo

944 851 1038 922 duro,
1057 850 1187 928 grandi,
1205 852 1238 912 et
1256 849 1345 924 forti,
1359 865 1460 926 super
1474 847 1659 909 Leviathan
1675 861 1744 908 ser·

944 948 1075 1025 pentem
1086 951 1224 1018 vectem,
1237 949 1270 1010 et
1291 962 1391 1024 super
1408 945 1593 1008 Leviathau
1609 959 1742 1021 serpen·

945 1047 1009 1107 tem
1026 1047 1222 1107 tortuosum.
1238 1047 1307 1106 »In
1326 1044 1380 1104 die
1403 1043 1462 1104 illa
1477 1043 1641 1129 visitabit,
1656 1041 1743 1102 idest

944 1141 1187 1204 animadvertet
1201 1145 1369 1204 Dominus
1381 1144 1418 1202 tu
1432 1144 1544 1218 qtadio
1557 1154 1620 1202 suo
1632 1142 1741 1201 duro:

945 1239 1082 1301 Gladius
1095 1239 1198 1301 durus
1213 1239 1349 1317 propter
1363 1237 1539 1311 saevitiam,
1553 1252 1652 1314 quam
1673 1236 1741 1297 im-

945 1335 993 1414 pii
1005 1336 1150 1400 tolerare
1163 1335 1365 1415 nequibuut;
1386 1335 1542 1411 grandis,
1559 1333 1638 1410 quia
1658 1332 1743 1394 nulli

945 1434 1094 1510 effugere
1120 1435 1295 1510 poteruut;
1312 1433 1419 1505 fortis,
1436 1431 1515 1510 quia
1536 1430 1649 1492 nullus
1664 1446 1744 1492 sus·
1762 1481 1767 1496 .

945 1531 1053 1594 tinere
1067 1532 1200 1609 poterii,
1217 1547 1279 1592 uec
1300 1531 1350 1592 illi
1366 1530 1534 1593 resistere.
1550 1532 1664 1603 Super
1678 1531 1746 1590 Le-

946 1629 1102 1701 otatban,
1119 1628 1205 1706 quod
1222 1627 1461 1706 interpretatur
1482 1626 1745 1704 additamentum

946 1739 1079 1796 eorum,
1107 1725 1184 1802 quia
1206 1727 1381 1802 postquam
1406 1723 1522 1802 primis
1551 1722 1745 1800 parentibus

947 1821 1078 1898 culpam
1093 1822 1181 1883 mala
1197 1823 1409 1898 suggestione
1419 1821 1542 1895 intulit,
1557 1821 1644 1882 hanc
1662 1835 1745 1896 gra-

946 1919 1034 1980 viori
1044 1919 1261 1996 persuasione
1277 1935 1401 1994 augere
1425 1918 1648 1996 praesumpsit,
1664 1933 1745 1994 pro-

948 2017 1082 2079 mittens
1097 2036 1104 2076 ε
1118 2018 1230 2078 Eritis
1246 2017 1336 2078 sicut
1351 2020 1411 2078 dii.
1430 2017 1512 2078 Item
1531 2013 1653 2078 dicitur
1674 2029 1748 2076 ser-

949 2129 1046 2192 pens,
1084 2114 1163 2192 quia
1201 2113 1343 2175 insidias
1385 2113 1521 2176 molitur
1556 2112 1745 2186 effundere;

949 2212 1053 2274 vectis
1076 2213 1197 2282 autem,
1219 2212 1297 2290 quia
1314 2210 1408 2273 tortis
1433 2225 1537 2288 usque
1559 2209 1747 2272 advectam

949 2309 1103 2386 percutit,
1129 2308 1200 2370 sive
1225 2310 1360 2385 propter
1383 2307 1532 2382 vigorem
1561 2305 1747 2382 superbiae3

948 2406 1119 2468 tortuosus
1132 2407 1267 2482 propter
1277 2403 1497 2466 dolositatem.
1511 2402 1749 2466 lstumtantum

947 2505 984 2564 et
994 2502 1096 2566 talem
1111 2502 1168 2564 dat
1183 2517 1293 2564 escam
1309 2502 1441 2579 populis
1456 2500 1663 2577 AEthiopum,
1673 2499 1750 2562 ideo
1867 2511 1870 2519 ’

950 2601 1101 2678 sequitur
1124 2616 1174 2662 :e
1201 2599 1327 2662 Dedisti
1362 2615 1438 2660 eum
1473 2613 1586 2660 escam
1617 2596 1750 2676 populis

950 2698 1158 2775 AEthiopum.
1175 2715 1194 2757 a
1210 2698 1274 2759 Dat
1297 2695 1461 2774 siquidem
1476 2694 1644 2757 diabolum
1662 2697 1750 2756 Deus

103 2791 158 2853 vel
183 2791 390 2868 angustans3
415 2791 501 2870 quod
526 2791 611 2855 bene
639 2794 796 2870 competit
823 2793 898 2854 dia·
946 2796 1048 2873 justis
1061 2796 1095 2856 in
1109 2811 1231 2866 escam,
1248 2793 1334 2857 idest
1346 2793 1633 2860 sustentationem,
1649 2793 1683 2854 et
1695 2807 1753 2854 va·

104 2887 182 2949 bolo
196 2887 371 2950 tribulanti
386 2888 565 2962 hominem,
582 2891 615 2950 et
634 2890 825 2966 angustauti
838 2905 898 2967 per
951 2892 1151 2964 latudinem,
1165 2907 1239 2953 cum
1264 2906 1307 2952 ex
1320 2891 1404 2968 ipsis
1423 2887 1664 2952 tentationibus
1685 2887 1751 2966 ipsi

101 2984 315 3047 tentationes.
332 2987 439 3047 Draco
451 2987 487 3046 in
507 2987 603 3064 aquis
621 2989 741 3048 natam
757 2988 808 3050 est
825 2988 901 3064 ipse
948 2990 1031 3068 justi
1046 2989 1235 3066 proliciunt,
1252 2989 1286 3050 et
1297 2986 1545 3049 convalescunt.
1559 2985 1621 3046 Vel
1638 3007 1645 3046 ε
1660 2989 1753 3047 ‹De-

99 3080 256 3144 diabolus
271 3083 433 3144 natansiu
448 3083 579 3146 deliciis
594 3085 813 3162 voluptuosis,
826 3085 897 3146 sive
951 3089 1034 3149 disti
1045 3101 1125 3148 eum
1137 3099 1251 3148 escam
1261 3087 1396 3162 populls
1408 3083 1610 3159 AEtbtopum
1620 3099 1649 3156 a,
1666 3081 1753 3145 idest

104 3179 178 3255 ipse
188 3180 355 3256 peccator,
369 3181 424 3258 qui
437 3181 589 3257 signatur
604 3197 663 3260 per
682 3182 728 3253 id,
743 3182 829 3260 quod
845 3181 898 3242 di·
951 3184 1006 3257 iis,
1023 3183 1080 3262 qui
1104 3184 1198 3260 prius
1217 3183 1314 3245 erant
1338 3181 1450 3258 magui
1467 3181 1603 3257 propter
1629 3195 1751 3257 pecca-

102 3274 205 3350 citur,
216 3275 318 3339 cubas
328 3277 364 3338 in
380 3278 898 3354 modionumluumtuorumsct·
951 3283 1033 3353 tum,
1050 3281 1208 3359 quoniam
1232 3279 1312 3342 iacti
1333 3273 1479 3342 bu'miles
1505 3278 1546 3340 de
1569 3278 1753 3339 tentatione

104 3373 186 3435 licet
208 3374 426 3452 voluptatum,
445 3376 516 3438 sive
538 3375 796 3438 delectationum
818 3393 897 3438 sua·
953 3379 1141 3455 proliciunt,
1154 3379 1187 3440 et
1206 3376 1405 3439 dealbantur
1419 3377 1564 3438 candore
1578 3375 1750 3448 virtutum,

104 3485 192 3530 rum.
209 3472 406 3534 Extrahitur
420 3474 530 3535 autern
542 3473 631 3548 inde,
645 3489 720 3534 cum
735 3473 835 3535 homo
849 3471 896 3552 (2)
952 3477 985 3538 et
993 3476 1046 3537 'sic
1060 3476 1198 3538 cribrati
1213 3475 1426 3536 mundantur.
1444 3473 1538 3536 Unde
1551 3473 1585 3534 iu
1599 3476 1752 3550 Evange-

106 3567 246 3644 poenitet
260 3567 300 3628 de
323 3569 479 3645 peccatis,
497 3572 530 3631 et
544 3569 707 3646 voluptati
732 3571 898 3647 corporali
951 3571 1205 3651 lio(1.ucae,22,
1225 3570 1279 3651 31)
1295 3587 1339 3630 t«
1363 3571 1489 3640 Simon,
1511 3584 1589 3631 ecce
1610 3572 1752 3632 Satanas
1856 3637 1859 3642 ¹

106 3664 325 3737 renuncians,
342 3681 402 3742 pro
423 3666 595 3742 voluptate
619 3667 736 3736 acidis,
754 3667 807 3728 vel
829 3667 899 3727 ari·
952 3667 1114 3746 expetivit
1134 3684 1205 3734 vos,
1229 3669 1265 3729 ut
1289 3665 1454 3727 cribraret
1478 3666 1637 3742 tauquam
1662 3665 1754 3728 triti-

104 3761 160 3822 dis
186 3762 303 3836 utitur,
333 3765 366 3826 et
382 3765 532 3824 macerat
553 3779 688 3827 carnem
707 3778 846 3824 suam«
861 3765 900 3825 Et
954 3782 1040 3828 cum.
1057 3781 1075 3825 a
1090 3767 1128 3826 ln
1147 3763 1325 3826 cribrando
1340 3763 1488 3824 triticum
1506 3762 1621 3824 volant
1635 3763 1752 3840 paleae,

106 3859 258 3921 universi
282 3859 393 3936 pisces
414 3858 464 3921 tui
487 3861 635 3937 squamis
653 3861 721 3921 tuis
747 3861 900 3922 adhaere-
954 3862 1088 3926 etterra
1102 3861 1190 3923 cadit
1211 3858 1370 3934 inferius3
1388 3858 1436 3920 sic
1456 3858 1607 3920 diabolus
1622 3861 1755 3922 tentans

104 3954 198 4016 bunt.
211 3972 230 4016 s
245 3956 359 4018 Pisces
373 3957 452 4019 sunt
465 3958 670 4034 peccatores,
688 3958 831 4034 quicum
847 3955 901 4017 de-
950 3960 1089 4038 justum,
1106 3957 1187 4020 lacit
1202 3956 1315 4033 paleas
1328 3956 1498 4028 advolare,
1514 3955 1602 4018 idest
1617 3959 1755 4035 peccata

103 4051 279 4126 lactantur,
296 4053 468 4116 adhaerent
480 4055 628 4132 squamis
644 4053 780 4116 diaboli.
798 4055 901 4133 Squa·
953 4055 1113 4124 venialia,
1138 4055 1172 4116 et
1191 4057 1329 4125 terram,
1354 4053 1442 4115 idest
1463 4054 1599 4129 peccata
1623 4053 1754 4132 ponde-

104 4165 167 4211 mae
186 4151 263 4212 suut
286 4151 482 4226 exteriores,
498 4153 531 4214 et
546 4152 671 4214 ultimae
695 4155 806 4230 partes
831 4153 901 4230 pis·
954 4169 1044 4221 rosa,
1069 4155 1103 4216 et
1126 4150 1280 4213 mortalia
1311 4151 1452 4226 cadere;
1468 4153 1503 4211 et
1528 4151 1578 4212 sic
1605 4154 1756 4216 remanet

102 4247 171 4322 cis3
194 4261 253 4324 per
267 4247 354 4325 quod
376 4248 595 4326 designantur
615 4251 801 4312 exteriores
819 4265 901 4326 par·
954 4251 1102 4315 triticum
1122 4265 1252 4328 purum.
1266 4250 1306 4310 Et
1320 4247 1369 4310 sic
1384 4247 1419 4309 in
1431 4247 1542 4310 cribro
1561 4249 1755 4312 tentationis

102 4345 156 4404 tes
182 4342 318 4416 diaboli,
336 4345 457 4421 quibus
485 4346 708 4409 diversimode
728 4347 901 4409 adhaerent
955 4349 1118 4428 purgatur
1147 4346 1260 4426 pulvis
1287 4346 1517 4423 peccatorum,
1543 4347 1576 4408 et
1608 4346 1753 4418 advolat,
1789 4355 1796 4364 '

106 4439 299 4516 peccatores
320 4459 327 4497 ε
351 4438 437 4501 sicut
464 4441 597 4517 quidam
628 4443 740 4520 capiti,
767 4443 900 4520 quidam
956 4447 1052 4525 palea
1065 4444 1236 4506 vanitatis

106 4535 210 4611 gulae,
236 4534 370 4612 quidam
393 4538 520 4609 ventri,
535 4539 669 4614 quidam
693 4542 771 4603 aliis
792 4557 901 4604 mem·
997 4537 1756 4613 dustccastttluctoahthoudiocmodoetiam

105 4631 177 4693 bris
221 4630 403 4692 secuudum
432 4633 582 4695 diversas
607 4637 764 4698 vitiorum
792 4639 903 4716 quali·
956 4637 1619 4715 Dominusoperatursotuteminmedto
1635 4637 1753 4709 tarrae,

105 4730 204 4799 tates,
219 4729 253 4790 et
278 4728 471 4792 varietates.
486 4731 645 4807 Sequitur
659 4749 668 4789 ε
684 4750 703 4794 e
723 4735 901 4808 Projiciam
957 4735 1089 4815 quando
1101 4736 1238 4813 peccata
1252 4735 1289 4795 iu
1303 4733 1403 4796 corde
1416 4733 1562 4796 bominis
1578 4733 1756 4795 incitares·

19 4829 22 4916 J
106 4826 190 4888 tein
213 4825 381 4887 desertum
405 4842 435 4898 a,
457 4825 521 4888 hoc
548 4827 600 4888 est
626 4827 662 4889 iu
690 4829 902 4892 solitudinem
957 4845 1045 4902 cere,
1073 4829 1197 4891 siccato
1218 4827 1375 4891 videlieet
1402 4827 1505 4890 fluvio
1525 4826 1642 4900 tithan,
1671 4828 1758 4892 idest

105 4922 323 4999 poenitentiae,
339 4939 358 4983 e
372 4924 406 4984 et
431 4937 546 4986 omnes
570 4923 678 5002 pisces
698 4925 793 4986 fluvii
807 4926 856 4988 tui
872 4943 901 4988 a.
958 4925 1093 5000 diaboli,
1106 4927 1162 5004 qui
1177 4925 1417 5002 interpretatur
1429 4923 1536 4986 fortis.
1554 4927 1600 4986 De
1616 4924 1679 4986 bac
1694 4925 1756 4986 de-

107 5019 221 5082 Plsces
235 5021 330 5081 extra
345 5035 466 5097 aquam
489 5022 693 5097 morientum
719 5037 797 5084 nam
819 5023 905 5085 sicut
959 5024 1140 5085 siccatione
1166 5023 1249 5085 dicit
1277 5021 1387 5082 isaias
1409 5019 1473 5099 (19,
1497 5024 1517 5082 5
1541 5025 1573 5082 et
1593 5020 1628 5101 8)
1650 5043 1657 5082 ε
1678 5039 1697 5083 a
1719 5024 1759 5086 nt

105 5129 128 5176 a
142 5114 278 5176 flumine
301 5116 401 5193 positi
424 5117 460 5178 iu
482 5117 611 5180 aridam
634 5117 831 5191 moriuntur,
855 5120 904 5181 sic
957 5122 1089 5184 arescet
1103 5137 1190 5199 aqua
1203 5120 1243 5181 de
1254 5119 1350 5191 mari,
1363 5121 1396 5180 et
1408 5118 1530 5180 fluvius
1541 5119 1757 5193 desolabitur,

106 5212 171 5288 ipsi
186 5213 379 5290 peccatores
392 5215 527 5291 ejectis
546 5215 640 5277 fluxu
654 5217 813 5278 vitiorum
833 5233 905 5278 ωο-
959 5220 1058 5296 atque
1081 5217 1273 5280 siccabitur.
1301 5216 1490 5278 Moerebunt
1509 5217 1703 5293 piscatores,
1727 5221 1761 5282 et

105 5309 411 5386 riuuturpeccatis,
429 5313 551 5373 etcum
567 5313 650 5390 ipsis
665 5311 818 5375 diabolus
833 5330 906 5377 mo-
959 5314 1120 5392 lugebunt
1148 5329 1263 5376 omnes
1290 5313 1324 5374 in
1353 5313 1476 5374 fiumen
1502 5314 1671 5376 mittentes
1698 5315 1761 5376 ha-

107 5405 203 5477 ritur,
224 5421 291 5469 non
315 5407 442 5468 audeus
469 5409 559 5486 ipsos
588 5426 690 5488 super
717 5410 787 5473 illis
812 5411 904 5474 vitiis
960 5428 1064 5485 mum,
1092 5414 1126 5472 et
1155 5411 1382 5488 expandentes
1409 5411 1480 5472 rete
1516 5412 1759 5488 supersectam

109 5500 248 5564 ulterius
262 5504 405 5566 tentare.
960 5524 1122 5586 aquarum
1149 5509 1387 5570 emarcescent.
1411 5523 1430 5568 s
1450 5510 1590 5570 Arescet
1611 5523 1701 5584 aqua
1719 5512 1772 5569 dc·

150 5600 305 5677 Sequitur
321 5617 329 5661 :
347 5605 395 5662 Tu
420 5603 621 5680 covtshepistt
640 5606 755 5680 capita
777 5609 905 5669 druco·
959 5610 1064 5678 mort,
1089 5605 1177 5666 idest
1197 5605 1344 5667 earnalis
1370 5605 1482 5668 fluxus
1517 5605 1552 5665 in
1577 5606 1760 5667 amaricato

150 5712 191 5786 (1)
210 5713 296 5784 Vulg.
314 5729 321 5770 :
338 5712 474 5800 huminis.

263 5858 379 5903 rarucu.
399 5859 472 5904 rous
489 5848 537 5909 Vl.

1002 5719 1043 5790 (Ξ)
1064 5719 1121 5777 Sic.

1539 5851 1573 5906 30
