4118 6390
50 205 136 268 1181

48 363 145 426 idest
161 363 309 442 quinque
332 362 461 437 sensus,
482 367 610 428 etcum
636 365 685 427 eie
704 365 776 434 Lot,
800 363 857 442 qui

45 462 299 539 interpretatur
311 462 496 524 declinans.
514 463 576 524 Hic
586 467 636 525 θεῖ
650 461 781 524 animus
795 463 857 524 de·

48 560 190 621 clinans
215 576 235 621 a
253 560 309 621 uia
322 559 551 622 mandatorum
567 561 638 632 Dei,
656 577 717 622 nec
731 560 857 622 libera-

47 659 122 730 tur,
148 658 214 718 nisi
235 673 294 734 per
308 658 447 729 Abram,
464 659 520 737 qui
535 658 776 737 interpretatur
790 659 857 718 Ex·

50 756 182 829 celsus,
202 755 332 817 scilicet
347 772 408 833 per
428 757 570 832 gratiam
586 757 656 817 Dei.
674 759 857 830 Principes

42 855 232 926 persecuti
243 854 389 915 suntme
398 854 523 928 pratu.
540 857 587 916 De
598 854 663 915 hoc
678 853 799 915 iterum
821 851 857 912 in

49 951 200 1012 Threnis
216 949 260 1029 (1,
274 948 307 1030 3)
325 970 333 1011 :
350 967 368 1009 ‹
384 953 505 1011 Omnes
527 951 761 1028 persecutores
785 951 857 1026 cyus

49 1046 350 1124 apprehenderunt
360 1063 435 1109 eam
452 1048 541 1108 iuter
556 1047 742 1124 angustias.
759 1063 778 1107 b
793 1047 855 1109 Vi·

51 1145 140 1206 dens
163 1145 253 1205 enim
277 1144 429 1205 diabolus
454 1146 626 1222 angustias
642 1144 807 1212 hominis,
822 1144 857 1205 in

53 1258 98 1303 ea
118 1243 214 1318 parte
236 1241 394 1304 libentius
408 1243 515 1304 tendit
534 1235 673 1320 laqueos
688 1242 859 1319 deceptio-

53 1340 173 1412 tionis,
189 1355 253 1417 qua
265 1342 358 1418 parte
371 1340 461 1402 videt
470 1355 545 1401 eum
558 1341 731 1416 angustari
744 1360 751 1415 ;
765 1341 797 1401 et
810 1340 859 1400 sic

55 1438 100 1498 de
123 1436 215 1498 sacili
237 1453 311 1498 eum
329 1437 560 1515 apprehendit.
584 1437 741 1515 Sequitur
755 1459 762 1498 ε
777 1438 859 1498 Eia

56 1538 175 1596 uerbis
191 1535 260 1597 tuis
278 1535 481 1608 formidavit
497 1550 557 1596 cor
570 1551 697 1607 aueum,
718 1535 804 1597 idest
816 1550 859 1596 ex

54 1631 172 1694 verbis
197 1632 263 1694 tuis
290 1631 427 1709 concepi
453 1632 627 1701 timorem,
654 1633 732 1710 quia
760 1630 858 1694 valde

56 1729 143 1789 utile
163 1729 213 1790 est
238 1727 430 1802 formidare,
447 1729 525 1805 quia
541 1730 753 1806 persequitur
772 1743 859 1789 unus

55 1825 162 1898 mille,
177 1826 304 1887 scilicet
320 1825 439 1901 timor3
452 1827 485 1887 et
500 1825 577 1900 duc,
602 1825 731 1887 scilicet
746 1825 858 1900 timor,

57 1925 94 1984 et
108 1937 203 1984 amor
218 1921 382 1998 fugabunt
399 1923 513 1984 decern
525 1922 641 1983 millia.

99 2021 258 2082 Laetabor
267 2035 329 2096 epo
342 2035 450 2096 super
463 2022 596 2094 etoquia
612 2022 684 2094 teia,
696 2021 786 2082 sicut
801 2022 860 2094 qut

55 2118 193 2180 inuenit
206 2121 314 2192 spolia
328 2119 449 2178 inulta
469 2119 565 2189 Ecce,
582 2117 670 2195 qnod
685 2119 860 2194 postquam

55 2216 274 2290 formidarit,
299 2215 381 2276 dicit
397 2230 433 2277 εθ
456 2213 564 2276 laetari
586 2230 687 2292 super
711 2215 858 2290 eloquia,

59 2328 135 2390 quae
148 2313 408 2384 sanantvulnus,
421 2313 645 2375 etrestituunt
654 2311 774 2390 spolia.
784 2312 862 2375 Vul-

60 2411 199 2471 neratus
211 2411 261 2472 est
276 2409 386 2482 bomo,
402 2411 436 2470 et
446 2411 608 2486 spoliatus
622 2431 629 2470 ι
643 2409 789 2471 Verbum
804 2425 861 2470 au·

59 2511 128 2571 tem
139 2506 210 2581 Dei,
226 2509 259 2570 et
273 2507 451 2570 sanitatem
463 2507 603 2579 conteri,
620 2509 654 2568 et
666 2507 774 2584 spolia
787 2519 862 2568 res-

61 2604 163 2666 tituit.
187 2607 233 2665 De
258 2605 494 2666 vulneratione
516 2605 597 2667 dicit
620 2603 682 2667 Job
698 2603 763 2684 (16,
782 2603 859 2683 11);

61 2701 320 2764 «circumdedit
339 2717 393 2764 me
416 2702 546 2764 lanceis
576 2703 658 2774 suis,
683 2701 862 2763 convulne-

61 2799 151 2861 ravit
165 2798 295 2859 lumbos
317 2814 420 2873 meos,
437 2815 504 2860 non
520 2800 679 2876 pepercit,
695 2799 730 2861 et
745 2798 863 2860 effudit

61 2897 99 2957 in
120 2898 211 2957 terra
225 2897 357 2958 viscera
377 2911 463 2957 mea.
480 2913 498 2956 r
514 2898 560 2957 De
584 2895 786 2974 spoliatione
805 2895 863 2956 ba·

62 2994 160 3055 betur
177 2995 211 3054 in
237 2993 353 3054 eodem
366 2991 430 3071 (19,
442 2992 476 3073 9)
490 3015 497 3053 ι
514 3011 532 3054 ε
549 2994 713 3070 Spoliavit
728 3007 780 3055 me
795 2993 863 3070 glo·

63 3092 117 3152 ria
129 3106 213 3162 mea,
224 3092 257 3151 et
268 3089 406 3153 abstulit
417 3105 574 3152 coronam
584 3092 624 3153 de
635 3091 862 3169 capitaneo.»

64 3191 112 3249 De
132 3187 343 3249 restitutione
367 3188 542 3265 utriusque
563 3188 725 3250 babemus
747 3188 864 3250 Eccle-

64 3285 192 3347 siastici
208 3283 258 3364 (6,
276 3285 330 3363 31)
346 3288 506 3347 :cDecor
518 3285 596 3348 vitra
614 3288 665 3347 est
683 3286 720 3346 in
741 3285 812 3358 illa,
829 3287 863 3348 et

64 3383 200 3445 vincula
226 3382 319 3443 illius
347 3381 528 3457 alligatura
557 3383 863 3444 salutarisn:licce

66 3479 195 3541 sanatio
213 3479 401 3542 vulnerum.
423 3478 579 3554 Sequitur
595 3478 640 3558 (6,
655 3477 709 3557 32)
725 3494 732 3538 :
749 3479 861 3539 «Sto-

66 3578 133 3638 lam
154 3577 270 3652 gloriae
286 3575 406 3637 indues
423 3591 508 3647 earn,
522 3577 555 3637 et
570 3590 728 3636 coronam
742 3577 862 3651 gratu-

65 3667 200 3736 lationis
222 3689 427 3751 superpones
447 3672 542 3734 tibi»
564 3675 673 3734 :Ecce
695 3673 861 3734 restitutio

67 3772 261 3849 spoliorum.
279 3775 361 3833 ltem
372 3771 469 3832 Isaiae
485 3768 529 3848 (4,
541 3769 575 3850 3)
592 3769 864 3832 :cLaetabuntur

66 3883 179 3930 coram
194 3869 237 3939 ῖθ,
254 3868 341 3929 sicut
355 3867 411 3945 qui
422 3867 578 3928 laetantur
590 3867 625 3927 in
637 3881 758 3938 messe,
776 3867 863 3929 sicut

66 3965 218 4027 exultant
233 3965 380 4027 victores
398 3967 495 4040 capta
514 3964 639 4041 praeda,
656 3963 790 4042 quando
811 3964 863 4025 di-

67 4062 185 4126 vidunt
199 4063 318 4140 spolia.
443 4105 445 4108 -
850 4066 853 4076 ’

328 4242 469 4302 SERMO
486 4241 602 4302 CCXL.

317 4427 358 4483 lle
381 4426 510 4482 oratione
529 4425 613 4484 bone.

68 4587 325 4664 appropinquet
336 4587 531 4661 deprecatio
540 4602 619 4648 mea
633 4590 670 4648 iu
683 4590 864 4665 conspectu

190 4687 432 4760 tu0,1)omtue.
450 4683 554 4764 (Psal.
572 4684 641 4756 118,
659 4684 743 4764 169.)

110 4857 232 4931 Magna
257 4853 307 4915 est
321 4852 428 4915 virtus
441 4851 615 4923 orationis,
633 4868 706 4929 quae
721 4868 788 4916 non
804 4870 863 4917 so-

111 5075 150 5146 (1)
163 5075 272 5147 vulg:
308 5074 457 5132 enetrabit.

33 5159 36 5186 ¹»
110 5149 150 5214 (1)
163 5146 252 5203 Exodi
264 5089 309 5213 38,
326 5145 361 5202 31
375 5152 403 5202 et
416 5145 461 5202 36.

33 5221 35 5262 :
110 5217 150 5342 (3)
164 5219 247 5274 Gutta
274 5214 406 5297 myrrlrae.
434 5217 533 5274 Glossa
551 5214 611 5272 ord.
629 5216 657 5272 in
681 5215 749 5274 illud
775 5216 866 5274 llxodi

33 5320 37 5332 ,.
74 5289 120 5354 36,
151 5285 293 5342 3:8ume
315 5284 515 5355 tibraromata,
542 5287 640 5358 prime
655 5288 863 5360 myrrbae,ait:

33 5364 37 5408 ι
77 5355 166 5428 liuius
180 5354 417 5426 arborisgumma
436 5355 549 5429 proprie
576 5365 666 5415 stacte
688 5366 814 5415 vocatur.
831 5361 867 5415 nt

33 5441 37 5482 ι
76 5428 174 5486 Glossa
194 5424 317 5482 interlin.
340 5426 535 5484 &cetininam
550 5427 585 5484 31
600 5442 664 5501 cap.
678 5429 714 5488 39
726 5429 814 5486 Exodi
824 5430 867 5486 sic

33 5517 37 5552 l
76 5498 215 5569 explicat:
233 5496 346 5552 Guttam
363 5495 484 5565 myrrbae
499 5497 616 5554 arboris.

439 205 547 268 PARS
581 203 726 288 PRIMA.
742 203 1021 264 -axrosIrlo
1050 200 1095 266 IN
1123 201 1326 268 PSALMOS.

1628 213 1710 275 1182

910 363 979 426 lum
1004 364 1261 444 appropinquat,
1282 364 1339 427 sed
1361 365 1462 430 etiam
1480 366 1601 446 intrat3
1622 373 1711 436 unde

911 462 1138 524 Ecclesiastici
1161 463 1225 542 (35,
1239 463 1292 541 21)
1310 480 1318 523 ε
1335 463 1480 528 «Oratio
1496 467 1707 532 humiliantis

911 575 947 620 se
966 558 1071 622 nubes
1086 561 1238 636 penetrat
1253 558 1314 639 (1),
1336 562 1369 623 et
1390 562 1495 624 donec
1523 568 1709 644 appropin-

911 658 999 733 quet,
1027 671 1094 717 non
1123 657 1366 731 consolabitur,
1394 659 1428 721 et
1454 676 1519 721 non
1549 662 1733 738 discedet,-

911 753 1016 814 donec
1036 753 1388 830 aspiciatAltissimus.
1411 759 1487 820 »ut
1502 761 1713 836 ergoefflcax

912 850 955 911 sit
969 850 1089 923 oratio,
1105 851 1138 912 et
1153 851 1293 913 liberius
1307 853 1348 913 ad
1366 855 1470 916 Deum
1493 856 1622 920 intrare
1646 875 1710 920 va-

912 947 989 1019 leat,
1004 948 1135 1010 condiri
1158 948 1255 1012 debet
1281 951 1377 1026 quasi
1404 952 1711 1033 tbymiama,juxta

911 1043 1006 1116 illud,
1028 1043 1115 1122 quod
1142 1046 1335 1122 praecipitur
1361 1049 1468 1124 Moysi
1486 1048 1534 1128 (2)
1551 1071 1558 1110 2
1575 1070 1593 1112 c
1611 1056 1712 1116 Sume

911 1142 972 1204 tibi
985 1145 1135 1204 aromata
1154 1145 1292 1215 stacten,
1310 1145 1343 1206 et
1364 1147 1509 1228 onycha,
1529 1149 1710 1224 galbanum

911 1239 991 1300 boni
1014 1237 1138 1314 odoris,
1157 1242 1191 1302 et
1210 1240 1288 1303 thus
1303 1241 1545 1305 lucidissimum
1563 1268 1570 1306 :
1587 1247 1711 1311 iacies-

912 1336 1711 1420 quethymiamacompositumopereungentarii

913 1434 1054 1496 mixtum
1066 1435 1255 1512 diligenter,
1271 1437 1303 1498 et
1319 1453 1449 1513 purum,
1467 1440 1500 1501 et
1514 1443 1710 1505 sanctitica-

912 1530 1005 1593 tione
1020 1531 1287 1607 dignissimum.»
1297 1535 1333 1593 ln
1343 1533 1442 1596 thure
1455 1537 1608 1612 signatur
1617 1556 1713 1603 men-

913 1629 956 1690 tis
969 1629 1112 1701 devotio,
1135 1630 1190 1691 cui
1214 1627 1312 1692 debet
1331 1631 1408 1692 addi
1422 1635 1565 1707 stacten,
1583 1637 1713 1700 scilicet

914 1727 1006 1801 gutta
1018 1727 1163 1803 myrrhae
1175 1724 1234 1806 (3).
1243 1729 1381 1790 Haecest
1394 1729 1542 1808 lacryma
1556 1733 1713 1796 fluensde

915 1823 1025 1884 cordis
1042 1824 1278 1896 amaritudine,
1299 1826 1332 1886 ei
1355 1840 1459 1902 usque
1474 1829 1515 1889 ad
1532 1831 1636 1892 Deum
1652 1847 1712 1893 as-

914 1921 1057 1982 cendere
1086 1919 1186 1982 taciei
1218 1922 1339 1982 mentis
1363 1922 1594 2000 devotionem
1626 1930 1713 1991 unde

915 2019 1012 2079 lsaiae
1025 2015 1090 2096 (15,
1108 2017 1141 2098 5)
1159 2039 1166 2078 :
1184 2035 1202 2079 c
1218 2019 1283 2079 Per
1305 2033 1481 2083 ascensum
1506 2023 1606 2086 Luith
1627 2025 1712 2089 flens

915 2115 1084 2188 ascendet,
1102 2119 1136 2177 et
1148 2117 1183 2176 in
1199 2116 1256 2178 via
1269 2118 1428 2178 oronaim
1441 2120 1622 2183 clamorem
1637 2139 1715 2187 con·

914 2213 1063 2275 tritionis
1097 2212 1310 2274 levabunt.»
1338 2215 1437 2277 Luith
1473 2217 1714 2295 interpretatur

915 2325 1029 2386 genae:
1044 2313 1109 2373 Per
1127 2326 1305 2372 ascensum
1321 2327 1401 2388 ergo
1416 2314 1528 2388 Luith,
1549 2315 1636 2379 idest
1651 2334 1712 2394 ge·

915 2407 1708 2477 uarumtlensascendetadDominumoronaim

916 2505 1156 2582 interpretatur
1181 2505 1333 2568 toramen
1356 2509 1521 2581 moeroris,
1544 2513 1579 2574 et
1600 2512 1711 2588 signi·

915 2603 993 2665 ticet
1019 2603 1162 2676 oculum,
1188 2619 1365 2684 perquem
1388 2606 1559 2682 egreditur
1582 2609 1710 2672 clamor

915 2701 1024 2761 luctus
1044 2700 1228 2763 ascendens
1243 2701 1284 2762 ad
1303 2703 1490 2763 Dominum.
1506 2705 1561 2767 Sic
1571 2706 1714 2770 habetur

916 2797 1211 2876 Ecclesiastici(35,
1223 2799 1261 2859 18
1275 2801 1308 2860 et
1323 2799 1387 2878 19).
1400 2801 1540 2863 «Nonne
1555 2803 1712 2881 lacrymae

916 2893 1025 2954 viduae
1049 2894 1090 2954 ad
1111 2894 1283 2954 maxillam
1308 2894 1525 2972 descendunt,
1542 2901 1575 2961 et
1598 2901 1715 2962 excla-

917 2991 1019 3052 matio
1043 3005 1159 3052 earum
1188 2988 1237 3070 (4)
1265 3007 1367 3068 super
1393 2992 1612 3058 deducentem
1639 2999 1716 3059 east

916 3088 1102 3149 anaxilla
1129 3088 1219 3149 enim
1245 3089 1430 3153 ascendunt
1451 3107 1557 3168 usque
1579 3074 1620 3154 ad
1645 3111 1715 3156 cce-

916 3185 1032 3246 lum.»
1180 3178 1183 3189 '

956 3284 1087 3361 Apponi
1115 3283 1213 3347 debet
1244 3284 1277 3347 et
1306 3285 1449 3363 onycha,
1472 3288 1559 3364 quod
1587 3290 1714 3352 animal

917 3395 1056 3457 parvum
1072 3383 1124 3442 θεῖ
1139 3380 1198 3461 (5),
1216 3385 1310 3459 cujus
1324 3385 1463 3459 sanguis
1477 3385 1566 3448 valet
1580 3388 1621 3448 ad
1637 3404 1714 3450 con·

917 3477 1092 3538 tectionem
1104 3478 1344 3554 thymiamatis.
1362 3480 1491 3540 Dicitur
1507 3483 1617 3543 autem
1631 3501 1716 3562 ony-

918 3573 1113 3651 chanaaei
1140 3575 1261 3649 unguis
1283 3589 1357 3650 quae
1384 3579 1534 3638 exterma
1563 3595 1641 3656 pars
1663 3585 1715 3644 θεῖ

917 3670 1073 3742 hominis,
1104 3669 1179 3731 ideo
1213 3671 1382 3746 significat
1415 3678 1712 3751 perseverantiam,

918 3783 1091 3845 quaecum
1122 3767 1386 3844 praecedentibus
1408 3770 1444 3830 in
1480 3773 1633 3835 oratione
1665 3777 1716 3839 est

917 3865 1119 3938 necessaria,
1146 3881 1187 3924 ne
1213 3866 1287 3941 post
1314 3867 1498 3928 orationem
1524 3871 1716 3935 transeatur

917 3963 958 4024 ad
980 3962 1083 4026 rerba
1098 3963 1248 4035 scurilia,
1265 3963 1318 4024 vel
1337 3964 1525 4027 maledicta.
1544 3967 1638 4030 Unde
1653 3973 1718 4032 itc-
1748 4007 1751 4018 ι

918 4061 1099 4123 clesiastici
1123 4059 1187 4144 (34,
1207 4059 1262 4140 29)
1279 4083 1286 4122 :
1304 4063 1426 4123 «Unus
1448 4078 1549 4126 orans
1572 4067 1607 4129 et
1629 4083 1715 4129 unns

917 4159 1121 4221 maledicens
1139 4181 1146 4219 ε
1163 4161 1259 4236 cujus
1284 4175 1402 4222 vocem
1424 4162 1582 4226 exaudiet
1596 4167 1713 4227 Domi-

918 4257 1005 4319 nusl
1031 4275 1050 4317 n
1083 4257 1163 4318 Item
1189 4256 1235 4336 (v.
1255 4255 1308 4336 31)
1326 4275 1368 4319 :a
1394 4260 1487 4322 Sicut
1514 4261 1628 4335 homo,
1657 4265 1715 4341 qui

915 4356 1046 4432 jejunat
1057 4355 1092 4416 in
1105 4355 1251 4432 peccatis
1272 4355 1341 4416 suis
1356 4357 1521 4418 etiterum
1537 4359 1653 4419 eadem
1664 4360 1717 4421 ia-

918 4452 1022 4521 ciens,
1038 4451 1115 4528 quid
1133 4452 1264 4530 proiicit
1288 4453 1495 4515 humiliando
1511 4459 1573 4516 set
1588 4458 1626 4519 Et
1638 4473 1716 4519 ora-

917 4550 1043 4612 tionem
1070 4553 1142 4627 ejus
1168 4549 1241 4626 quis
1261 4549 1375 4610 audiet
1397 4549 1471 4628 (6)t
1496 4569 1515 4611 θ
1537 4555 1576 4615 Et
1602 4555 1713 4631 paulo,

918 4648 992 4724 post
1009 4668 1016 4707 :
1033 4647 1230 4724 Deprecatio
1244 4662 1304 4722 pro
1325 4649 1482 4724 peccatis,
1492 4651 1649 4713 recedere
1664 4655 1716 4716 est

919 4743 961 4806 ab
972 4743 1135 4820 injustitia
1149 4761 1156 4818 ;
1172 4747 1211 4805 Et
1225 4745 1348 4805 iterum
1362 4744 1425 4822 (35,
1440 4745 1493 4826 20)
1512 4749 1624 4820 :cQui
1639 4750 1716 4811 ado·

919 4844 973 4903 rat
999 4843 1101 4904 Deum
1137 4842 1172 4904 in
1200 4841 1422 4904 oblectatione
1447 4844 1659 4922 suscipietur,
1683 4851 1717 4910 et

956 5061 996 5134 (1)
1011 5059 1096 5136 Vulg.
1111 5077 1117 5118 :
1132 5063 1203 5136 ejus.

956 5151 997 5220 (6)
1019 5152 1134 5209 Animal
1160 5167 1279 5224 parvum
1303 5160 1347 5210 est
1369 5159 1424 5210 etc.
1449 5153 1548 5212 Glossa
1568 5155 1628 5215 ord.
1646 5157 1715 5220 bic:
1737 5178 1742 5192 ·

920 5220 1028 5278 Onicbc
1048 5223 1170 5280 ostreola
1194 5221 1280 5281 iertur
1294 5239 1359 5281 ease
1383 5225 1512 5297 partulo,
1529 5239 1618 5283 suave
1633 5230 1715 5288 redo·

920 5293 992 5360 lens,
1009 5293 1206 5366 magnitudine
1222 5294 1339 5352 humaui
1353 5296 1468 5368 unguis,
1485 5296 1601 5354 undeet
1615 5301 1719 5360 onicbe

920 5376 1016 5436 grece
1029 5362 1141 5429 dicitur,
1160 5365 1225 5436 quia
1248 5366 1330 5438 onyx
1354 5379 1459 5440 grace,
1480 5365 1582 5426 dicitur
1601 5373 1717 5443 unguis.

958 5433 999 5503 (6)
1015 5435 1100 5507 Vulg.
1117 5452 1123 5492 :
1141 5435 1284 5493 exaudiet.
1387 5501 1388 5504 Ἴ
