4114 6396
88 305 157 368 lost
322 261 336 290 ι
452 307 560 370 PARS
588 307 732 370 PRIMA.
748 333 790 352 -·
810 307 1029 368 Expostulo
1061 305 1105 369 IN
1136 305 1338 372 PSALMOS.
1636 305 1716 366 1058

80 465 181 539 gatum
205 463 256 526 est
278 465 453 540 argentum
476 455 709 538 humanitatis,
738 465 860 528 docens
916 467 979 538 tos,
996 467 1053 544 qui
1068 465 1360 544 quantumcunque
1382 463 1508 537 bibant,
1531 463 1713 543 quantum-

78 575 131 620 uos
144 560 298 622 similiter
317 577 466 623 cremare
478 565 636 624 stannum
656 563 767 625 carnis
782 578 862 624 nos·
916 579 1046 640 cunque
1059 563 1274 638 exhauriant,
1291 578 1461 640 nunquam
1474 561 1641 624 carebunt
1655 561 1716 622 ad-

78 659 140 726 trac,
166 657 201 718 ut
230 659 403 732 argeutum
423 659 544 722 animas
566 659 663 736 plene
685 661 861 736 purgatum
915 661 1033 722 versis.
1060 661 1123 722 Sed
1143 661 1307 722 Dominus
1331 659 1508 722 inclinavit
1526 675 1569 720 ex
1593 659 1714 720 hocin

78 751 226 814 reddatur
240 753 359 815 factori
373 769 444 816 suo.
916 757 990 828 hoc,
1006 758 1085 835 quia
1106 759 1142 818 in
1167 757 1324 834 praesenti
1339 755 1435 818 nobis
1456 757 1657 834 temperarit
1671 773 1714 817 ex

112 854 160 912 Ne
174 855 432 913 revocesawm
450 855 591 916 dtmtdto
613 857 750 917 uterum
761 867 860 916 mco-
916 855 1096 931 prosperis,
1126 856 1159 916 et
1187 854 1357 926 adversis,
1384 855 1417 916 et
1443 854 1492 916 sic
1524 853 1616 916 calix
1649 853 1714 915 iste

76 963 148 1008 rtem
178 952 215 1009 dn
241 948 511 1022 generationem,
538 951 573 1012 et
599 951 862 1026 generationem
916 951 1012 1012 nobis
1031 952 1082 1013 est
1096 951 1214 1028 plenus
1239 951 1349 1020 misto,
1368 949 1600 1028 prosperitatis
1617 950 1713 1012 scili-

75 1048 151 1104 anut
162 1045 224 1104 tut.
239 1043 316 1105 Dies
327 1044 426 1122 hujus
442 1045 520 1108 vitae
539 1047 668 1108 dimidii
684 1045 861 1124 suntquis
916 1049 978 1120 cet,
996 1049 1029 1110 et
1041 1048 1266 1110 adversitatis.

75 1141 252 1217 semipleni,
268 1157 335 1202 non
349 1141 506 1219 periecti;
524 1144 611 1205 unde
623 1144 659 1204 ln
670 1143 861 1206 Proverbiis
955 1149 998 1208 In
1010 1145 1282 1221 commotionem,
1306 1145 1341 1207 et
1352 1145 1612 1222 generationem
1627 1147 1713 1205 anast

77 1236 117 1317 (4,
132 1236 199 1316 18):
215 1240 416 1300 «iustorum
428 1240 665 1318 semita,quasi
681 1241 741 1302 lux
753 1241 862 1318 splen·
916 1243 977 1304 tut.
1006 1243 1095 1304 Anni
1116 1244 1284 1320 justorum
1310 1245 1388 1304 sunt
1408 1241 1713 1318 ingenerationem

74 1335 161 1409 dens,
175 1334 334 1412 procedit,
357 1337 390 1398 et
407 1337 530 1400 crescit
552 1353 656 1415 usque
673 1337 715 1400 ad
731 1338 862 1416 perlec-
916 1337 1077 1412 tiliorum,
1101 1343 1136 1402 et
1164 1340 1415 1416 generationem
1440 1341 1607 1416 nepotum,
1634 1339 1713 1416 quia

73 1433 249 1494 tumdiem.
265 1433 376 1496 »Dies
398 1435 509 1496 autem
531 1435 661 1510 aeterni,
674 1434 747 1496 dies
771 1433 861 1512 pleni
916 1451 975 1514 per
993 1452 1106 1513 opera,
1127 1453 1201 1515 quae
1224 1439 1383 1514 tanquam
1406 1435 1494 1498 tilios
1513 1437 1710 1512 genuerunt,

73 1531 155 1602 sunt,
172 1531 205 1593 et
219 1530 376 1608 perlecti;
393 1533 481 1596 unde
494 1533 589 1595 lsaiae
605 1532 671 1613 (60,
690 1535 728 1595 19
739 1535 772 1595 et
782 1531 859 1611 20):
916 1535 1110 1611 pervenient
1123 1531 1166 1595 ad
1180 1533 1254 1596 dies
1266 1535 1401 1596 aeternas
1424 1533 1712 1611 benediceremus

71 1629 169 1689 «Non
184 1628 251 1690 erit
263 1627 324 1690 tibi
334 1629 478 1707 amplius
489 1633 539 1691 sol
552 1631 593 1692 ad
609 1629 786 1692 lucendum
802 1645 862 1708 per
914 1635 1072 1708 tanquam
1084 1633 1275 1708 nepotesex
1291 1631 1381 1704 tiliis,
1397 1631 1484 1694 idest
1498 1646 1541 1692 ex
1555 1631 1712 1708 operibus

72 1726 163 1796 diem,
179 1739 240 1786 uec
251 1726 408 1802 splendor
422 1727 513 1788 lunae
525 1727 730 1790 illuminabit
739 1727 860 1789 ts:sed
914 1731 1134 1805 generantum
1164 1728 1252 1790 unde
1279 1729 1506 1791 Ecclesiastici
1533 1727 1598 1808 (44,
1616 1727 1710 1790 10ad
1798 1747 1804 1754 ·

71 1823 133 1884 erit
144 1821 202 1884 tibi
216 1822 377 1884 Dominus
391 1823 424 1884 in
440 1824 548 1885 lucem
563 1824 811 1901 sempiternam,
828 1826 861 1886 et
915 1823 1094 1904 13):‹llli
1118 1825 1184 1887 viri
1206 1826 1446 1888 misericordia
1461 1828 1551 1899 sunt,
1570 1840 1711 1902 quorum
1758 1873 1762 1880 .

70 1922 152 1982 Deus
179 1919 256 1982 tuus
285 1920 320 1981 in
346 1921 488 1996 gloriam
511 1923 613 1982 tuam.
635 1923 710 1984 Neu
732 1921 861 1984 occidet
915 1923 1054 2000 pietates
1069 1937 1136 1984 non
1149 1922 1345 1985 doluerunt:
1360 1924 1580 1984 Cumsemine
1595 1937 1711 1984 eorum

71 2017 153 2079 ultra
166 2017 216 2079 sol
235 2018 324 2092 tuus,
349 2023 382 2080 et
403 2017 483 2080 luna
505 2020 562 2081 tua
587 2035 654 2081 non
669 2019 858 2082 minuetur:
914 2022 1110 2097 permanent
1130 2019 1229 2093 bona,
1246 2020 1425 2082 baereditas
1440 2023 1555 2082 sancta
1573 2021 1712 2096 nepotes

70 2115 142 2192 quia
159 2115 317 2176 Dominus
340 2116 405 2178 erit
424 2114 485 2177 tibi
499 2115 532 2177 in
556 2117 664 2177 lucem
684 2117 860 2194 sempiter-
914 2117 1564 2189 eorum,etintestamentisstetitsemeu
1576 2131 1709 2178 eorum:

69 2227 153 2283 nam,
173 2212 206 2274 et
226 2212 481 2289 complebuntur
494 2212 566 2275 dies
580 2211 689 2276 luctus
705 2213 754 2274 tui
769 2230 799 2274 s.
811 2213 860 2274 lbi
915 2215 948 2275 et
971 2213 1032 2274 tilii
1048 2228 1163 2275 eorum
1181 2217 1316 2291 propter
1334 2214 1410 2276 illos
1432 2229 1535 2290 usque
1554 2213 1590 2274 in
1611 2217 1713 2275 aeter·

70 2309 155 2370 enim
166 2310 275 2382 acute,
287 2310 321 2371 et
332 2311 570 2387 circumspecte
582 2309 739 2387 respiciet
749 2311 860 2373 anima
915 2326 995 2372 num
1020 2312 1175 2384 manent;
1190 2327 1303 2372 semen
1322 2326 1449 2383 eorum,
1465 2315 1499 2372 et
1512 2310 1621 2386 gloria
1645 2325 1708 2372 eo-

67 2406 252 2468 illuminata
274 2407 380 2468 radiis
402 2406 519 2484 gloriae
542 2408 613 2479 Dei,
630 2409 664 2469 et
682 2408 861 2483 prasentia
914 2423 988 2470 rum
1009 2423 1077 2469 non
1100 2406 1397 2486 derelinquetur.»
1417 2410 1537 2470 Semen
1565 2410 1709 2470 Sancto-

67 2504 126 2565 Dei
146 2503 338 2580 plenissime
350 2503 488 2566 fruetur.
511 2504 555 2564 iii
568 2519 649 2566 vero
667 2503 739 2566 dies
753 2505 860 2566 nostri
914 2508 1024 2569 torum
1047 2507 1125 2567 sunt
1141 2519 1243 2583 opera
1266 2505 1353 2568 bona
1368 2507 1528 2582 tanquam
1543 2504 1605 2567 tilii
1623 2521 1630 2566 :
1645 2519 1710 2567 eo-

68 2599 861 2678 dimidiantur‚scilieetinprosperis,etadversis
914 2614 989 2662 rum
1003 2601 1152 2678 nepotes,
1168 2600 1346 2663 baereditas
1358 2602 1496 2674 aeterna,
1512 2617 1587 2678 quae
1597 2599 1711 2678 acqui·

67 2697 103 2758 in
118 2698 178 2758 bac
190 2697 269 2760 vita.
285 2698 346 2760 Vel
356 2697 405 2759 sic
422 2719 429 2758 :
444 2697 521 2760 Dies
535 2698 613 2760 vitae
628 2697 862 2761 nostraedimi-
913 2699 1000 2760 ritur
1011 2714 1072 2775 per
1084 2697 1171 2760 bona
1182 2712 1284 2775 opera
1294 2698 1467 2760 meritoria
1478 2714 1538 2774 per
1552 2698 1708 2774 gratiam.

68 2794 211 2866 diantur,
220 2794 391 2858 scilicetin
402 2795 582 2872 prosperis,
595 2797 628 2857 et
640 2795 803 2858 adversis.
820 2798 857 2856 In
913 2797 953 2858 ut
964 2795 1054 2869 nota,
1064 2796 1151 2873 quod
1166 2796 1375 2874 quadruplex
1388 2796 1440 2858 est
1452 2795 1542 2858 calix
1556 2795 1710 2856 :Primus

66 2892 173 2970 patria
188 2892 276 2953 enim
292 2893 371 2954 sunt
379 2891 453 2954 dies
467 2893 617 2970 prosperi
634 2913 641 2953 ε
657 2893 692 2954 in
705 2893 859 2969 gebenna
914 2893 1129 2970 poenitentiae,
1152 2909 1226 2970 quae
1251 2893 1426 2956 conficitur
1448 2907 1492 2954 ex
1517 2892 1640 2967 tribus3
1666 2907 1711 2953 ex

64 3005 144 3052 vero
166 2989 311 3052 adversi.
329 2992 367 3050 ln
392 2991 548 3067 praesenti
563 2990 617 3051 bis
631 2990 759 3052 duobus
781 2991 860 3052 sunt
914 2989 1024 3052 cordis
1042 2991 1258 3064 contritione;
1274 3005 1317 3052 ex
1331 2989 1707 3062 confessionisrubor03

64 3087 240 3161 dimidiati,
266 3087 344 3164 quia
372 3087 473 3162 calix,
497 3087 626 3150 scilicet
652 3088 858 3166 dispensatio
913 3089 947 3150 et
973 3103 1017 3150 ex
1039 3087 1277 3151 satisfactionis
1306 3087 1430 3150 labore.
1458 3087 1631 3150 Secundus
1658 3091 1710 3150 est

63 3185 192 3246 dierum
208 3185 410 3256 nostrorum,
425 3185 479 3247 vel
499 3185 577 3247 vitae
597 3187 731 3256 nostrae,
750 3188 800 3248 est
822 3186 857 3246 iu
912 3184 1040 3261 gloriae,
1057 3185 1114 3261 qui
1124 3183 1299 3247 coniicitur
1311 3199 1354 3246 ex
1369 3182 1544 3259 multiplici
1558 3182 1708 3245 beatitu-

63 3299 165 3345 mauu
179 3283 322 3355 Domini,
345 3283 431 3346 idest
444 3283 480 3343 in
499 3283 675 3360 potestate,
687 3283 757 3344 vini
774 3283 858 3345 meri
913 3282 990 3344 dine
1005 3282 1166 3361 corporis,
1186 3283 1221 3344 et
1234 3281 1366 3344 animm.
1387 3283 1453 3342 Per
1471 3281 1613 3358 primum
1627 3295 1708 3356 per-

62 3379 182 3456 plenus
206 3378 305 3440 misto
321 3376 424 3457 (Psal.
441 3381 490 3453 74,
506 3378 623 3458 8et9).
642 3379 706 3442 Sed
730 3380 855 3452 vinum,
912 3379 1047 3442 venitur
1060 3379 1102 3441 ad
1116 3379 1309 3442 secundum.
1324 3378 1457 3440 Tertius
1469 3377 1561 3440 calix
1574 3380 1625 3440 est
1636 3379 1711 3440 uul-

61 3476 149 3538 idest
159 3475 352 3553 jucunditas
364 3475 416 3536 est
434 3475 542 3548 bouis,
564 3475 661 3536 malis
675 3490 755 3538 vero
771 3479 855 3552 soeoe,
912 3493 974 3553 pae,
999 3477 1057 3553 qui
1077 3477 1252 3538 conficitur
1265 3490 1309 3538 ex
1331 3476 1438 3537 tribus
1455 3496 1463 3536 :
1480 3491 1523 3537 ex
1537 3474 1706 3552 superbia,

61 3574 150 3636 idest
164 3573 334 3636 damnatio
355 3575 493 3634 aeterna.
911 3573 1065 3645 avaritia,
1082 3574 1114 3634 et
1127 3572 1274 3634 luxuria.
1288 3573 1432 3644 Quartus
1447 3575 1498 3633 est
1512 3587 1631 3648 poenae,
1647 3573 1708 3649 qui

102 3675 232 3734 Plenus
244 3669 357 3732 mtsto.
374 3669 503 3731 Dicitur
523 3668 668 3741 mistum,
694 3668 772 3747 quia
787 3669 858 3730 dies
912 3669 1087 3731 coniicitur
1107 3684 1151 3730 ex
1171 3668 1347 3745 multiplici
1360 3670 1525 3730 tormento
1543 3670 1705 3745 corporis,

58 3768 170 3830 nostri
190 3767 287 3829 mixti
307 3768 385 3827 sunt
398 3767 579 3843 prosperis,
594 3767 628 3829 et
642 3765 813 3838 adversis;
826 3768 860 3829 et
912 3766 945 3828 et
959 3765 1080 3828 animm
1094 3764 1129 3825 in
1144 3764 1275 3826 interno
1290 3786 1298 3824 ε
1314 3779 1391 3826 nam
1403 3779 1462 3841 per
1476 3765 1615 3826 calicem
1630 3767 1705 3827 cul-

59 3866 120 3942 qui
135 3864 191 3926 bic
205 3864 455 3941 prosperantur,
471 3863 506 3924 et
515 3863 664 3924 adversis
675 3861 806 3936 cedunt,
821 3863 857 3926 in
913 3877 963 3940 pas
977 3862 1171 3940 pervenitur
1182 3861 1224 3924 ad
1238 3862 1378 3923 calicem
1391 3877 1507 3939 poenae.

58 3961 174 4024 tuturo
187 3963 322 4024 aeternae
335 3960 551 4023 damnatione
565 3975 697 4037 semper
717 3960 857 4022 adversa

57 4058 267 4134 tolerabunt;
284 4063 317 4120 et
337 4057 412 4119 ideo
435 4057 502 4119 laer
520 4061 593 4135 ejus
612 4072 681 4119 non
695 4059 746 4120 est
760 4058 857 4120 modo

57 4157 248 4232 exinanita,
269 4171 368 4235 quam
389 4157 468 4217 tunc
482 4153 597 4218 bibent
611 4171 857 4233 omnespecca-
1126 4137 1265 4200 SERMO
1294 4137 1492 4200 CLXXXIX·

56 4250 858 4334 t⁰P⁰⁵t⁰Pfaertt¹11³s⁰P10⁸[DOtflfitsslflmntin'
910 4279 1036 4351 Qualiter
1057 4279 1134 4336 Deus
1161 4277 1289 4335 retribuit
1312 4276 1385 4335 bona
1402 4292 1452 4352 pro
1465 4277 1563 4348 malis3
1581 4277 1704 4350 qualiter

57 4347 184 4407 fernall
195 4364 292 4423 poena
300 4349 505 4424 sustinenda,
515 4352 572 4412 sed
583 4367 649 4414 non
664 4351 725 4424 illi,
734 4349 791 4430 qui
802 4351 858 4414 bic
1209 4373 1329 4424 coronat
1343 4381 1405 4425 nos.

57 4441 247 4516 dimidiata,
256 4446 290 4506 et
299 4446 463 4520 patienter
475 4447 854 4524 hujusmodisustinent,

56 4539 117 4618 qui
129 4539 244 4602 bibent
253 4542 332 4601 tuno
343 4542 586 4617 jucunditatem
596 4547 767 4618 aeternam,
779 4547 857 4625 quia

53 4641 150 4700 Deus
166 4637 341 4700 inclinavit
355 4653 397 4699 ex
410 4639 474 4701 boc
486 4640 521 4702 in
533 4641 608 4714 boc,
625 4644 716 4705 etsie
730 4646 857 4722 tempe-

53 4735 152 4796 ravit
168 4733 265 4800 nobis
282 4735 394 4811 potum
409 4735 520 4811 istum,
535 4739 620 4798 utin
639 4742 856 4813 generatione

53 4832 218 4904 liliorum,
233 4831 266 4894 et
279 4833 495 4909 generatione
513 4836 669 4910 nepotum
684 4837 730 4898 sit
742 4853 855 4898 semen
949 4835 1116 4900 Retribuit
1146 4835 1242 4898 nobis
1268 4838 1366 4908 Deus,
1399 4835 1487 4897 idest
1511 4835 1703 4913 trequenter

50 4943 177 4990 eorum
185 4943 313 4992 merces
322 4928 484 4991 bonorum
494 4945 632 5008 operum
644 4933 854 4996 suorumvel
908 4933 1035 5004 tribuit,
1052 4934 1085 4994 et
1098 4932 1200 4994 etiam
1214 4931 1301 4993 bona
1316 4945 1376 5008 pro
1390 4931 1486 4992 malis
1501 4952 1510 4991 ε
1524 4932 1610 5009 quod
1624 4947 1700 4994 mu·-

49 5042 71 5084 «
88 5026 185 5088 calix
207 5026 243 5086 in
266 5042 368 5088 manu
394 5028 556 5090 Domini»
579 5031 630 5091 est
651 5029 854 5106 dispensatio
908 5029 1064 5091 nilestum
1085 5030 1137 5092 est
1159 5029 1195 5090 in
1217 5027 1367 5106 pluribus
1386 5028 1480 5090 locis.
1497 5028 1592 5090 Unde
1616 5033 1701 5091 Eze-

48 5123 273 5199 praemiorum
287 5123 323 5184 iu
337 5125 511 5201 potestate,
524 5127 557 5188 et
568 5125 769 5189 discretione
782 5127 852 5198 Dei,
908 5126 1024 5188 cbielis
1042 5122 1108 5204 (16,
1131 5125 1177 5206 4),
1202 5125 1259 5186 ubi
1284 5125 1373 5186 inter
1400 5125 1466 5186 alia
1488 5125 1537 5186 sic
1556 5126 1700 5190 dicitur:

48 5219 113 5296 qui
130 5221 184 5281 est
198 5220 268 5281 vini
290 5221 375 5282 meri
389 5221 496 5299 quoad
519 5222 675 5299 Angelos,
699 5224 755 5300 qul
780 5225 853 5286 sine
906 5228 948 5286 ln
962 5227 1017 5285 cltc
1031 5225 1130 5284 ortus
1145 5225 1196 5284 tut
1222 5237 1291 5284 taen
1310 5224 1361 5284 cst
1378 5227 1548 5296 precisus
1561 5229 1701 5288 umbili-

47 5317 150 5376 omni
164 5315 355 5379 turbatione
367 5317 522 5381 fruuntur
537 5321 716 5398 prosperis,
730 5321 787 5381 sed
802 5323 854 5383 est
905 5337 964 5383 sats
987 5323 1083 5390 tuus,
1098 5322 1132 5383 et
1153 5337 1244 5395 aquo
1265 5335 1334 5381 non
1352 5333 1390 5381 es
1403 5322 1471 5382 tota
1485 5325 1523 5382 tn
1540 5325 1700 5398 adactam,

47 5409 344 5475 iaecisexinanitae
359 5416 467 5491 quoad
478 5415 657 5485 daemones,
670 5416 854 5479 etdamna-
904 5433 967 5481 acc
979 5407 1051 5481 suto
1064 5419 1179 5490 sulita,
1195 5433 1258 5480 nco
1271 5417 1569 5493 inuolutopcnuts.
1582 5421 1703 5497 Loqui-

46 5613 71 5670 Ρ
88 5540 280 5688 iteum&
287 5543 597 5676 Seglfflrflufflaegauaudi
610 5545 810 5689 efffufflelndam
821 5549 1067 5622 grammaticalem
1085 5547 1168 5622 bidus
1182 5549 1238 5607 loci
1257 5549 1509 5608 constructionem.
1525 5552 1558 5608 ln
1573 5548 1700 5609 editione

207 5749 320 5794 narnus„
341 5749 413 5795 rous
432 5741 478 5797 vl.
1488 5743 1524 5800 dt

909 4505 988 4568 Nolt
1016 4503 1166 4564 obliuisci
1196 4516 1315 4564 omnes
1345 4501 1591 4564 retributiones
1614 4503 1700 4572 ejus,

949 4601 1008 4674 qut
1028 4599 1245 4674 propitietur
1272 4601 1428 4660 omuibus
1452 4599 1701 4674 iniquitatibus,

949 4697 1028 4768 tots,
1043 4697 1106 4758 eto.
1122 4693 1226 4775 (Psal.
1241 4696 1311 4767 102,
1326 4696 1347 4755 2
1360 4693 1402 4756 nd
1417 4691 1463 4776 4.)
