4184 6410
120 356 183 419 585
303 387 305 394 ·

410 533 551 598 SERMO
571 535 627 597 vi.

157 693 199 750 lle
220 703 278 748 unc
293 697 427 765 murima,
444 690 491 749 vel
512 689 687 762 confessore,
710 690 758 766 qui
778 691 879 749 dictim

396 793 449 838 voa
463 779 640 840 admirabile.

160 932 287 996 Scitote
306 934 468 1008 aemulum
488 932 689 1006 mirificavit
707 933 875 994 Dominus

254 1029 421 1116 Sanctum
435 1043 549 1092 snum
566 1025 670 1109 (Psal.
687 1031 716 1101 1,
731 1025 778 1106 1.)

163 1185 317 1248 Psalmus
331 1187 394 1250 iste
409 1187 444 1273 in
459 1186 640 1250 festivitate
659 1185 807 1266 alicujus.
823 1200 916 1247 mar·

121 1283 219 1361 tyris,
241 1283 302 1364 ‚vel
333 1283 533 1347 confessoris
557 1285 723 1356 cantatur,
749 1281 803 1344 cui
825 1297 917 1344 com-

122 1381 206 1457 petit
228 1379 311 1442 illud
334 1381 428 1464 quod
449 1380 572 1444 dicitur
585 1380 647 1462 hic
670 1402 678 1441 r
712 1379 917 1452 Mirificoett

122 1479 291 1541 Dominus
309 1479 475 1540 Sanctum
497 1483 611 1540 annm
635 1475 828 1538 Mirificavit
851 1477 918 1537 Do-

123 1574 245 1644 minus,
272 1573 358 1636 idest
385 1574 629 1648 admirandum,
665 1575 699 1636 et
730 1571 916 1634 mirabilem

123 1669 202 1732 iecit
215 1692 223 1731 ε
238 1670 278 1732 de
294 1686 359 1748 qua
376 1671 609 1734 mirificatione
625 1669 784 1732 babemus
797 1670 916 1730 Eccle-

124 1766 252 1829 siastici
267 1765 332 1848 (13,
348 1769 369 1829 2
383 1768 416 1829 et
428 1766 462 1847 3)
475 1789 483 1828 ε
498 1785 516 1828 a
530 1769 597 1830 Vas
617 1766 814 1829 admirabile
834 1782 916 1844 opus

124 1864 321 1926 Excelsi.1n
342 1864 528 1926 meridiano
547 1865 658 1926 exurit
676 1863 812 1936 terram,
829 1863 863 1924 et
882 1863 917 1924 in

125 1962 305 2039 conspectu
325 1961 454 2023 ardoris
480 1965 552 2038 ejus
572 1961 647 2039 quis
669 1959 791 2038 poterit
815 1960 918 2021 susti-

124 2059 258 2120 neret»
285 2059 352 2120 Vas
378 2057 501 2121 dicitur
526 2061 662 2120 sanctus
690 2072 750 2136 per
778 2056 917 2134 capaci-

123 2153 456 2218 tatem'humilitatis.
477 2157 601 2216 Tumor
615 2153 704 2217 enim
725 2153 836 2217 inlusa
857 2167 916 2214 re-

124 2251 251 2329 pellit:
286 2251 459 2314 humilitas
494 2252 605 2314 autem
640 2267 713 2329 quae
745 2267 805 2328 per
833 2265 916 2313 con-

123 2348 301 2411 cavitatem
343 2348 435 2410 rasis
479 2348 704 2425 significatur,
749 2347 917 2425 receptiva

123 2447 176 2508 est
197 2444 393 2528 infusorum.
417 2445 475 2507 Est
493 2445 597 2522 igitur
616 2445 678 2506 iste
701 2448 836 2507 sanctus
857 2459 918 2505 ras

124 2556 185 2619 per
207 2541 436 2620 capacitatem,
458 2542 537 2619 quia
561 2545 611 2604 est
634 2543 753 2618 mattae
774 2540 918 2603 coelestis

123 2639 319 2713 armarium,
344 2638 488 2714 spiritus
511 2638 623 2701 Sancti
644 2639 841 2710 sacrarium,
865 2637 919 2700 to-

124 2736 193 2797 tius
225 2735 399 2797 Trinitatis
433 2735 696 2799 reclinatorium.
733 2734 920 2796 Ecclesias-

128 2831 187 2894 tici
203 2830 267 2912 (50,
285 2830 337 2912 10)
355 2849 363 2894 :
378 2848 398 2893 a
413 2831 515 2905 Quasi
529 2847 589 2895 vas
602 2831 677 2894 auri
691 2831 846 2904 solidum,
863 2846 919 2893 or-

499 335 607 420 nans
637 357 781 420 ratur.
798 383 839 404 -
858 337 1077 418 axrosrmo
1106 351 1150 415 tra
1180 349 1383 414 renunes.

1703 325 1763 415 sac

967 487 1088 578 debent
1102 513 1227 576 habere
1241 513 1298 590 qul
1317 511 1397 574 sunt
1411 510 1533 574 ostium
1547 509 1583 574 ln
1599 507 1762 572 Ecclesia.

968 613 1152 689 Utrumque
1175 612 1287 672 autem
1309 609 1430 671 ostium
1452 608 1577 685 duplex
1598 605 1660 679 est,
1684 608 1763 684 quia
1828 615 1832 618 ·

968 708 1102 770 dilectio
1122 707 1182 770 Dei
1197 705 1294 769 debet
1307 705 1432 768 habere
1447 705 1526 767 ildei
1544 704 1712 777 virtutem,
1730 703 1763 765 et

969 821 1106 883 operum
1123 803 1302 883 puritatem
1317 823 1324 863 :
1345 805 1427 865 Sina
1441 803 1507 875 tide
1522 803 1611 864 enim
1629 805 1763 878 impos·
1891 872 1894 878 ¹

967 903 1063 965 stbtle
1077 902 1129 963 est
1139 907 1280 976 placare
1294 901 1365 961 Deo
1379 895 1439 978 (2).
1461 899 1600 962 Dilectio
1618 897 1764 976 proximi

969 996 1175 1076 patientiam,
1193 1000 1226 1059 et
1244 996 1467 1058 humilitatem
1485 1017 1494 1057 r
1509 997 1667 1058 videlicet
1685 995 1764 1074 quia

969 1095 1249 1172 caritaspatiens
1278 1092 1340 1166 est,
1370 1091 1515 1170 benigna
1541 1094 1601 1166 est,
1630 1093 1692 1156 etc.
1722 1093 1763 1154 ut

969 1192 1110 1270 sculpsit
1123 1192 1157 1253 in
1170 1191 1219 1254 eis
1232 1189 1422 1262 Cherubim,
1438 1191 1470 1252 et
1485 1189 1670 1268 palmarum
1685 1205 1764 1267 spe·

970 1288 1050 1362 ciac,
1067 1291 1101 1351 et
1117 1287 1318 1366 anaglypha.
1338 1290 1376 1349 ln
1396 1289 1590 1362 Cherubim,
1611 1287 1681 1349 vita
1703 1302 1766 1348 an·

969 1385 1088 1462 galtoa,
1105 1385 1139 1449 et
1154 1385 1304 1447 scientiae
1319 1385 1491 1462 plenitudo
1506 1384 1711 1461 designatur.
1727 1387 1764 1446 In

969 1485 1104 1557 omnam,
1142 1482 1178 1543 in
1213 1495 1321 1557 egone
1355 1479 1547 1543 certaminis
1575 1481 1766 1542 constantia

971 1578 1193 1654 triumphalis.
1219 1580 1257 1638 ln
1290 1581 1493 1655 onoptppbo,
1517 1576 1675 1640 videlicet
1698 1593 1766 1639 non

970 1675 1121 1752 picturis,
1152 1674 1210 1735 scd
1240 1674 1421 1750 sculpturis
1446 1674 1544 1736 valde
1570 1673 1766 1751 prominen-

971 1769 1060 1832 tibus
1086 1769 1225 1832 virtutes
1256 1771 1471 1856 excellentes,
1509 1771 1542 1832 θῖ
1576 1771 1771 1834 certissima¹

970 1867 1133 1929 bonorum
1159 1882 1297 1944 operum
1323 1866 1531 1939 documenta,
1560 1883 1634 1944 quae
1666 1881 1765 1929 nemo
1850 1875 1854 1880 '

971 1963 1107 2026 sinistre
1120 1964 1230 2028 valeat
1243 1964 1468 2044 interpretari.

1012 2063 1083 2123 Hoc
1109 2061 1159 2123 est
1185 2057 1363 2123 artificium
1399 2059 1598 2123 admirabile
1626 2060 1662 2121 in
1691 2059 1765 2122 viro

972 2159 1099 2231 sancto,
1125 2173 1208 2234 opus
1231 2158 1359 2219 excelsi
1384 2157 1445 2220 Dei
1469 2175 1477 2219 :
1505 2161 1548 2219 In
1570 2159 1766 2220 meridiano

971 2249 1139 2318 ematur
1173 2256 1283 2318 torro.
1314 2254 1404 2326 Quod
1445 2254 1610 2326 exuritur,
1644 2269 1768 2315 consu-

972 2351 1086 2426 mitur,
1100 2351 1134 2412 et
1152 2350 1358 2427 denigratur.
1378 2353 1482 2413 Terra
1497 2366 1577 2426 ergo
1599 2349 1764 2422 exuritur,

972 2463 1048 2510 cum
1063 2449 1099 2510 in
1113 2447 1186 2511 viro
1200 2450 1316 2510 sancto
1330 2447 1463 2510 affectio
1477 2449 1612 2510 terrena
1627 2448 1674 2509 ita
1690 2463 1766 2509 con-

972 2544 1125 2611 sumitur,
1153 2544 1240 2622 quod
1266 2545 1472 2622 consumpta,
1499 2560 1542 2607 ue
1575 2545 1697 2606 iterum
1724 2541 1766 2604 ad

972 2656 1048 2703 eum
1063 2640 1265 2703 desiderium
1278 2641 1405 2716 redeat,
1425 2640 1631 2718 denigratur.
1644 2643 1681 2702 In
1696 2654 1768 2701 me-

972 2737 1104 2801 ridiano
1116 2739 1252 2801 notatur
1266 2737 1388 2812 fervor,
1400 2737 1603 2799 illuminatio
1614 2736 1765 2810 orientis,

973 2835 1007 2896 et
1024 2833 1206 2897 occidentis
1224 2834 1401 2912 inspectio,
1429 2835 1508 2912 quia
1533 2835 1583 2896 sol
1604 2833 1639 2896 in
1664 2833 1768 2895 meri·

125 2929 241 2991 natum
263 2929 354 2990 omni
377 2927 488 3007 lapide
507 2929 699 3006 pretioso.»
724 2931 808 2990 Ecce
832 2928 917 3006 quod
973 2931 1073 2993 diano
1092 2931 1219 3009 positus
1240 2931 1403 2994 orientem
1422 2933 1549 3009 partem
1570 2931 1717 3008 respicit,
1735 2930 1768 2992 et

125 3025 181 3087 hic
207 3025 329 3088 dicitur
353 3041 416 3089 cos
443 3042 503 3104 per
530 3026 748 3104 capacitatem
776 3023 917 3086 humili·
973 3026 1188 3091 occidentem.
1216 3029 1263 3088 De
1297 3026 1428 3090 fervore
1456 3027 1616 3089 habemus
1647 3025 1766 3088 Eccle-

124 3123 220 3196 tatis;
235 3126 318 3184 ouri
331 3139 391 3200 per
410 3123 574 3199 fulgorem
590 3123 756 3200 caritatis;
772 3125 920 3186 solidum
974 3123 1101 3185 siastici
1130 3118 1195 3202 (38,
1218 3121 1274 3203 29)
1300 3139 1308 3184 :
1334 3138 1354 3183 a
1377 3123 1490 3200 vapor
1514 3121 1633 3200 igneus
1656 3121 1769 3184 exurit

125 3220 394 3298 perconstantiae
413 3219 535 3281 donum
552 3235 560 3282 τ
577 3215 741 3282 eructum
754 3221 850 3282 omut
862 3223 917 3282 ic-
973 3235 1093 3282 carnes
1117 3235 1243 3292 eorum,
1270 3221 1304 3282 et
1322 3219 1360 3281 in
1386 3219 1497 3282 calore
1517 3219 1606 3296 ignis
1628 3233 1768 3282 concer-

122 3319 203 3392 pide
221 3307 385 3394 prettoso,
402 3317 480 3398 quia
502 3315 786 3379 circumamictum
806 3317 919 3379 varie-
972 3313 1177 3398 taturt3);»
1196 3315 1308 3380 servor
1327 3315 1416 3378 enim
1431 3317 1582 3379 caritatis
1602 3315 1768 3378 consumit

125 3414 194 3476 tate
216 3414 386 3475 virtutum.
417 3417 626 3477 Admirabile
652 3415 703 3478 est
729 3412 819 3476 istud
843 3429 916 3486 aas,
971 3414 1010 3474 in·
1023 3428 1062 3476 ao
1082 3412 1257 3476 mollitiem
1281 3413 1500 3476 carnalitatis.
1524 3415 1571 3475 De
1592 3412 1767 3474 illumina-

125 3509 205 3590 quia
241 3509 470 3582 artificiosum,
500 3513 534 3572 et
566 3509 747 3572 artificiose
783 3523 919 3588 compo·
971 3510 1062 3573 tione
1076 3509 1156 3572 dicit
1170 3509 1350 3586 Gregorius
1367 3507 1414 3590 (4)
1433 3525 1533 3586 super
1547 3510 1642 3570 illum
1657 3510 1767 3571 locum

125 3606 238 3679 situm,
251 3609 328 3684 quia
339 3622 424 3682 opus
433 3609 584 3669 decelat.
600 3608 648 3669 De
661 3605 725 3668 hoc
740 3607 838 3669 Isaiae
851 3605 916 3686 (54,
972 3607 990 3669 J
993 3605 1034 3668 ob
1046 3627 1054 3668 r
1070 3623 1090 3666 a
1104 3607 1185 3666 (lum
1199 3606 1336 3683 spiritus
1349 3621 1402 3667 me
1417 3608 1581 3683 praesente
1593 3604 1766 3676 transiret,

126 3705 166 3768 12
191 3703 364 3783 et13):«
388 3703 547 3766 Fundabo
571 3704 605 3766 ῖθ
626 3703 662 3766 in
684 3703 863 3781 sapphiris,
886 3703 920 3764 et
973 3703 1213 3765 inhorruerunt
1236 3703 1296 3780 pili
1321 3703 1431 3764 carnis
1455 3717 1554 3778 mcae3
1581 3701 1660 3764 ubi:
1687 3703 1767 3762 Cum

124 3815 246 3879 ponam
258 3801 424 3879 jaspidem
438 3801 688 3879 propugnacula
701 3801 770 3876 tua,
794 3802 827 3862 et
840 3815 920 3877 por-
973 3800 1149 3878 pulchrum
1176 3799 1326 3861 intuetur
1349 3795 1397 3878 (5)
1422 3814 1519 3861 omne
1551 3799 1638 3876 quod
1667 3814 1769 3876 supra

124 3898 178 3961 tas
192 3898 266 3960 tuas
281 3899 317 3959 in
336 3899 464 3976 lapides
480 3898 672 3975 sculptos.»
694 3899 760 3960 Per
779 3899 920 3972 sappiri·
973 3912 1009 3957 se
1024 3895 1160 3973 appetit,
1180 3893 1470 3972 districtcjudioat
1489 3894 1647 3974 quidquid
1669 3893 1768 3956 intir-

124 4009 219 4067 runt,
236 3995 291 4073 qui
310 3996 362 4057 θεῖ
382 3995 520 4058 aetherei
542 3995 665 4057 coloris
688 3993 920 4070 significantur
973 4007 1063 4054 mum
1086 3993 1180 4070 prius
1201 3993 1238 4054 in
1261 4008 1298 4053 se
1321 3993 1480 4070 tanquam
1504 3992 1577 4054 lere
1598 3991 1766 4054 toleravit.

125 4087 188 4164 illi,
214 4106 353 4169 quorum
375 4091 584 4156 conversatio
606 4091 642 4152 in
663 4091 756 4153 coelis
771 4091 831 4153 est.
854 4091 920 4154 Per
973 4093 1020 4152 De
1035 4089 1189 4168 respectu
1205 4091 1308 4163 ortus,
1326 4091 1359 4153 et
1373 4104 1512 4152 occasus
1527 4088 1687 4152 habemus
1702 4091 1769 4152 Ec-

116 4191 305 4264 jasptdom,
322 4189 442 4270 quiesi
458 4189 586 4262 viridis,
606 4187 667 4261 illi,
682 4203 822 4267 quorum
837 4187 919 4249 fides
973 4185 1153 4250 clesiastioi
1180 4182 1225 4266 (7,
1248 4184 1301 4267 40)
1323 4207 1331 4248 =
1357 4189 1559 4249 Memorare
1579 4189 1771 4249 noomstmo

124 4286 178 4347 est
205 4285 502 4361 immarcescibilis,
531 4287 564 4348 et
599 4284 817 4348 invincibilis.
854 4287 920 4346 Per
974 4286 1045 4356 tuo,
1062 4284 1096 4347 et
1113 4287 1152 4348 tn
1172 4284 1344 4346 aeternam
1366 4297 1436 4346 non
1454 4287 1620 4360 peccabis.
1646 4284 1685 4346 m
1707 4285 1770 4345 So·

123 4383 247 4459 portos
260 4382 322 4456 illi,
338 4399 399 4461 per
417 4399 499 4461 quos
521 4381 580 4445 alii
598 4381 857 4445 introducuntur
876 4380 919 4442 ad
973 4382 1107 4460 phoniae
1122 4379 1166 4461 (1,
1183 4379 1223 4462 Ι9)
1237 4401 1244 4441 r
1256 4380 1435 4443 «visitabo
1450 4397 1551 4459 super
1565 4396 1692 4452 omnes,
1712 4379 1770 4457 qui

124 4489 277 4556 regnum,
294 4479 381 4542 sicut
394 4479 536 4556 praelati,
550 4479 585 4542 et
596 4479 845 4560 praedicatores.
860 4479 919 4540 Hae
973 4477 1170 4541 transiliunt
1196 4471 1300 4540 limen
1315 4495 1334 4540 a
1347 4475 1407 4557 (6).
1432 4477 1549 4540 Limen
1563 4477 1769 4550 transiliunt,

125 4577 238 4639 autem
251 4578 356 4656 portae
371 4574 491 4638 debent
505 4592 579 4638 esse
596 4577 734 4654 sculptae
749 4575 919 4654 sculptura
974 4576 1030 4654 qui
1055 4575 1245 4651 ingressum
1271 4575 1307 4636 in
1333 4575 1421 4637 hanc
1439 4576 1553 4647 vitam,
1579 4574 1613 4635 θῖ
1638 4573 1770 4635 exitum

125 4673 197 4746 illa,
225 4673 266 4736 de
292 4690 357 4752 qua
388 4673 489 4737 tertio
515 4675 642 4750 Regum
674 4673 806 4746 dicitur,
832 4672 919 4750 quod
966 4657 1041 4734 ¹non
1067 4673 1254 4734 attendunt.
1283 4670 1440 4749 Sequitur
1471 4672 1507 4733 in
1533 4669 1769 4736 Ecclesiastico

127 4771 285 4834 Salomon
300 4771 379 4834 iecit
393 4789 412 4832 a
426 4771 491 4834 duo
507 4771 604 4844 ostia,
619 4770 652 4833 et
666 4770 806 4848 sculpsit
819 4769 855 4831 in
870 4771 919 4831 eis
975 4768 1039 4850 (43,
1053 4767 1088 4849 4)
1101 4790 1109 4830 :
1127 4769 1323 4844 Tripltctter
1341 4782 1497 4830 emarcus
1514 4768 1660 4841 montes,
1683 4765 1772 4830 idest

125 4867 274 4948 picturas
295 4868 484 4944 Cherubim,
507 4871 543 4931 et
567 4868 753 4945 palmarum
779 4867 918 4944 species,
973 4867 1142 4929 terrenam
1180 4865 1402 4940 altitudinem,
1429 4865 1462 4928 et
1489 4879 1648 4937 amorem,
1685 4864 1772 4928 sicut

125 4967 160 5028 et
185 4966 373 5045 anaglypha
396 4965 495 5028 valde
517 4965 741 5044 prominentia
763 4961 823 5044 (1).
848 4965 920 5025 Duo
974 4963 1168 5042 praedictum
1194 4963 1274 5024 cst:
1301 4967 1495 5025 Fornoccm
1519 4963 1773 5025 custodierunt

125 5061 302 5126 iecitostia
315 5065 452 5141 propter
464 5063 629 5140 duplicem
642 5061 828 5134 caritatem,
848 5061 919 5122 sci·
975 5063 1134 5136 opertior
1152 5061 1303 5122 ordorts.
1324 5059 1546 5121 considerans
1570 5059 1660 5120 enim
1683 5075 1773 5137 prae-

126 5159 207 5222 licet
234 5161 446 5224 dilectionem
474 5161 546 5236 Del,
575 5162 608 5224 et
637 5159 793 5238 proximi,
822 5174 919 5237 quam
975 5157 1062 5220 latus
1075 5157 1250 5220 materiam
1265 5173 1338 5219 esse
1350 5155 1506 5227 terream,
1524 5155 1655 5220 scilicet
1669 5157 1771 5220 corda

177 5303 191 5358 l
227 5301 268 5358 lte
293 5343 312 5370 .,
329 5301 356 5371 6,
369 5302 414 5360 32.
975 5298 1079 5366 Paria,
1090 5304 1160 5355 tom.
1173 5297 1196 5367 l,
1208 5295 1262 5355 col.
1278 5297 1340 5366 166,
1354 5295 1608 5370 tralegitur2crrm
1621 5296 1773 5372 pulchrum

177 5371 193 5430 ²
227 5315 385 5443 degam,
401 5373 428 5430 6.
768 5439 774 5452 ,
976 5371 1101 5452 intuetur
1128 5367 1184 5452 hcc
1209 5366 1287 5452 ‘uod
1309 5381 1396 5452 super
1431 5383 1463 5426 se
1493 5368 1617 5450 appetit,
1647 5367 1773 5450 districte

165 5443 194 5510 (3
230 5442 312 5514 Vutp.
329 5445 424 5526 llapor
441 5443 517 5516 ignis
538 5450 600 5500 uret
623 5455 726 5499 carnes
748 5455 821 5514 epus,
844 5445 873 5497 ct
891 5439 921 5496 in
973 5439 1082 5512 Judrcat
1101 5437 1216 5511 qurdqm
1258 5451 1286 5494 m
1307 5451 1340 5496 se
1359 5437 1503 5496 rnllrmum
1522 5454 1601 5511 pnus
1622 5437 1776 5510 tranquille

126 5513 222 5571 calore
236 5511 361 5570 fornacis
375 5519 565 5571 concertatur.
975 5508 1125 5569 tolerabat.

163 5583 194 5655 (l
225 5585 343 5654 ilorci,
358 5584 407 5642 lib.
421 5586 455 5652 V,
468 5585 498 5640 in
511 5598 575 5656 cap.
591 5583 608 5640 l
626 5581 701 5650 lob„
717 5597 745 5640 n.
760 5581 804 5640 60.
1013 5580 1053 5653 (6)
1072 5580 1154 5651 Vulp.
1171 5579 1531 5654 Visitabosuperomncm,
1544 5579 1592 5653 qui
1605 5585 1775 5654 arroganter

164 5655 194 5728 (ὅ
224 5655 294 5714 Cum
311 5654 459 5728 pulchrum
476 5655 611 5722 intuetur,
625 5661 679 5711 etc.
697 5653 728 5711 ln
744 5653 811 5710 odit.
829 5653 919 5710 ilaur.
978 5649 1136 5725 ingreditur
1149 5650 1343 5724 superlimen.
