4204 6402
1700 333 1763 396 914¹

115 339 186 404 ors
500 305 607 404 raas
638 335 783 403 anim.
802 367 843 386 -
860 333 1079 401 nxrosrrro
1107 331 1152 398 m
1181 333 1384 437 asianos.

114 499 180 578 22)
199 521 207 562 τ
223 499 552 562 «consideralsrael
567 517 627 578 pro
646 499 711 572 bis,
725 499 782 578 qui
797 495 919 560 mortui
974 493 1105 568 delicet,
1122 495 1178 574 qui
1193 495 1386 560 attaminati
1401 491 1661 571 sontpervitia;
1678 490 1767 554 undo
1808 506 1811 520 ·
1876 493 1881 500 '

117 598 206 657 sunt
229 611 330 673 super
355 597 488 666 excelsa
513 599 570 660 tua
594 597 770 658 vulnerati.
801 593 919 672 inclyti
973 594 1135 656 vocantur
1170 593 1249 654 filiae
1278 592 1435 654 cadentes
1463 591 1585 662 morte,
1609 588 1766 652 inebriati

118 687 232 755 i'srael
248 709 350 770 super
368 697 497 756 montes
519 696 594 756 tuos
616 694 782 757 interfecti
797 694 884 754 sunt.
900 709 919 752 s
973 705 1076 752 aureo
1091 689 1197 752 calice
1211 689 1402 767 Babylonis.
1419 687 1558 750 Multum
1573 687 1662 748 enim
1677 701 1765 762 gau-

118 793 165 852 Et
175 791 333 867 sequitur
349 808 383 850 :s
396 791 565 862 Quomodo
581 792 772 853 ceciderunt
785 789 919 852 fortes»
973 787 1052 850 dent
1073 787 1164 861 mali,
1191 803 1267 848 cum
1295 787 1411 848 vident
1434 785 1591 862 praelatos
1606 783 1766 845 Ecclesiae

118 887 159 948 in
176 886 283 948 belloi
298 905 316 947 a
331 887 442 949 Nolite
456 888 663 949 annunciare
685 887 719 948 in
735 886 829 960 Geth,
854 901 917 946 ne·
973 883 1036 945 sibi
1052 885 1189 955 similes,
1207 883 1332 945 atinde
1347 883 1481 945 sumunt
1495 881 1670 944 audaciam
1687 895 1767 957 gra-

119 1000 191 1060 que
206 983 418 1045 annuncietis
437 984 472 1044 in
490 983 642 1061 compitis
662 983 835 1045 Ascalonia
852 989 859 1042 ὲ
876 999 918 1043 ne
973 971 1051 1044 vius
1065 979 1288 1058 delinquendi.
1305 981 1367 1042 Vel
1383 1001 1391 1039 ε
1406 995 1424 1039 s
1439 981 1489 1041 Na
1506 979 1661 1040 laetentur
1686 977 1766 1038 tiliae
1795 996 1800 1010 ·

118 1077 212 1142 forte
233 1080 388 1141 laetentur
409 1079 487 1140 dliae
512 1079 729 1151 Philisthiim,
755 1095 796 1140 ne
823 1077 920 1167 exul-5
974 1078 1252 1139 Philistbinorum
1265 1095 1293 1149 s,
1311 1077 1398 1138 idest
1413 1071 1627 1138 conscientiae
1644 1069 1766 1151 pecca·-

118 1176 198 1238 tent
223 1175 302 1237 dliae
321 1177 642 1238 incircumcisorum:
672 1193 692 1236 s
715 1177 834 1238 Postea
859 1191 918 1236 se·
971 1176 1093 1247 torum,
1116 1191 1189 1252 quae
1209 1175 1286 1235 sunt
1306 1173 1383 1235 dliae
1397 1174 1587 1236 vdaenronum
1609 1187 1669 1249 per
1683 1185 1765 1248 pec-

121 1273 242 1349 quitur
264 1271 454 1335 maledictio
476 1295 484 1333 :
510 1289 528 1334 s
554 1274 683 1336 Montes
705 1272 919 1348 camoenae
974 1272 1095 1344 catum,
1121 1272 1325 1348 accipientes
1353 1271 1615 1342 excusationem,
1641 1270 1674 1330 et
1700 1279 1766 1329 au-

120 1385 202 1442 ros,
238 1385 300 1431 nec
331 1369 445 1447 pluria
479 1370 593 1432 ueniat
629 1369 676 1449 (1)
712 1385 813 1447 super
842 1383 917 1442 ros,
973 1367 1103 1430 daciam
1118 1369 1152 1430 in
1168 1369 1315 1446 peccato.
1331 1368 1524 1430 Licetenim
1536 1365 1670 1443 plurimi
1685 1379 1767 1442 prae·

119 1481 234 1544 neque
262 1463 330 1528 sint
360 1465 433 1542 agri
469 1467 691 1543 primitiarum
723 1489 730 1527 :
760 1465 838 1544 quia
871 1465 919 1528 ibi
973 1466 1116 1527 latorum
1135 1465 1202 1527 sint
1222 1466 1358 1526 Montes
1382 1468 1512 1537 Gelbes,
1539 1463 1627 1524 idest
1645 1461 1767 1522 lubrici

121 1563 278 1640 abjectus
320 1564 371 1625 est
413 1563 548 1640 clypeus
590 1561 745 1636 iortium,
785 1564 918 1641 clypeus
973 1577 1033 1638 per
1046 1562 1290 1623 immunditiam
1305 1561 1394 1633 vita,
1412 1577 1479 1622 non
1494 1561 1571 1622 sunt
1583 1561 1696 1621 tamen
1709 1571 1768 1619 co-
1898 1645 1900 1650 Ι

123 1659 220 1733 Saul,
245 1659 341 1736 quasi
362 1675 428 1720 non
474 1661 695 1723 essetunctus
723 1661 814 1732 oleo,
840 1677 920 1721 san-

123 1757 230 1832 guine
250 1754 297 1836 (2)
319 1756 569 1818 interfectorum
585 1773 619 1831 »;
644 1758 697 1819 vel
716 1758 836 1834 potius,
853 1773 919 1819 ma-

122 1853 314 1915 ledicentur
336 1855 501 1929 sanguine
529 1854 789 1916 interfectorum.
824 1853 917 1916 Diri-

123 1951 218 2026 gitur
232 1963 341 2011 sermo
355 1949 396 2011 ad
411 1951 584 2027 praelatum
599 1971 608 2011 t
624 1953 649 2012 0
663 1952 777 2022 lsrael,
794 1966 918 2027 eprae-

123 2047 205 2118 late,
224 2047 281 2124 qui
293 2047 387 2108 vides
402 2049 505 2108 Deum
520 2063 581 2125 par
596 2049 775 2125 Scripturas
788 2048 918 2109 intelli·

123 2144 285 2219 gentiam,
302 2159 369 2204 nou
388 2145 500 2206 tarsen
516 2159 576 2223 per
595 2145 915 2222 contemplationem,

123 2241 180 2303 vel
206 2241 436 2317 operationem
459 2239 591 2303 bonam.
616 2259 635 2302 θ
657 2241 835 2303 Considera
857 2256 918 2318 pro

125 2337 193 2406 his,
207 2338 264 2414 qui
279 2338 401 2400 mortni
416 2339 527 2413 sunia
545 2339 653 2416 quasi,
669 2339 842 2400 considera
853 2355 918 2415 poe·

125 2449 189 2494 nas
213 2433 274 2494 tibi
297 2435 509 2497 imminentes
534 2451 593 2512 pro
615 2436 694 2510 illis,
710 2437 767 2513 qui
782 2436 823 2496 ad
836 2451 917 2512 pra-

125 2545 204 2592 vum
225 2534 412 2609 exemplum
437 2533 530 2594 tuum
545 2533 667 2596 mortui
687 2535 775 2606 sunt,
792 2549 866 2594 cum
881 2535 916 2594 in

126 2627 262 2689 excelso
277 2629 362 2690 solio
377 2631 411 2691 te
426 2630 578 2692 viderent
596 2632 710 2692 contra
722 2629 782 2692 Dei
797 2630 915 2706 legam,

127 2724 162 2785 et
179 2724 344 2801 justitiam
366 2723 555 2799 facientem,
581 2728 614 2788 et
637 2727 672 2786 bi
696 2725 830 2788 luerunt
850 2741 917 2788 non

128 2821 338 2898 quicumque,
362 2821 572 2900 sedinolyti.
599 2823 716 2900 inclyti
741 2824 818 2886 sunt
851 2823 917 2886 viri

123 2917 217 2994 justi,
234 2920 268 2980 et
279 2917 393 2980 ddeles
408 2919 454 2980 de
463 2920 622 2993 Ecclesia,
637 2921 693 2996 qui
707 2919 918 2983 intericiun-

127 3015 183 3076 tur
197 3029 298 3090 super
311 3017 450 3087 montes,
467 3016 552 3078 idest
562 3032 661 3094 super
675 3017 830 3093 praelatos
844 3033 918 3096 ope-

128 3111 221 3172 ribus
238 3111 308 3172 suis
326 3113 450 3188 pravis.
474 3115 513 3175 iit
536 3114 685 3191 sequitur
699 3113 835 3175 verbum
850 3131 916 3177 no-

126 3209 228 3271 tabile
245 3229 252 3268 =
269 3225 287 3268 s
306 3209 475 3280 Quomodo
502 3211 693 3273 ceciderunt
716 3211 818 3273 sortes
832 3228 851 3272 s
863 3215 916 3273 ls-

127 3306 208 3378 rael,
226 3305 314 3368 idest
327 3307 469 3383 praelati,
487 3309 544 3386 qui
559 3307 722 3386 quomodo
742 3309 919 3382 corruant,¹

128 3419 194 3466 non
209 3402 365 3465 dehemus
381 3407 587 3467 annunciare
602 3407 639 3468 tn
653 3409 744 3478 dett,
759 3407 846 3484 quod
859 3407 916 3469 in-

128 3501 328 3577 terpretatur
341 3501 507 3576 torcular3
525 3503 587 3562 boc
603 3509 652 3564 est
668 3517 779 3564 coram
799 3503 917 3566 diviti-

128 3596 198 3670 bus,
217 3598 453 3675 etpotentibus
476 3599 576 3675 hujus
598 3599 724 3670 saeculi,
748 3601 804 3677 qui
831 3600 918 3661 divi-

128 3696 190 3758 tias
213 3697 412 3773 extorquent
438 3709 631 3772 pauperum,
657 3695 744 3758 sicut
770 3697 918 3758 torcular

128 3795 251 3856 vinum.
274 3793 335 3854 Vel
359 3815 367 3852 :
387 3794 500 3855 Nolite
524 3797 739 3855 annunciare
764 3796 801 3854 irs
816 3795 917 3866 θείω

130 3891 221 3967 quasi
237 3890 327 3951 dicat
343 3892 393 3950 :0
416 3905 476 3951 vos
497 3889 639 3966 praelati,
664 3889 766 3952 nolite
786 3889 917 3966 publice

129 4001 276 4062 peccare,
292 3986 340 4048 ita
353 3985 439 4063 quod
454 3987 565 4062 pateat
580 3985 768 4063 potantibus
785 4005 794 4046 ε
809 3989 917 4048 noctu

128 4085 282 4158 compito
291 4069 480 4157 ascalonis,
496 4083 560 4145 hoc
580 4085 631 4146 est
643 4097 754 4145 coram
771 4082 918 4160 quolibet

129 4181 311 4256 peccatore.
323 4181 565 4242 Ascalonemm
576 4181 816 4258 interpretatur
830 4180 917 4257 ignis

129 4275 302 4349 homicida,
320 4293 379 4354 per
392 4279 478 4354 quod
494 4279 695 4354 intelligitur
708 4280 797 4355 ignis
813 4280 916 4339 luxu-

130 4373 199 4443 riae,
222 4377 255 4434 et
274 4374 436 4445 avaritiae,
458 4376 512 4436 vel
533 4376 672 4438 alterius
691 4377 764 4438 vitii
789 4376 919 4438 interil-

131 4469 247 4531 cientis
267 4470 413 4530 animam
432 4471 588 4532 bominis.
613 4474 674 4534 Vel
692 4495 699 4534 ι
719 4474 833 4536 Nolite
852 4487 918 4536 aa·

972 1674 1044 1720 ram
1069 1659 1286 1720 saecularibus
1308 1657 1503 1720 infamandi
1522 1659 1679 1734 Sequitur
1698 1671 1765 1716 au·

973 1756 1039 1817 tem
1054 1755 1245 1816 maledictio
1254 1755 1370 1818 contra
1383 1753 1468 1817 tales
1484 1756 1624 1826 montes,
1642 1753 1698 1814 ubi
1714 1752 1767 1812 di-

973 1853 1061 1914 citur
1082 1869 1090 1912 :
1115 1853 1185 1913 Nec
1208 1868 1263 1913 ros
1286 1851 1408 1914 divinae
1422 1853 1551 1928 gratiae,
1571 1867 1633 1913 nec
1652 1849 1767 1926 pluvia

974 1949 1163 2025 sapientiae,
1187 1949 1240 2010 vel
1260 1949 1419 2010 doctrinae
1434 1949 1548 2009 veniat
1572 1961 1672 2023 super
1691 1960 1764 2018 voS,
1791 2019 1796 2026 ,

972 2061 1034 2107 nee
1049 2047 1116 2108 sint
1131 2047 1202 2122 agri
1218 2046 1453 2122 primitiarum,
1471 2045 1598 2106 fructus
1622 2035 1767 2106 ierente's

973 2143 1112 2205 Domino
1127 2144 1329 2220 primitivos3
1346 2143 1516 2204 diiiicilius
1528 2144 1579 2204 est
1593 2143 1681 2203 enim
1694 2133 1764 2212 eos,
1781 2191 1782 2195 ,

973 2255 1047 2301 oum
1060 2241 1137 2300 sunt
1152 2240 1244 2312 mali,
1259 2241 1464 2311 convertere,
1487 2253 1587 2316 quam
1602 2239 1688 2300 alios
1701 2251 1765 2304 ru·

973 2338 1041 2410 des,
1058 2340 1092 2398 et
1106 2338 1285 2414 simplices.
1309 2339 1465 2415 Sequitur
1479 2353 1520 2397 :s
1546 2335 1595 2397 Ibi
1617 2334 1765 2412 abjectus

973 2435 1023 2496 est
1046 2434 1181 2512 clypeus
1212 2435 1302 2506 Saul,
1329 2451 1347 2495 s
1384 2435 1470 2496 idest
1499 2434 1564 2496 viri
1592 2432 1763 2503 tortitudo,

972 2547 991 2591 s
1005 2532 1103 2608 quasi
1117 2547 1183 2592 non
1199 2531 1288 2594 esset
1300 2532 1420 2592 unctus
1436 2532 1510 2593 oleo
1523 2548 1552 2603 s,
1569 2529 1655 2592 idest
1669 2528 1765 2607 quasi

972 2643 1039 2690 non
1052 2628 1153 2690 fuerit
1167 2627 1365 2707 baptizatus.
1385 2629 1434 2689 Ad
1450 2629 1594 2690 litteram
1609 2627 1698 2688 enim
1713 2625 1767 2686 vi-

972 2725 1097 2797 demus,
1116 2740 1176 2802 per
1189 2726 1379 2802 exemplum
1404 2741 1582 2803 pravorum
1607 2723 1767 2784 sacerdo-

972 2823 1038 2884 tum
1056 2822 1205 2884 subditos
1214 2823 1305 2884 trahi
1317 2823 1357 2883 ad
1370 2823 1541 2899 peccatum
1554 2823 1598 2885 ita
1609 2821 1649 2882 de
1659 2820 1763 2892 iacili,

972 2935 1011 2980 ao
1026 2921 1055 2980 si
1069 2920 1176 2982 virtus
1190 2920 1347 2996 baptismi
1361 2921 1453 2980 nulla
1464 2923 1555 2980 esset
1569 2919 1603 2979 in
1619 2919 1679 2980 eis.
1699 2915 1764 2978 Sed

971 3017 1038 3093 ipsi
1064 3017 1306 3078 maledicentur
1333 3032 1354 3078 a
1381 3018 1545 3093 sanguine
1571 3014 1767 3077 interfecte
1845 3037 1846 3044 ¹

971 3129 1056 3186 rum,
1071 3113 1157 3175 idest
1171 3113 1212 3174 ab
1227 3115 1287 3187 eis,
1304 3115 1361 3192 qui
1374 3128 1434 3192 per
1448 3113 1636 3190 exemplum
1649 3125 1764 3174 eorum

972 3212 1049 3272 sunt
1062 3210 1242 3286 interiecti,
1259 3212 1337 3289 quia
1350 3212 1471 3273 clamat
1481 3211 1619 3287 sanguis
1634 3223 1762 3281 eorum,

972 3307 1059 3369 sicut
1082 3308 1239 3370 clamarit
1260 3310 1399 3384 sanquis
1426 3308 1509 3371 Abel
1531 3309 1647 3370 contra
1669 3306 1762 3368 Cain.

972 3407 1019 3466 De
1038 3405 1102 3466 hoc
1122 3407 1234 3467 monte
1260 3406 1381 3468 dicitur
1399 3407 1435 3467 in
1453 3405 1597 3468 Threnis
1618 3403 1662 3484 (5,
1684 3402 1736 3482 18)
1754 3423 1762 3464 ε

971 3503 1153 3578 «Propter
1186 3504 1330 3564 montem
1366 3502 1446 3564 Sion
1484 3503 1562 3580 quia
1599 3499 1763 3578 disperiit,

971 3597 1088 3676 vulpes
1103 3599 1360 3662 ambulaverunt
1372 3601 1408 3660 in
1423 3615 1474 3661 θο.
1496 3617 1514 3660 >›
1537 3600 1628 3671 Sion,
1648 3597 1767 3659 Eccle-

972 3695 1038 3770 sia;
1053 3697 1160 3766 Mous,
1177 3697 1335 3772 praelatus
1349 3697 1548 3758 constitutus
1562 3697 1595 3756 in
1614 3695 1762 3772 specula,

972 3793 1029 3871 qui
1044 3793 1123 3869 quia
1137 3792 1309 3869 dispesriit
1321 3794 1456 3870 propter
1466 3793 1692 3855 diversitatem
1706 3792 1763 3853 vi-

973 3890 1106 3961 liorum,
1121 3895 1251 3963 stupes,
1271 3889 1357 3952 idest
1380 3889 1504 3952 diaboli
1528 3890 1563 3950 in
1583 3905 1622 3950 ea
1646 3887 1765 3949 ambu-

972 3987 1053 4058 lant,
1080 3986 1116 4047 in
1140 4001 1180 4048 ea
1201 3987 1311 4048 locum
1330 3986 1465 4060 habent,
1487 3988 1520 4049 et
1538 3984 1764 4051 demoliuntur

972 4084 1167 4157 Ecclesiam,
1191 4084 1426 4147 contrahentes
1452 4085 1494 4146 ad
1515 4100 1551 4146 se
1577 4083 1764 4146 multitudi-

971 4197 1046 4243 nem
1062 4181 1280 4243 subditorum.

1012 4279 1196 4356 Sequitur:
1221 4281 1520 4356 supercrearetur
1533 4295 1640 4355 super
1662 4281 1765 4341 Ltbc-

971 4391 1055 4438 num
1069 4377 1206 4451 [ructas
1221 4379 1307 4449 ejas.
1322 4379 1465 4440 Fructus
1480 4376 1644 4456 siquidem
1663 4376 1765 4438 arbo-

972 4489 1057 4545 rum,
1078 4473 1164 4534 idest
1187 4473 1349 4535 bonorum
1373 4489 1510 4552 operum
1535 4474 1764 4551 superomnia

129 4570 296 4630 attrectare
307 4571 344 4628 tu
359 4567 460 4640 Gallu
476 4569 572 4643 quasi
587 4569 676 4631 dicat
692 4592 700 4630 ε
716 4572 791 4633 Non
807 4571 918 4634 divul-
971 4570 1168 4646 temporalia
1190 4571 1406 4643 extolluntur,
1434 4587 1508 4649 quae
1532 4570 1764 4646 significantur

129 4664 210 4739 getis
224 4663 361 4740 peccata
376 4662 488 4724 vestra
501 4663 700 4739 potentibus,
714 4668 747 4726 et
759 4667 847 4739 aliis,
859 4667 916 4744 qui
972 4681 1032 4743 per
1052 4670 1232 4738 Libanum,
1261 4668 1347 4745 quod
1377 4669 1617 4745 interpretatur
1641 4667 1762 4728 candi-

129 4774 185 4837 per
218 4759 372 4822 ardorem
394 4759 588 4836 'iniquitatis
617 4761 750 4822 accensi
785 4778 844 4832 se,
885 4749 918 4824 et
972 4763 1072 4824 datio.
1093 4763 1184 4826 Vel:
1214 4765 1514 4839 supereminenter
1535 4779 1642 4839 super
1662 4767 1765 4826 Licu-

130 4857 210 4920 alios
227 4857 417 4920 interlicere
432 4873 500 4918 non
515 4859 684 4918 verentur.
700 4859 914 4936 assequitur,
971 4875 1054 4921 cum
1069 4863 1205 4936 fructus
1219 4865 1306 4934 ojus,
1324 4861 1408 4938 quod
1425 4876 1492 4922 non
1507 4862 1547 4923 de
1557 4862 1655 4924 malis
1670 4861 1766 4924 intel·

130 4971 227 5032 quare
240 4969 306 5018 non
320 4955 441 5016 debent
454 4954 593 5030 vnlgars
610 4975 617 5014 :
631 4956 681 5015 Ne
697 4955 826 5017 scilicet
837 4957 917 5019 «lae-
971 4957 1097 5034 ligitur,
1111 4957 1167 5019 sed
1181 4958 1221 5019 de
1235 4958 1343 5031 bonis,
1359 4975 1496 5036 qnorum
1509 4959 1600 5031 fides,
1613 4960 1646 5021 et
1657 4959 1763 5022 virtus

128 5053 416 5116 tenturindalllise
432 5051 752 5125 Philistlrinorum»,
769 5054 917 5116 malivi—
971 5057 1143 5132 permanet
1161 5056 1197 5117 in
1216 5057 1389 5118 eternum.
1414 5057 1491 5118 Vita
1515 5059 1627 5118 autem
1656 5058 1765 5120 malo-

162 5221 200 5292 (lt
220 5220 306 5293 vulg.
324 5221 472 5278 :veniant
970 5222 1069 5282 solitus
1082 5221 1270 5292 retrocadere,
1277 5221 1390 5294 gladius
1398 5222 1491 5280 Saulis
1501 5237 1557 5281 nun
1580 5238 1645 5282 uam
1655 5224 1764 5284 redibat

163 5293 201 5362 ti)
227 5293 374 5364 Sanguine
405 5289 628 5349 interfectorum.
655 5291 757 5349 Versio
793 5291 914 5350 Arabica
969 5309 1086 5351 vacuus.
1102 5293 1400 5365 ›ltaqueellusionem
1412 5295 1562 5368 sanguinis
1597 5296 1764 5370 ulgatsjun-

130 5361 214 5434 legit:
230 5383 241 5412 «
259 5363 407 5418 Omontes
421 5361 560 5419 Gelboe...
577 5363 712 5433 qnoniam
725 5361 761 5417 ibi
774 5360 860 5421 lracts
872 5369 916 5421 est
970 5364 1013 5436 git
1033 5365 1183 5421 sententiae
1203 5365 1350 5436 posteriori
1371 5380 1378 5421 :
1397 5365 1422 5421 A
1438 5367 1580 5438 sanguine
1597 5367 1759 5424 interiecto·

130 5432 222 5490 lauces
245 5434 408 5506 gigantum,
425 5431 524 5489 lancea
549 5433 652 5500 Saulis,
675 5431 723 5504 qui
737 5441 917 5491 unctuscrst
970 5450 1043 5518 rum,
1062 5436 1098 5494 ab
1115 5435 1198 5506 adipe
1209 5435 1333 5504 sortium,
1351 5435 1455 5510 sagitta
1470 5435 1601 5494 lenatia
1616 5451 1761 5508 nunquam

130 5503 187 5560 oleo
203 5518 210 5558 :
227 5509 256 5559 et
277 5503 390 5584 impleta
411 5509 455 5560 est
474 5509 547 5560 terra
568 5509 663 5560 vestra
675 5503 817 5576 sanguine
830 5517 916 5561 ceso·
969 5505 1051 5562 rediit
1067 5512 1237 5576 retrorsum3
1257 5506 1377 5563 Arabica
1398 5519 1467 5564 voro
1487 5507 1632 5576 anteriori,
1652 5514 1681 5563 et
1697 5507 1763 5565 Ver·

131 5588 196 5652 rum,
213 5579 242 5630 et
255 5572 385 5644 adipibus
399 5573 561 5646 gigantum.
580 5595 591 5624 ι
615 5573 733 5642 Deinde,
754 5581 858 5646 puncto
876 5576 916 5631 in·
969 5575 1079 5634 sionem
1095 5577 1178 5634 istem
1195 5575 1241 5634 liic
1253 5582 1367 5634 secutus
1382 5585 1426 5634 est
1440 5584 1536 5636 noster
1551 5578 1681 5635 Sanctus.

131 5651 252 5717 tcryocto,
268 5643 463 5715 prosequitur:
480 5665 490 5694 ι
508 5643 773 5703 Arcuslonatllsuis
786 5659 842 5703 non
853 5654 914 5704 orat
953 5715 959 5723 q·
