4158 6380
728 859 1134 1040 'nourruu

416 1227 438 1274 n
468 1212 507 1274 ll.
540 1213 577 1272 Ρ.
608 1209 795 1274 JOANNE
827 1211 885 1270 DE
918 1209 976 1270 hh
1006 1205 1136 1268 ΗΑΥΕ
1165 1211 1454 1264 couscurrruu.

847 1391 933 1456 (mo
946 1389 1027 1454 tell.)

651 1946 922 2036 BENIGNO
973 1943 1227 2034 LECTORI

159 2201 339 2264 Promissis
353 2216 561 2279 nequaquam
576 2201 710 2274 starem,
729 2200 759 2260 si
776 2197 911 2260 sancto-
964 2193 1149 2256 amicorum
1163 2207 1280 2270 preces
1294 2190 1492 2269 importunas
1507 2189 1705 2266 coegissent,
1722 2189 1755 2250 et

118 2313 192 2359 rum
217 2298 343 2361 ordinis
370 2298 476 2360 nostri
500 2297 669 2374 seraphici
697 2289 911 2357 monumenta
965 2289 1172 2352 validissima
1192 2289 1233 2350 ad
1255 2289 1287 2350 id
1311 2288 1499 2364 impulisset
1517 2289 1615 2359 ratio,
1638 2301 1757 2362 nempe

118 2394 186 2457 luci
200 2396 253 2457 uel
268 2395 506 2466 emendatiora,
522 2394 575 2455 uel
590 2393 742 2455 auctiora
757 2407 823 2454 non
838 2405 913 2452 res·
966 2388 1208 2449 Bibliothecam
1230 2386 1377 2446 nostram
1397 2388 1670 2446 Frartctscancm
1685 2381 1756 2445 fore

117 2491 285 2564 tituerem,
312 2493 350 2554 ut
380 2491 515 2553 undem
548 2489 698 2551 sanctam
725 2487 912 2566 posteritati
965 2481 1204 2558 imperfectam,
1221 2481 1256 2542 ni
1278 2480 1424 2543 omnium
1444 2479 1642 2556 scriptorum
1662 2480 1758 2540 ante-

119 2587 311 2664 consignem
340 2588 583 2650 auzwaaeacm
616 2589 910 2647 Franciscccom:
966 2579 1126 2655 signanus
1146 2578 1345 2639 Franciscus
1365 2577 1460 2638 inea
1484 2576 1626 2653 primum
1648 2575 1756 2638 locum

119 2684 252 2745 hincab
267 2683 392 2762 aliquot
404 2683 513 2753 annis,
526 2683 601 2760 post
614 2681 783 2744 absolutos
795 2680 830 2741 in
846 2684 912 2742 (lc-
966 2675 1140 2748 obtineret,
1192 2675 1317 2736 eisdem
1365 2673 1590 2736 caracteribus
1638 2673 1757 2751 quibus

119 2779 501 2844 nestmtlommentarios
511 2781 654 2851 nostroe,
663 2777 910 2856 quatuortomis
966 2773 1104 2845 alumni,
1115 2773 1283 2846 exaratus,
1296 2773 1365 2834 tum
1374 2787 1448 2832 cum
1457 2771 1622 2832 neminem
1632 2772 1754 2847 putem,

121 2879 154 2938 S.
170 2877 368 2939 Bernardini
387 2877 545 2939 Senensis
566 2891 668 2954 opera
688 2875 854 2945 distincta,
879 2875 911 2935 et
966 2872 1023 2948 qui
1034 2870 1146 2931 divum
1157 2869 1245 2930 hunc
1256 2885 1324 2930 non
1333 2867 1465 2945 diligat3
1479 2868 1645 2929 neminem
1656 2868 1756 2928 etiam

119 2975 331 3046 correctiora,
344 2976 461 3037 etcum
476 2974 698 3051 plurimorum
711 2973 910 3034 tractatuum
966 2968 1022 3046 qni
1037 2968 1073 3028 in
1092 2967 1163 3028 suis
1176 2966 1400 3038 bibliothecis,¹
1420 2965 1568 3043 ejusdem
1583 2965 1756 3042 magnitu-

120 3069 299 3142 additione,
310 3071 372 3132 tibi
387 3070 491 3134 obtuli
507 3087 627 3133 munus
641 3085 708 3132 non
723 3070 906 3146 ingratnm3
966 3065 1054 3125 dinis
1069 3079 1109 3125 ac
1124 3065 1266 3125 aliorum
1281 3078 1393 3140 opera,
1417 3077 1484 3124 non
1503 3061 1584 3124 uelit
1600 3063 1711 3138 legere
1726 3063 1759 3124 et

120 3182 220 3238 nunc,
237 3167 384 3244 perlecta
407 3169 442 3229 in
456 3171 619 3230 dandum
642 3168 756 3229 nostra
778 3165 913 3243 exposi-
967 3162 1064 3240 quasi
1088 3161 1277 3238 loquentem
1301 3160 1429 3222 andire.
1455 3161 1623 3232 Quomodo
1645 3161 1755 3222 autem

119 3263 210 3325 tione
232 3264 369 3326 litterali
399 3265 432 3327 et
457 3264 677 3341 conceptuali,
707 3265 742 3325 in
766 3263 911 3324 medium
966 3260 1038 3322 haec
1052 3259 1189 3321 inventa
1209 3259 1388 3336 opuscula,
1405 3274 1465 3319 cur
1483 3257 1654 3334 hucusque
1669 3257 1757 3318 deli·

120 3360 284 3438 prodeunt
298 3363 512 3424 monumenta
524 3363 636 3423 omnia
648 3364 716 3424 tum
731 3361 838 3422 nostri
853 3375 911 3421 se·
965 3358 1091 3420 tuerint
1113 3373 1120 3417 :
1151 3371 1267 3418 eorum
1292 3356 1450 3418 collector
1471 3357 1504 3416 et
1527 3357 1700 3432 reparator
1722 3354 1758 3416 in

119 3457 250 3534 raphici
262 3458 463 3534 patriarchae
475 3459 659 3530 Francisci,
675 3459 745 3522 tum
761 3461 833 3535 ejus
848 3458 913 3519 dis·
967 3455 1056 3516 hunc
1080 3453 1223 3526 modum,
1238 3453 1274 3514 in
1297 3455 1513 3529 Praefatiouc
1535 3469 1596 3514 sna
1620 3453 1661 3515 ad
1686 3453 1757 3516 lec·

120 3553 223 3632 cipuli
254 3555 287 3616 S.
323 3555 458 3617 Antonii
493 3556 662 3630 Paduani3
702 3555 913 3618 subsecuturi
966 3553 1082 3624 torem,
1097 3551 1295 3614 satisfaciet:

119 3651 213 3714 brevi
241 3651 355 3728 plures
379 3667 422 3713 ex
453 3655 546 3713 MSS.
575 3653 737 3714 tractatus
762 3653 912 3728 insignes
1007 3649 1100 3722 Quod
1112 3649 1306 3712 delituerint
1319 3649 1492 3728 hucusque
1507 3647 1579 3712 haec
1593 3650 1678 3712 tanti
1693 3651 1758 3713 viri

122 3751 155 3810 S.
183 3747 329 3810 doctoris
360 3748 394 3810 et
429 3747 612 3809 cardinalis
649 3750 911 3810 Bonaventurae:
967 3747 1145 3824 opuscula,
1168 3763 1236 3808 non
1264 3745 1385 3808 obinde
1411 3749 1570 3824 unquam
1594 3763 1660 3808 non
1685 3763 1757 3818 sua,

119 3844 780 3921 tandemcoronidemimponentaliorum
790 3846 913 3921 scripta
968 3844 1223 3920 contemnenda3
1240 3841 1306 3903 nisi
1321 3844 1354 3904 et
1368 3859 1442 3920 quae
1457 3842 1599 3904 aliorum
1614 3845 1692 3906 sunt
1705 3845 1760 3905 in-

119 3941 305 4004 beatorum.
967 3938 1128 4011 dubitata,
1154 3938 1285 4001 noviter
1308 3939 1451 4015 reperta,
1480 3938 1703 4002 irreverenter
1726 3944 1760 4002 et

161 4041 262 4110 Quam
279 4038 426 4101 laborem
441 4039 660 4116 impenderim
676 4038 711 4100 in
726 4037 929 4115 evulgando·
966 4037 1091 4098 temere
1116 4033 1300 4112 rejicienda
1329 4034 1483 4096 velimus.
1508 4039 1558 4098 An
1583 4036 1661 4113 quia
1685 4039 1760 4114 post

121 4135 277 4207 Antonio,
297 4135 375 4213 quid
399 4135 440 4198 de
463 4152 549 4199 novo
572 4136 767 4208 addiderim,
792 4135 912 4213 quihus
967 4133 1058 4194 mille
1072 4132 1230 4196 centenos
1242 4147 1347 4194 annos
1363 4133 1517 4194 inventus
1530 4132 1571 4194 ab
1585 4133 1711 4196 illustri
1725 4137 1759 4197 et

120 4231 369 4304 illustraverim,
385 4233 420 4294 in
435 4233 595 4310 prooemio
610 4233 652 4294 ad
667 4234 816 4294 eumdem
831 4232 912 4294 bre·
966 4231 1062 4294 docto
1073 4231 1146 4293 viro
1157 4230 1282 4293 Davide
1294 4231 1402 4292 Rhoto
1416 4229 1617 4305 Hiberno,in
1632 4235 1759 4296 Biblio-

119 4326 208 4388 uiter
228 4325 384 4399 reseram,
409 4328 487 4404 quid
508 4329 619 4390 autem
641 4328 852 4406 praestiterim
875 4329 912 4390 in
966 4329 1064 4392 theco
1089 4333 1263 4392 chuluna
1287 4327 1526 4391 canonicorum
1551 4329 1758 4406 regularium

121 4423 298 4502 opusculis
318 4427 356 4485 D.
376 4425 548 4487 Francisci
569 4441 589 4486 a
611 4440 664 4486 me
685 4426 725 4486 de
745 4439 831 4488 nouo
849 4441 910 4486 re·
965 4426 1000 4486 in
1022 4425 1167 4498 Etruria,
1189 4424 1275 4486 liber
1286 4429 1337 4487 De
1359 4427 1466 4502 pestis
1487 4429 1620 4502 Petunti
1642 4431 1757 4489 contra

120 4519 221 4591 cusis,
238 4535 304 4582 non
325 4523 375 4582 est
394 4522 472 4598 quid
487 4521 666 4598 proteram,
683 4522 824 4583 aliorum
849 4522 913 4584 ho·
966 4523 1178 4585 adversarios
1192 4522 1322 4599 gratiae,
1339 4521 1380 4583 ab
1395 4523 1576 4600 eodemque
1588 4525 1758 4587 extractus

119 4617 196 4678 nori
211 4619 244 4679 et
258 4617 367 4680 studio
382 4618 557 4681 detrahere
570 4619 714 4692 nescius,
728 4618 785 4680 sed
800 4621 911 4707 potius
966 4635 1026 4696 per
1042 4619 1214 4682 illustriss.
1237 4621 1274 4680 l).
1300 4621 1434 4681 Petrum
1457 4619 1677 4682 Lombardum
1696 4638 1757 4684 ar-

119 4715 305 4790 consulere,
336 4715 513 4791 posteritas
546 4716 634 4776 enim
658 4731 790 4792 semper
815 4719 912 4793 grata
966 4716 1214 4794 chiepiscopnm
1231 4715 1490 4788 Armachanum,
1511 4717 1613 4778 totius
1631 4717 1755 4781 Hiber-

121 4813 213 4874 tanto
223 4811 397 4886 beneflcio,
409 4828 446 4874 se
456 4827 524 4874 eaa
536 4815 575 4875 R.
587 4813 762 4874 admodum
773 4818 809 4874 P.
822 4816 911 4875 Luca
965 4814 1030 4874 niae
1046 4813 1231 4890 primatem,
1248 4813 1454 4890 respuendus
1468 4815 1624 4891 tanquam
1640 4831 1759 4894 suppo·

120 4908 297 4985 wadingo,
309 4909 382 4972 viro
392 4909 630 4981 eruditissimo,
643 4911 742 4988 hujns
752 4913 911 4988 temporis
966 4911 1090 4973 sititius
1108 4911 1286 4986 Augustini
1308 4909 1417 4984 foetus,
1443 4912 1498 4988 qui
1525 4927 1584 4988 pro
1609 4911 1757 4989 legitimo

120 5007 226 5068 altero
239 5007 395 5079 Baronio,
412 5007 539 5069 ordinis
554 5009 660 5070 nostri
680 5007 800 5070 decore
814 5011 847 5071 et
861 5023 912 5070 or·
966 5007 1105 5069 seorsim
1128 5007 1241 5070 multis
1260 5010 1330 5084 jam
1353 5007 1475 5085 prodiit
1495 5009 1531 5069 in
1549 5009 1642 5082 locis,
1666 5013 1699 5074 et
1723 5013 1756 5074 in

119 5103 275 5165 namento
288 5103 465 5178 singulari,
475 5104 645 5182 accepisse
658 5103 845 5177 testabitur,
854 5107 911 5183 qui
966 5105 1112 5166 editione
1145 5105 1328 5166 Parisiensi
1367 5120 1455 5166 anno
1495 5107 1583 5178 1614,
1627 5111 1757 5171 caeteris

120 5213 248 5259 summo
265 5197 398 5260 dabore
425 5200 460 5260 in
487 5215 589 5260 unum
618 5201 757 5264 collecta
786 5200 911 5278 publici
965 5203 1113 5280 ejusdem
1134 5202 1280 5264 doctoris
1302 5203 1457 5279 operibus
1477 5203 1623 5268 insertus
1642 5208 1703 5278 est,
1724 5213 1758 5270 et

19 5372 30 5394 4
119 5293 198 5356 fecit
208 5295 307 5371 juris,
329 5295 531 5358 doctissimis
546 5298 716 5360 illustrate
738 5315 909 5360 commen·
965 5315 1061 5376 quern
1077 5299 1149 5377 ipse
1167 5298 1223 5360 lib.
1241 5301 1271 5360 ll
1287 5304 1337 5362 Dc
1351 5301 1487 5362 Peccot.
1507 5306 1608 5379 orto..
1632 5321 1661 5365 c.
1683 5321 1755 5376 mv,

118 5391 226 5453 tariis.
248 5393 314 5452 cnr
335 5408 414 5469 ergo
436 5409 476 5456 ea
496 5394 604 5456 denuo
624 5397 711 5474 typis
726 5397 910 5459 mandave-
965 5396 998 5458 et
1012 5397 1070 5458 lib.
1088 5399 1128 5469 ll,
1152 5398 1317 5469 Retroct„
1339 5412 1368 5458 c.
1393 5413 1498 5470 xnvn,
1523 5415 1559 5460 se
1581 5401 1757 5478 scripsisse

120 5487 184 5548 rim
212 5487 298 5550 sorte
318 5489 554 5566 sciscitaberis,
577 5492 721 5569 ingenue
743 5493 909 5555 referam:
964 5495 1116 5566 testatur,
1142 5509 1240 5571 quem
1264 5495 1364 5558 etiam
1390 5499 1533 5573 Prosper
1556 5499 1588 5560 et
1609 5499 1698 5560 Beda
1721 5500 1756 5561 in

119 5601 329 5665 nequaquam
365 5587 427 5649 hoc
460 5604 544 5651 onus
582 5591 814 5667 suscepissem,
845 5592 911 5654 nisi
965 5591 1320 5669 suisoperibuscitant,
1331 5596 1639 5669 bececionemque,
1650 5599 1673 5658 t.
1684 5599 1755 5671 Vll,

263 5731 376 5776 remon.
396 5735 470 5778 rous
490 5721 536 5778 vl.
1598 5728 1611 5782 1
