4184 6410
94 239 155 303 vol

95 401 196 462 modo
218 400 252 462 61
266 399 455 478 religiosus,
472 417 547 464 cum
566 400 658 464 videt
678 401 892 476 secularem

95 498 186 559 unde
200 497 235 558 in
251 498 367 559 eodem
380 498 616 561 Ecclesiastico
632 495 697 578 (41,
713 496 746 578 8)
760 519 768 559 6
784 497 894 560 «Filii

95 595 383 658 abominationum
397 599 475 658 sunt
487 593 534 676 (1)
551 595 611 656 tilii
624 598 847 673 peccatorum,
862 595 896 656 et

96 693 156 771 661
172 693 415 754 conversantur
430 708 527 754 secus
542 693 657 754 domos
672 693 895 772 impiorum.»

97 789 894 867 Etidenapparuitmortuusmortuomtitapos·

76 931 80 938 .
96 888 203 948 simus
216 903 336 963 sugere
351 888 403 950 lac
418 888 519 949 ubere
533 888 774 950 consolationis
788 889 872 964 ejus.

140 986 297 1062 Sequitur
316 1007 324 1045 ι
341 990 423 1046 Duos
436 989 521 1048 mtbt
536 989 625 1056 crim
641 986 673 1047 ei
695 987 779 1046 Osee
797 1006 804 1044 ι
820 979 893 1046 Du-

97 1099 172 1144 cam
195 1097 280 1144 eam.
306 1084 344 1143 ln
369 1083 482 1144 Exodo
507 1082 641 1158 legitur,
667 1081 754 1159 quod
779 1081 895 1143 eduxit

96 1179 256 1256 populum
278 1179 437 1243 Dominus
458 1178 494 1240 iu
519 1178 746 1240 solitudinem.
769 1179 809 1240 Et
832 1193 894 1239 nos

96 1277 216 1338 eduxit
243 1276 403 1339 Dominus
429 1292 489 1353 per
514 1277 688 1340 lavacrum
713 1276 748 1336 in
775 1275 895 1336 solitu-

97 1375 211 1435 dinem
237 1373 415 1435 mundanee
439 1373 715 1435 conversationis.
742 1375 817 1434 Dux
842 1372 894 1432 si-

98 1472 232 1548 qnidem
247 1471 390 1549 quatuor
403 1470 484 1532 facit
502 1491 509 1532 :
526 1469 678 1533 Ostendit
691 1469 791 1542 viam,
808 1469 894 1531 diri·

52 1623 57 1634 .
97 1569 157 1644 git,
172 1569 325 1646 protegit,
337 1569 370 1631 61
382 1568 554 1630 666166161.
570 1569 730 1630 Dominus
741 1567 895 1628 omnibus

97 1666 195 1728 nobie
212 1665 356 1728 ostendit
370 1666 488 1728 viam«
503 1666 537 1726 in
552 1666 708 1728 columna
723 1664 820 1726 66116
836 1679 895 1742 666

98 1764 198 1838 diem,
215 1765 248 1825 61
262 1764 297 1824 16
311 1763 465 1825 columna
478 1763 566 1838 ignis
582 1778 642 1840 per
656 1765 786 1825 noctem
799 1778 818 1823 ›
832 1758 893 1840 (2).

485 241 593 304 PARS
624 239 767 303 Pullus„
788 268 828 286 -
848 239 1068 304 uxaoslrlo
1090 241 1135 303 IN
1158 243 1359 306 PSALMOS.

1684 250 1749 310 702

950 399 1053 474 recta,
1082 401 1199 464 vivens
1223 403 1395 466 memoria.
1423 405 1474 468 Ex
1499 405 1551 466 ira
1579 404 1747 485 siquidem

949 497 1077 574 peccati
1103 500 1262 564 turbatus
1283 502 1499 564 essecutus:
1522 518 1585 565 neo
1610 505 1744 578 mirum,

950 611 1025 657 oum
1039 597 1156 659 oculus
1169 597 1205 659 in
1217 599 1355 674 pulvere
1369 615 1522 662 essenon
1535 602 1651 678 possit,
1667 604 1747 680 quin

947 691 1116 770 turbatum
1133 695 1174 756 de
1194 711 1260 774 666
1274 697 1413 773 6616666
1428 697 1551 760 dicitur
1567 715 1574 759 :
1592 715 1611 759 6
1630 699 1747 762 Ρ61616

949 803 996 862 66,
1013 791 1046 853 61
1057 791 1092 852 16
1105 791 1277 876 pulverem
1291 795 1472 856 6666616616
1488 793 1547 876 (4).
1561 811 1581 857 s
1596 798 1645 858 iix
1666 799 1747 860 tunc
1826 868 1829 877 ¹

949 893 1065 948 666166
1077 889 1219 951 66116616
1241 891 1401 954 turbatus
1420 893 1484 964 eat,
1503 894 1746 970 sensualitatis,

949 983 1591 1069 6166666616.Ι161616666616(1,13)ε
1607 1007 1626 1052 6
1640 992 1748 1054 Oltam

950 1096 1147 1144 succensam
1168 1099 1230 1160 ego
1253 1085 1351 1148 video
1377 1101 1398 1146 a
1420 1085 1507 1148 16616
1527 1089 1749 1164 Aquilonis.»

950 1179 1024 1240 0116
1040 1181 1093 1243 661
1108 1197 1168 1244 666
1180 1184 1362 1256 terrenum,
1379 1185 1413 1245 61
1434 1184 1582 1257 6666616,
1605 1201 1748 1248 666666-

950 1292 1024 1338 sum
1044 1279 1165 1341 ardore
1187 1280 1378 1357 mundanae,
1400 1282 1434 1344 61
1453 1283 1599 1344 66666116
1619 1299 1747 1345 66666-

950 1373 1133 1450 piscantiae.
1150 1379 1190 1438 ut
1205 1376 1400 1440 1666116616
1420 1379 1608 1456 Aquilonis,
1624 1380 1711 1443 idest
1727 1397 1748 1444 a

949 1470 1032 1534 11616
1058 1474 1284 1550 suggestionis
1317 1475 1452 1537 diaboli.
1483 1477 1523 1538 m
1554 1477 1602 1539 ita
1629 1493 1749 1540 66666-

950 1568 1047 1631 dente
1061 1569 1152 1632 iumo
1173 1571 1214 1632 ab
1230 1572 1297 1634 olla
1312 1589 1474 1636 succensa
1493 1566 1647 1637 turbatur
1666 1591 1749 1638 oeu-

949 1665 1001 1726 lus
1029 1667 1183 1741 rationis,
1214 1670 1247 1730 et
1275 1670 1516 1744 sensualitatis,
1549 1671 1649 1736 sicut·
1666 1671 1749 1736 dicit

950 1762 1056 1824 Isaiae
1077 1760 1248 1843 (21‚1):‹
1268 1766 1358 1826 0666
1380 1765 1504 1828 deserti
1526 1768 1642 1842 maris,
1658 1770 1747 1832 siout

98 1864 165 1922 Per
179 1861 309 1922 noctem
324 1861 403 1922 vitae
417 1859 608 1928 mundanae,
623 1859 713 1921 viam
732 1858 896 1920 amaritn-
948 1858 1101 1920 turbines
1126 1860 1265 1923 veniunt
1291 1862 1474 1937 61116166,
1493 1864 1535 1926 da
1554 1866 1645 1928 tarra
1665 1866 1748 1929 bor-

99 1958 188 2019 dinis
212 1973 274 2020 nos
304 1956 411 2030 docet,
440 1973 504 2035 666
533 1956 706 2034 praecessit
731 1955 893 2017 Christus.
949 1955 1087 2017 ribili.»
1105 1960 1171 2019 Per
1192 1975 1295 2033 mare,
1319 1975 1379 2021 cor
1401 1960 1597 2037 humanum,
1618 1964 1749 2026 scilicet

98 2054 221 2132 Dirigit
233 2055 333 2117 etiam
344 2071 405 2116 nos
418 2055 569 2116 Christus
584 2069 644 2132 per
658 2055 790 2116 noctem
803 2053 896 2138 igno·
949 2054 1135 2129 peccatoris
1157 2055 1370 2134 intelligitur,
1390 2058 1478 2136 quod
1503 2063 1656 2123 movetur
1674 2061 1749 2123 sine

98 2153 230 2226 rantiae,
251 2167 349 2230 quam
371 2151 550 2225 illuminat,
574 2152 607 2214 et
627 2150 717 2213 lucet
735 2152 894 2229 16666666
949 2149 1079 2225 ordine,
1096 2155 1130 2214 et
1144 2153 1285 2216 6611666.
1308 2155 1402 2218 Sicut
1418 2155 1587 2230 turbines,
1602 2159 1748 2220 616666-

98 2250 199 2326 ignis,
220 2250 348 2312 seilicet
371 2249 543 2312 doctrinae.
569 2248 719 2325 Protegit
736 2248 894 2325 16666666
950 2247 1152 2311 mutationes
1170 2252 1275 2312 maris
1296 2253 1436 2314 veniunt
1455 2252 1497 2314 ab
1517 2253 1641 2327 Africo,
1658 2255 1748 2318 idest

98 2348 204 2408 nubes
231 2345 272 2407 ab
296 2348 381 2408 6616
403 2345 635 2418 tentationum,
666 2345 700 2406 et
724 2345 893 2416 vitiorum,
950 2343 1082 2407 diabolo
1108 2346 1205 2410 166166
1233 2349 1393 2426 tunquam
1418 2349 1569 2412 turbines
1594 2352 1744 2429 pulveris
1786 2407 1788 2414 .

99 2444 264 2522 praestans
287 2443 384 2504 nobis
408 2458 478 2504 suae
498 2442 739 2504 consolationis
761 2440 896 2503 blandi·
949 2444 1150 2505 excaecantis
1172 2445 1288 2507 oculos
1308 2446 1430 2508 cordis.
1454 2449 1494 2510 Et
1517 2447 1602 2510 bene
1625 2448 1748 2511 dicitur
1847 2477 1854 2484 ·

98 2541 258 2602 mentum.
288 2538 469 2612 Sustentat,
497 2539 530 2601 61
554 2537 709 2601 subvenit
736 2541 895 2616 tanquam
949 2539 1117 2601 desertum
1131 2556 1171 2603 eo
1182 2542 1269 2620 quod
1284 2559 1303 2604 6
1317 2543 1447 2605 ratione
1457 2543 1670 2608 discretionis
1682 2546 1744 2608 de·-

99 2638 196 2699 firma
211 2636 383 2712 columna3
400 2636 434 2698 61
453 2635 528 2698 ideo
551 2635 637 2697 bene
657 2635 802 2698 dicitur:
821 2638 896 2697 Dux
949 2636 1083 2699 seritur.
1099 2640 1140 2700 ut
1153 2639 1261 2701 eidem
1274 2640 1418 2703 dicitur:
1433 2644 1747 2720 Γ16666166666661·

100 2735 184 2797 mibi
208 2735 285 2796 eris.
313 2733 491 2811 Sequitur:
516 2735 651 2810 Loquar
673 2732 715 2794 ad
737 2745 806 2794 cor.
830 2734 895 2794 Lo-
949 2735 1748 2820 6661111111111616661661666(5),11661666-

100 2832 212 2911 6611666
235 2831 394 2893 Dominus
418 2831 459 2892 ad
489 2846 557 2903 cor,
584 2830 717 2909 quando
740 2830 895 2893 subvehit
944 2832 1049 2908 joras,
1069 2832 1103 2894 at
1123 2833 1270 2896 minores
1292 2835 1428 2896 6661666
1452 2837 1597 2913 peccatu
1619 2838 1653 2900 et
1671 2837 1747 2901 ideo

99 2930 183 2992 illud
195 2929 230 2990 in
242 2927 399 2991 ecstasim
412 2928 718 3005 contemplationis,
733 2928 820 2990 unde
831 2927 894 2992 Job
948 2926 1032 2990 bene
1054 2929 1293 3008 subjungitur:
1317 2935 1365 2994 De
1389 2932 1481 2995 terra
1504 2933 1659 2996 horribili
1680 2952 1743 2999 ve-

100 3028 239 3106 loquens
255 3027 296 3088 de
310 3026 396 3099 1666,
413 3042 512 3103 quiam
527 3024 702 3088 abscondit
716 3028 803 3088 Deus
817 3041 893 3086 ma·
949 3027 1055 3100 61661,
1072 3027 1159 3090 idest
1169 3043 1212 3090 ex
1226 3028 1299 3106 ipsa
1313 3031 1597 3108 concupiscentia.

100 3126 153 3199 116,
170 3125 218 3187 611
233 3123 297 3204 (36,
313 3125 365 3196 33,
381 3124 477 3198 et37,
491 3121 523 3203 1)
536 3145 544 3185 z
560 3139 579 3184 6
592 3123 783 3186 6166666161
799 3122 840 3185 de
854 3137 894 3184 ea
989 3124 1083 3187 Unde
1099 3125 1136 3187 in
1148 3126 1291 3188 Threnis
1306 3127 1343 3188 in
1357 3128 1418 3190 illo
1432 3128 1529 3191 titulo
1542 3129 1673 3192 scilicet
1692 3132 1748 3192 in·

101 3223 208 3286 amico
224 3237 297 3295 suo,
313 3221 399 3300 quod
423 3236 598 3300 possessor
617 3223 690 3298 ejus
709 3222 764 3283 sit.
788 3223 895 3298 Super
948 3221 1079 3285 titulato
1095 3222 1136 3284 61
1149 3223 1208 3284 1116
1219 3224 1342 3298 littera,
1355 3241 1429 3303 qua
1444 3225 1568 3289 dicitur
1579 3232 1657 3301 Res,
1669 3245 1744 3307 6666
1834 3249 1837 3264 ·

100 3321 163 3382 166
179 3320 313 3396 expavit
326 3336 385 3382 666
400 3336 510 3382 meum
525 3321 697 3395 mptum
715 3318 845 3381 scilicet
858 3319 894 3379 in
948 3319 1189 3397 interpretatur
1209 3321 1337 3398 666166,
1354 3323 1537 3385 6116116666
1557 3325 1653 3401 Vide,
1674 3329 1745 3388 Do·-
1870 3378 1876 3384 .

100 3418 255 3480 66616616
266 3414 756 3496 6661666161166166611166(3)
769 3418 894 3479 motum
949 3417 1050 3490 mine,
1083 3419 1241 3496 quoniam
1266 3420 1418 3493 tribulor,
1456 3421 1672 3485 conturbatus
1695 3425 1748 3488 est

101 3516 152 3578 est
165 3515 207 3577 de
220 3514 294 3578 loco
309 3531 381 3588 666,
399 3514 486 3577 idest
500 3513 541 3575 de
553 3513 668 3576 babitu
682 3514 828 3576 terrenae
843 3513 896 3574 di·-
949 3516 1174 3577 6661666666
1188 3537 1195 3576 ε
1212 3513 1408 3578 subversum
1429 3521 1482 3580 661
1499 3535 1558 3581 666
1578 3535 1688 3582 meum
1710 3522 1746 3584 in

101 3612 266 3675 lectionis,
950 3612 1156 3688 memetipsa,
1193 3613 1350 3690 quoniam
1385 3616 1609 3679 amaritudine
1647 3617 1746 3694 61666

950 3723 1023 3768 sum
1038 3729 1046 3768 ε
1063 3707 1145 3770 16616
1160 3710 1319 3772 interficit
1333 3711 1476 3788 gladius,
1497 3715 1531 3774 61
1551 3714 1640 3775 domi
1655 3731 1746 3777 mors

950 3805 1072 3868 similis
1087 3807 1190 3882 est3»
1214 3808 1310 3884 quasi
1334 3808 1451 3870 dicat:
1475 3810 1570 3886 Vide,
1593 3812 1746 3887 Domine,

951 3902 1108 3979 quoniam
1130 3903 1327 3967 1611616616
1351 3905 1546 3984 memetipsa
1566 3909 1746 3985 66616616-

950 3999 1041 4062 tione
1056 4001 1144 4062 oculi
1160 4002 1312 4063 rationis.
1328 4003 1549 4066 conturbatus
1564 4008 1617 4068 est
1628 4005 1747 4070 666166

951 4112 1055 4170 meus,
1092 4100 1265 4175 memoria,
1300 4099 1376 4162 ideo
1408 4100 1488 4178 6616
1522 4103 1747 4168 amaritudine

950 4194 1145 4272 plumeum,
1160 4197 1194 4258 61
1208 4196 1309 4259 etiam
1324 4196 1402 4275 6616
1416 4213 1595 4262 cormeum
1609 4201 1660 4264 661
1672 4201 1748 4264 sub-

951 4307 1095 4367 versum,
1117 4291 1203 4356 idest
1228 4293 1344 4357 661166
1370 4309 1504 4358 versum
1530 4297 1572 4359 ad
1598 4313 1746 4362 amorem

949 4393 1171 4463 terrenorum,
1187 4405 1262 4453 cum
1275 4392 1386 4470 potius
1400 4393 1534 4456 deberet
1548 4395 1688 4458 subvehi
1703 4395 1746 4460 ad

141 4490 222 4549 Haec
236 4489 287 4550 est
307 4502 375 4550 vox
388 4487 546 4550 Ecclesiae
568 4486 743 4550 clamantis
764 4488 800 4548 in
818 4501 897 4565 per·
951 4488 1111 4550 coelestia.
1141 4488 1219 4551 Ideo
1247 4488 1399 4564 tribulor,
1429 4492 1507 4569 6616
1533 4493 1582 4554 616
1608 4495 1746 4556 666166-

103 4601 185 4647 6666
202 4583 381 4662 cujuslibet
394 4585 556 4656 nostrum,
576 4585 609 4646 et
623 4583 823 4661 postulantis
838 4585 898 4645 mi·
950 4583 1048 4647 baius
1077 4587 1129 4648 661
1154 4586 1270 4648 666166
1293 4587 1448 4660 rationis,
1479 4587 1513 4649 61
1540 4588 1642 4650 edam
1667 4589 1747 4667 6616

103 4681 336 4758 sericordiam;
374 4681 532 4760 quioniam
563 4679 743 4758 tripliciter
772 4681 898 4758 patitur
951 4679 1034 4744 16616
1047 4679 1207 4746 interficit
1220 4682 1365 4759 gladius,
1385 4684 1473 4746 idest
1493 4683 1628 4760 flagella
1649 4688 1747 4748 exte-

103 4779 363 4853 tribulationem,
400 4779 529 4840 scilicet
557 4776 782 4840 turbationem
808 4777 897 4839 66611
951 4779 1059 4852 61666;
1076 4780 1110 4840 61
1123 4794 1213 4841 mors
1232 4780 1321 4842 domi
1336 4779 1470 4854 similis,
1486 4780 1572 4843 idest
1585 4783 1747 4847 16616116-

29 4897 33 4907 ·
103 4878 254 4951 rationis,
266 4876 507 4950 sensualitatis,
518 4876 552 4939 et
561 4875 743 4937 memoria.
757 4878 822 4937 Per
834 4874 897 4936 boe
952 4874 1052 4937 nibus
1077 4891 1274 4953 aggravor:
1302 4877 1458 4939 Exterins
1492 4877 1582 4940 anim
1610 4879 1745 4958 flagella

104 4976 154 5037 ira
167 4975 300 5038 Domini
311 4973 487 5038 irascentis
500 4974 635 5051 propter
645 4973 817 5050 peccatum
826 4972 899 5049 pri·
951 4971 1133 5050 perforant,
1156 4973 1299 5036 interius
1314 4974 1528 5037 tentationes.
1552 4977 1646 5041 Unde
1666 4980 1748 5042 alibi

104 5089 231 5134 morum
244 5074 430 5150 parentum.
448 5071 617 5150 Siquidem
633 5072 710 5133 ante
722 5070 897 5147 peccatum
951 5071 988 5130 in
1002 5070 1144 5133 Tbrenis
1165 5069 1209 5149 (2,
1227 5069 1279 5150 11)
1295 5093 1302 5131 :
1323 5071 1553 5136 «Defecerant
1571 5076 1660 5136 oculi
1680 5079 1746 5140 mei

106 5172 178 5232 erat
195 5170 311 5233 oculus
329 5169 471 5234 rationis
490 5169 678 5247 perspicax,
694 5166 897 5232 sensualitas
952 5181 972 5230 a
995 5165 1043 5247 (6)
1070 5167 1228 5246 lacrymis
1253 5189 1260 5229 :
1286 5168 1483 5233 conturbata
1513 5172 1591 5236 sunt
1618 5173 1748 5238 viscera

382 3781 523 3843 SERMO
545 3780 613 3840 LII.

182 3924 224 3981 Da
243 3920 347 3994 triplici
364 3921 534 3991 turbatione,
556 3919 666 3978 scilcet
685 3917 813 3988 rationis,

309 4010 513 4080 sensualitatis,
529 4007 728 4067 6166666616.

101 4149 272 4210 Miserere
285 4150 366 4222 met,
375 4148 536 4218 Domine,
552 4147 716 4220 66661666
731 4141 896 4204 tribulor:

140 4243 363 4308 conturbatus
398 4241 450 4304 est
481 4245 519 4303 tu
553 4240 610 4303 tra
642 4245 758 4302 ocutus
785 4251 893 4310 meus,

141 4343 261 4401 661666
270 4351 360 4409 meo,
377 4336 811 4417 6166616666666.(Ρ6.30,
829 4332 895 4413 10.)

142 5354 183 5423 (1)
202 5355 256 5412 Vul
281 5353 400 5412 .:ilunt.

141 5426 181 5496 (1)
202 5427 243 5482 Ex
285 5465 304 5494 .,
321 5426 364 5494 13,
378 5423 422 5480 ll.

142 5497 183 5563 (3)
203 5495 289 5567 Vulg.
303 5510 310 5550 :
326 5499 355 5552 et
369 5499 506 5552 emotum.

143 5566 184 5638 (1)
205 5567 288 5635 Gen,
302 5565 330 5635 3,
347 5565 390 5636 lit.

988 5349 1031 5422 (1)
1051 5353 1135 5420 Gen,
1150 5352 1178 5419 3,
1195 5352 1239 5409 re.

989 5422 1030 5494 (6)
1050 5422 1168 5490 ibren,
1184 5423 1210 5489 1,
1228 5423 1273 5481 10.

988 5494 1029 5568 (7)
1048 5493 1134 5566 vulg.
1148 5510 1154 5549 :
1170 5507 1237 5566 pree.
