4184 6410
578 333 612 392 S.
640 321 815 398 ANTONII
845 334 1033 398 Pannonii
1064 335 1202 398 OPERA
1232 331 1379 398 omitia.
1739 333 1799 398 dal

417 517 557 579 SERMO
582 516 695 579 XMV·
1004 493 1137 570 quando
1151 493 1307 557 obsessus
1320 493 1424 558 fueris
1436 507 1457 556 a
1467 491 1599 554 diabolo
1615 481 1673 570 per
1684 493 1798 556 tenta-

1005 586 1800 668 tiones.Naasinterpretaturserpens,perquem

88 669 92 678 ’
179 675 223 732 De
239 673 389 734 ⁰b⁸¹dl⁰110
406 673 509 734 di³b0¹¹
530 673 668 734 idvefsstlfl
687 676 825 748 ⁸1¹5me
844 685 873 736 01
890 675 927 736 de
1005 687 1157 750 diabolus
1169 688 1379 765 intelligitur.
1394 687 1457 761 Qui
1473 687 1558 751 bene
1578 686 1703 748 dicitur
1715 691 1799 748 Am-

404 761 571 823 ⁶⁰f⁰¹¹⁸¹⁰⁰0
595 772 702 824 ⁰⁰⁵³&
1005 785 1163 858 menites,
1191 787 1277 863 quod
1301 785 1542 862 interpretatur
1562 784 1797 862 comprimens,

1005 883 1058 942 vel
1074 884 1310 959 coangustans,
1324 883 1402 961 qnia
1416 898 1513 960 quem
1528 897 1595 944 non
1608 883 1717 959 potest
1730 882 1802 943 tan·

1006 995 1105 1056 quam
1128 996 1265 1058 serpens
1289 995 1449 1058 superare
1470 979 1568 1052 dolis,
1591 980 1623 1042 et
1644 979 1800 1050 fallaciis,

1005 1078 1112 1138 tentat
1128 1077 1281 1154 decipere
1296 1077 1331 1138 in
1355 1076 1639 1148 tribulationibus,
1655 1076 1689 1138 et
1706 1092 1803 1154 pres-

1007 1173 1113 1247 soris;
1132 1176 1165 1236 et
1184 1175 1231 1237 ita
1259 1176 1403 1237 mentem
1431 1173 1571 1247 obsidet,
1600 1188 1708 1251 neque
1731 1174 1803 1237 vult

198 1271 245 1332 Ds
259 1269 314 1331 his
336 1271 468 1339 castris,
485 1274 518 1334 et
536 1273 578 1333 de
600 1271 664 1336 hoc
681 1271 810 1350 praelio,
832 1271 951 1349 quibus
1007 1271 1112 1332 ioedus
1124 1272 1224 1341 inire,
1238 1272 1305 1333 nisi
1317 1274 1414 1334 eruat
1428 1271 1563 1334 dextros
1583 1271 1698 1332 oculos
1715 1273 1799 1349 eius,

156 1365 193 1428 in
208 1367 364 1442 praesenti
379 1367 569 1444 affligimur,
585 1369 708 1431 dicitur
719 1369 754 1430 in
779 1369 954 1432 Ezechiele
1006 1368 1163 1431 videlicet
1177 1368 1295 1446 quibus
1310 1367 1508 1446 respicimus
1524 1367 1565 1430 ad
1584 1369 1721 1430 aeterna.
1736 1368 1801 1430 Sed

159 1461 329 1544 (4,1et2):
343 1465 438 1528 «Fili
453 1465 610 1536 bominis,
620 1481 713 1528 some
724 1465 788 1529 tibi
800 1466 950 1538 laterem,
1007 1483 1068 1528 nos
1079 1469 1192 1542 scadan
1207 1466 1399 1546 hujusmodi
1421 1466 1628 1544 respuentes,
1644 1465 1801 1528 debemus

159 1562 193 1622 et
211 1561 319 1624 scribe
336 1559 382 1640 (1)
394 1562 430 1624 in
454 1579 494 1624 eo
509 1563 678 1626 civitatem
692 1565 878 1627 Jerusalem
896 1585 904 1626 ι
920 1564 953 1626 et
1007 1565 1139 1627 mittere
1149 1565 1311 1627 orationis
1329 1565 1472 1626 nuncios
1494 1565 1665 1630 adrerum
1688 1579 1801 1640 regem

159 1657 331 1722 ordinabis
345 1659 553 1722 obsidionem
568 1661 685 1722 contra
697 1676 783 1734 eam,
799 1663 833 1724 et
853 1659 953 1724 aediti·
1008 1662 1122 1724 lsrael.
1144 1661 1236 1735 Quod
1256 1663 1285 1723 si
1308 1661 1553 1740 fecimusne:
1575 1661 1681 1723 dicit:
1703 1663 1801 1723 Mane

159 1755 252 1818 cabis
267 1756 522 1828 munitiones,et
535 1755 761 1835 comportabis
783 1771 952 1834 aggerem,
1008 1774 1082 1821 cum
1098 1760 1147 1820 sol
1160 1759 1348 1831 incaluerit,
1366 1760 1430 1820 erit
1441 1759 1536 1822 vobis
1550 1757 1660 1834 salus:
1672 1759 1752 1836 qnia
1772 1759 1802 1820 si

159 1853 194 1914 et
205 1851 299 1915 dabis
314 1855 423 1916 castra
440 1856 555 1918 contra
569 1870 654 1927 eam,
666 1855 699 1916 et
714 1869 817 1931 pones
831 1855 954 1916 arietes
1009 1873 1067 1934 per
1077 1859 1207 1918 noctem
1223 1856 1408 1934 hujusvitaa
1420 1857 1623 1919 tentationes
1637 1855 1802 1919 sustinue-

159 1948 196 2012 in
210 1965 330 2027 gyro.»
342 1954 408 2012 Per
420 1951 557 2014 laterem
572 1951 875 2026 intelligitnrmens
885 1953 952 2014 bu·
1008 1954 1124 2026 minus,
1142 1955 1192 2016 ais
1204 1955 1335 2017 sortiter
1349 1955 1547 2026 resistendo,
1563 1954 1712 2016 inmane
1729 1954 1804 2030 glo-

159 2061 258 2108 mana
282 2062 342 2124 par
370 2048 583 2123 fragilitatem
610 2049 717 2126 ipsius
741 2049 954 2126 carnisqnae
1008 2053 1068 2114 riae
1098 2051 1375 2114 ressurrectionis
1409 2051 1551 2114 salutem
1588 2051 1800 2130 recipiemus.

159 2144 321 2206 sumenda
348 2145 400 2210 est
427 2161 487 2222 per
507 2145 820 2208 considerationem.
847 2151 883 2208 ln
912 2163 953 2208 ea
1008 2153 1100 2211 Tunc
1114 2151 1203 2211 enim
1224 2150 1346 2212 «sicut
1366 2149 1441 2212 finit
1457 2165 1571 2211 ceraa
1593 2148 1679 2212 facie
1700 2149 1800 2225 ignis,

158 2240 378 2305 describenda
400 2245 451 2306 ast
476 2243 676 2315 Jerusalem,
703 2243 790 2305 idest
816 2244 953 2320 pramis
1009 2247 1058 2308 sic
1071 2247 1226 2324 peribunt
1239 2246 1400 2308 inimicia
1420 2246 1507 2310 facie
1525 2247 1615 2310 Dei»
1631 2245 1691 2327 (9).
1708 2246 1802 2309 Unde

160 2339 293 2400 aeternae
315 2337 540 2402 beatitudinis.
566 2340 745 2420 attendere
771 2340 871 2404 etiam
895 2340 957 2402 de-
1008 2344 1069 2407 lob
1086 2341 1328 2423 (6‚17):«Cum
1344 2343 1521 2406 incaluerit
1537 2343 1599 2416 eol,
1616 2341 1801 2422 fiuant(10)

159 2433 274 2499 bemus
292 2437 409 2498 aeterni
425 2438 554 2514 praemii
575 2438 780 2512 felicitatem,
795 2439 828 2500 et
848 2437 954 2516 ipsius
1009 2441 1258 2502 dolonosum»
1276 2443 1456 2518 Sequitur:
1477 2440 1672 2504 AEditioabis
1692 2441 1803 2502 muni-

160 2534 272 2596 carnis
282 2533 510 2610 fragilitatem,
524 2537 560 2597 ut
575 2536 756 2600 secundom
770 2551 867 2612 posse
880 2551 956 2598 nos·
1008 2537 1127 2608 tiones,
1153 2537 1186 2597 et
1206 2535 1428 2613 comportabis
1447 2549 1621 2612 aggerem.
1646 2551 1802 2612 aggerem

159 2633 248 2694 trum
274 2648 458 2709 pugnemus
484 2648 544 2710 pro
574 2647 615 2694 ea
639 2633 817 2695 obtinenda
839 2635 955 2696 contra
1009 2633 1164 2696 uidelicet
1184 2633 1343 2698 virtutum
1364 2635 1479 2696 contra
1510 2649 1668 2712 aggerem
1689 2633 1802 2696 tenta·

160 2727 315 2789 inimicos
341 2731 485 2792 nostros.
509 2729 606 2792 Unde
633 2729 858 2807 Hieronymus
880 2728 953 2809 (2):
1009 2733 1149 2794 tionum.

161 2827 247 2888 Caro
261 2825 403 2903 fragilis,
417 2828 451 2891 et
465 2821 550 2890 cinis
565 2827 677 2890 futura
688 2828 762 2904 post
777 2827 953 2902 modicum,
1050 2831 1087 2890 In
1102 2828 1166 2890 hac
1178 2827 1363 2892 munitione
1376 2843 1507 2906 semper
1517 2827 1676 2890 debemus
1690 2829 1800 2890 assis-

161 2938 228 2984 nna
244 2921 292 3003 (3)
308 2923 469 3002 pugnabit
489 2940 563 2987 cum
579 2923 741 3002 pluribus.
768 2926 953 3003 Sequitur:
1010 2927 1091 2998 tere,
1115 2929 1149 2988 et
1186 2941 1412 3004 perseverare,
1436 2928 1469 2989 et
1498 2927 1616 2992 timere
1643 2926 1802 3002 :fragilis

159 3023 344 3084 ordinabis
371 3025 588 3085 obsidionere.
614 3025 661 3084 De
685 3022 747 3083 bac
769 3022 953 3099 obsidione,
1010 3023 1097 3084 enim
1124 3025 1185 3094 est,
1213 3022 1278 3088 nisi
1304 3024 1457 3084 servetur
1482 3038 1543 3100 per
1565 3022 1801 3086 bumilitatem.

161 3133 235 3196 quaa
250 3120 284 3181 ln
301 3122 409 3182 mente
423 3123 536 3183 nostra
552 3119 738 3182 ordinanda
754 3121 815 3190 est,
833 3119 957 3182 dicitur
1011 3120 1246 3183 UndeNabom
1260 3119 1381 3200 (8‚12):
1396 3120 1627 3183 ‹Munitiones
1639 3121 1705 3183 tuae
1716 3121 1803 3183 sicut

160 3217 267 3293 primo
281 3221 407 3293 Regum
423 3216 487 3296 (11,
504 3218 546 3278 ad
560 3215 704 3296 9).quod
718 3219 957 3278 Naasbmmo·
1010 3218 1092 3279 deus
1116 3234 1191 3280 oum
1205 3219 1334 3294 grossis
1357 3219 1427 3279 suis
1451 3239 1459 3278 :
1487 3218 1516 3280 si
1541 3233 1711 3281 concussae
1729 3217 1803 3280 iue-

160 3313 246 3375 nites
261 3313 390 3375 obsedit
403 3313 504 3376 labes
518 3313 655 3376 (laland.
672 3315 818 3391 (tumque
834 3314 954 3391 petiis·
1009 3316 1089 3388 rint,
1103 3316 1223 3378 cadent
1238 3315 1274 3377 in
1289 3331 1327 3378 os
1342 3315 1557 3378 comedentis.
1569 3332 1588 3377 n
1598 3315 1804 3378 Munitiones

160 3412 235 3473 eant
260 3411 387 3474 obsessi
413 3410 455 3473 ab
478 3427 520 3473 so
546 3411 672 3484 foedus,
700 3412 772 3473 ait:
790 3429 809 3472 c
829 3414 865 3472 ln
891 3412 955 3473 boo
1009 3415 1097 3486 sunt,
1113 3416 1149 3476 ut
1161 3412 1318 3484 diximus,
1329 3413 1482 3482 virtutes,
1497 3415 1530 3475 et
1541 3413 1702 3476 uirtutum
1721 3427 1803 3490 ope-

160 3501 282 3585 ponam
298 3507 345 3587 (4)
360 3508 532 3570 vobiscum
547 3507 666 3582 foedus,
680 3511 717 3571 ut
731 3523 846 3570 eruam
861 3508 955 3572 vobis
1010 3526 1059 3582 ra,
1074 3526 1147 3587 quae
1169 3525 1339 3572 concussa
1354 3525 1415 3588 per
1427 3511 1644 3573 tentationem
1654 3509 1695 3572 de
1709 3509 1803 3574 facili

160 3605 314 3670 omnibus
330 3604 377 3685 (5)
393 3607 509 3668 oculos
522 3606 701 3669 dextros.»
717 3605 808 3680 Quod
819 3605 957 3668 audien·
1009 3609 1219 3679 amittuntur,
1247 3606 1313 3670 nisi
1335 3607 1432 3672 caute
1448 3607 1690 3670 custodiantur.
1707 3607 1803 3669 Unde

160 3703 223 3775 tas,
246 3703 408 3766 miserunt
430 3703 472 3765 ad
496 3719 609 3780 regem
624 3705 748 3778 Israel;
764 3703 822 3781 qui
845 3704 953 3766 dixit:
1010 3705 1165 3766 Habacuc
1186 3703 1311 3783 (1,10):
1334 3708 1442 3782 ‹Ipse
1466 3721 1568 3782 super
1588 3720 1717 3767 omnem
1733 3721 1805 3768 mu·

160 3802 259 3863 blane
274 3799 322 3880 (6)
338 3816 413 3863 cum
430 3801 611 3864 incaluerit
624 3802 686 3874 sol,
702 3801 876 3865 erit'vobis
900 3817 956 3862 sa·
1010 3802 1172 3864 cilionem
1193 3801 1327 3875 ridebit,
1342 3803 1376 3866 et
1390 3801 1612 3881 comportabit
1632 3817 1801 3878 aggerem,

159 3899 336 3964 instabas
351 3901 590 3977 interpretatur
604 3901 784 3972 exsiccata,
801 3901 956 3977 etsignat
1010 3900 1258 3978 etcapieteam.
1279 3915 1300 3959 a
1321 3900 1483 3977 Loquitur
1505 3901 1547 3962 de
1567 3899 1712 3972 diabolo,
1740 3899 1798 3976 qui

160 4001 316 4070 mentem,
341 4012 415 4075 quae
437 3996 534 4059 debet
556 4011 631 4058 esse
655 3997 749 4058 arida
771 3998 804 4061 et
825 3997 954 4059 siccae
1010 3999 1160 4074 asportat
1183 4011 1347 4074 caperem
1373 3997 1532 4060 vitiorum
1553 3997 1670 4060 contra
1684 3997 1802 4058 muni-

160 4097 255 4158 duxu
276 4097 436 4158 vitiorum
453 4115 460 4156 ε
475 4109 549 4172 qua
571 4093 694 4156 dicitur
717 4109 791 4156 csse
816 4093 953 4166 Galaad,
1010 4095 1134 4156 tionem
1159 4093 1322 4156 bonorum
1351 4109 1501 4172 operum,
1514 4095 1739 4173 contraquam
1748 4093 1802 4155 ri-

160 4211 234 4272 quae
253 4193 492 4269 interpretatur
505 4206 646 4252 acervus
669 4191 865 4262 testimonii,
877 4193 954 4269 quia
1010 4191 1075 4262 det,
1092 4206 1166 4251 cum
1192 4205 1259 4252 non
1278 4189 1429 4254 inveniat
1447 4191 1638 4254 firmitatem
1653 4193 1688 4253 in
1703 4207 1754 4264 ea,
1769 4193 1802 4254 et

161 4291 238 4353 talis
252 4305 344 4351 mens
359 4303 465 4350 sacra
481 4287 661 4364 Scripturas
677 4286 829 4359 intendit,
840 4287 874 4348 in
890 4303 955 4365 qua
1010 4289 1099 4364 capit
1112 4302 1196 4349 eam.
1215 4288 1391 4366 Sequitur:
1408 4289 1508 4351 Dabis
1519 4290 1634 4351 contra
1649 4303 1803 4350 eamcas·

161 4387 396 4450 auctoritatum
425 4384 634 4446 diversarum
655 4383 863 4458 testimonia,
879 4385 957 4446 tan-2
1009 4389 1072 4448 tra.
1105 4387 1219 4446 Castra
1248 4387 1326 4448 sunt
1348 4385 1506 4448 vitiorum
1525 4386 1753 4460 contubernia,
1767 4385 1803 4447 in

162 4501 260 4563 quam
285 4481 410 4546 diversi
438 4481 566 4559 lapides
595 4479 656 4542 sub
680 4495 813 4556 acervo,
835 4480 955 4558 quibus
1010 4481 1128 4559 quibus
1155 4481 1306 4558 quaedam
1335 4482 1576 4560 principantur,
1605 4485 1641 4546 ut
1676 4483 1802 4561 septem

160 4578 595 4654 vulnerare,ettransfigere
606 4577 703 4641 debet
713 4578 953 4649 adversarium,
1008 4578 1226 4658 principalia3
1252 4579 1414 4656 quaedam,
1438 4580 1567 4642 scilicet
1580 4580 1721 4652 minora,
1740 4579 1802 4641 sub

161 4679 203 4741 ad
218 4679 406 4756 exemplum
421 4676 556 4749 Christi,
573 4675 670 4754 quasi
681 4675 816 4753 jaculis,
831 4675 955 4740 diaboli
1011 4677 1077 4738 illis
1107 4675 1203 4754 qnasi
1223 4675 1284 4738 sub
1314 4676 1521 4753 principibus
1550 4677 1707 4738 militant.
1723 4679 1804 4739 Haeo

160 4779 375 4841 tentationem
392 4774 656 4836 transfodientis.
674 4775 734 4836 Hae
749 4773 827 4836 sunt
847 4789 953 4852 aquae,
1010 4774 1132 4835 dantur
1146 4775 1262 4835 contra
1281 4775 1437 4847 mentem,
1460 4791 1535 4836 cum
1559 4761 1800 4846 consideratur,

161 4875 201 4937 de
231 4874 352 4952 quibus
384 4873 508 4934 dicitur
541 4887 603 4948 per
638 4871 770 4932 Nabum
800 4869 845 4950 (3,
876 4870 953 4950 14);
1010 4873 1043 4934 et
1053 4870 1256 4948 providetur
1269 4886 1385 4932 eorum
1400 4887 1523 4948 pugna,
1535 4872 1679 4934 utbomo
1692 4872 1802 4934 cisre-

160 4979 272 5049 aquas
285 4969 332 5050 (7)
351 4973 486 5048 propter
500 4967 706 5030 obsidionem
728 4983 801 5032 eme
817 4965 865 5047 (8)
881 4968 952 5042 tibi,
1010 4969 1115 5030 sistat.
1131 4970 1178 5028 lle
1193 4967 1247 5033 bis
1261 4967 1385 5030 dicitur
1399 4968 1433 5029 in
1446 4968 1508 5031 lob
1523 4967 1589 5048 (39,
1599 4967 1654 5048 25)
1671 4990 1678 5029 :
1695 4973 1805 5032 «Pro-

159 5068 316 5131 videlicet
328 5066 544 5128 auctoritates
558 5080 663 5126 sacrae
678 5065 857 5142 scripturae
876 5081 883 5120 :
900 5081 955 5126 ex·
1013 5064 1066 5127 cui
1082 5065 1240 5128 odoratur
1249 5065 1385 5140 bellum,
1402 5065 1653 5128 exhortationes
1667 5065 1799 5140 ducum,

159 5167 234 5228 true
260 5163 462 5226 munitiones
487 5164 574 5236 tuas,
603 5163 639 5224 ut
663 5161 712 5224 eis
736 5161 910 5235 reficiaris,
925 5163 954 5224 si
1010 5164 1043 5226 et
1058 5161 1220 5226 ululatum
1245 5163 1530 5226 mercatusnvn·
1555 5163 1644 5226 enim
1667 5164 1803 5226 sanctus

156 916 195 978 a:
218 916 408 978 consistant
437 920 606 980 adversans
634 934 691 982 mc
718 919 859 992 castro,
881 933 952 982 non

154 1041 159 1046 ·
197 1011 327 1076 timebit
340 1029 402 1076 cor
414 1029 532 1077 meum
546 1031 558 1076 :
571 1019 605 1078 st
617 1018 770 1100 antarpot
783 1020 952 1079 cavernas

195 1123 252 1172 mc
267 1113 445 1185 pretium,
465 1113 529 1174 etc.
553 1110 657 1193 (Psal.
679 1115 730 1187 26,
753 1112 800 1193 3.)

198 5376 236 5448 (ll
253 5373 334 5446 (αἱ).
350 5371 509 5430 Describes.
1043 5373 1085 5513 (ξ)
1106 5371 1188 5445 Vntq.
1203 5371 1281 5432 Cras.

198 5448 239 5518 (2)
254 5446 344 5518 Epist.
362 5443 397 5502 ad
410 5440 545 5501 Enetocb.
562 5440 598 5498 de
611 5448 685 5500 cust.
697 5441 827 5516 virginit.
1102 5444 1183 5514 Vntq.
1200 5443 1323 5520 dquam.

196 5518 236 5586 (3)
253 5520 283 5574 ln
299 5515 393 5578 aditis,
409 5513 547 5586 pugnabit
559 5512 631 5569 sola.
1055 5515 1073 5572 8
1101 5514 1184 5584 (αἱ).
1203 5514 1302 5571 Hanni.

197 5589 238 5658 tt)
254 5588 334 5657 Vulp.
350 5586 471 5644 Feriam.
1056 5585 1085 5655 9)
1098 5585 1173 5641 Psel.
1190 5586 1234 5652 67,
1248 5585 1275 5643 3.

195 5660 237 5731 (5)
254 5658 334 5729 Vntg.
350 5657 483 5715 Omnium
497 5660 633 5712 vestrum.
1042 5655 1101 5726 (lo)
1118 5655 1199 5727 (αἱ).
1215 5657 1250 5713 lit
1260 5663 1290 5712 ut
1301 5653 1460 5726 incaluerit,
1475 5655 1630 5713 solvantur.
