4184 6410
303 341 364 402 587
725 339 956 400 S.ANTON11
984 339 1172 400 PADUANI
1203 340 1342 404 OPERA
1371 339 1517 404 OMNIA·
1590 387 1592 392 ,

304 501 510 584 subditorum
545 501 640 568 dura,
676 499 709 562 et
745 499 844 576 quasi
880 497 1093 572 inflexibilia,
1149 499 1224 561 cata
1238 515 1299 560 sue
1318 496 1478 574 levigant,
1501 495 1534 563 et
1552 494 1694 561 aliorum
1710 493 1845 571 peccata
1860 507 1950 568 gra-

302 614 434 680 semper
452 595 549 659 debet
562 595 687 677 habere
702 611 896 661 succensam
911 595 1094 667 tornacum,
1149 594 1204 656 111
1216 594 1379 672 jndicant.
1395 593 1544 670 Etpaulo
1559 606 1661 668 supra
1678 589 1843 652 :shdhuc
1855 588 1953 665 ignis

1884 335 1950 398 588
2071 423 2072 430 ,

303 697 339 756 ut
361 677 555 758 ardentibus
581 691 737 769 operibus
769 693 918 754 caritatis
944 691 1096 754 emollire
1132 693 1184 752 'in
1199 692 1296 754 domo
1307 689 1401 768 impii
1415 689 1565 754 thesauri
1587 687 1785 766 iniquitatis,
1801 689 1834 750 et
1848 701 1953 748 men·
2071 735 2072 744 ,

301 791 418 869 possit,
440 793 474 857 et
491 791 600 868 ignire
619 789 721 852 corda
744 789 855 852 terrea
875 788 1093 850 subditorum.
1150 803 1229 849 sura
1240 789 1350 848 minor
1361 787 1420 848 irre
1431 787 1568 864 plena.»
1581 785 1683 858 Quasi
1693 783 1819 845 diceret
1832 805 1840 842 ε
1852 781 1951 854 Quod
2071 815 2072 832 ,

300 905 319 950 s
338 887 430 964 Ignis
444 887 479 950 in
498 887 598 950 altari
619 901 692 972 meo
707 902 838 962 semper
853 885 995 957 ardebit,
1016 885 1096 946 dicit
1151 886 1262 946 minus
1282 884 1400 962 pensat
1414 883 1535 961 impius
1558 883 1594 944 in
1615 896 1771 944 mensura
1786 880 1954 942 Dominus

301 985 462 1048 Dominus
480 984 517 1045 in
539 985 686 1046 Levitico
710 983 755 1063 (6,
781 982 832 1063 12)
855 999 951 1062 quem
971 983 1098 1046 nutriet
1151 981 1310 1060 implebit,
1340 984 1373 1043 et
1399 979 1565 1058 supplebit
1589 980 1629 1040 de
1652 979 1704 1040 ira
1728 994 1800 1039 sua.
1824 975 1952 1038 Contr'a
2071 959 2072 1008 3

302 1082 458 1144 sacerdos
495 1080 703 1159 subjiciendo
736 1081 838 1156 ligna,
877 1080 965 1142 idest
994 1095 1095 1158 opera
1150 1081 1234 1141 tales
1258 1079 1339 1141 dicit
1361 1078 1522 1139 Dominus
1538 1075 1573 1138 in
1594 1075 1774 1152 Evangelio
1794 1073 1952 1136 scribens

302 1178 388 1242 bona
402 1194 461 1260 per
477 1179 548 1242 dies
568 1179 729 1256 singulos.
746 1196 767 1238 s
780 1177 1009 1240 Ecclesiastici
1029 1175 1094 1258 (38,
1151 1177 1185 1239 in
1209 1177 1300 1238 terra
1317 1197 1325 1236 ε
1341 1177 1406 1242 Qut
1425 1178 1501 1236 stne
1521 1175 1662 1251 peccato
1679 1173 1954 1249 (astoricensis

301 1276 356 1357 29)
372 1299 379 1337 ε
394 1295 412 1338 s
429 1277 484 1338 Sic
499 1275 594 1338 faber.
610 1276 773 1338 serrarius
786 1276 905 1336 sedens
922 1276 1020 1353 juxta
1042 1275 1097 1336 in·
1150 1277 1243 1336 ittam
1258 1275 1407 1352 lapidem
1420 1272 1538 1333 mittat
1553 1269 1567 1352 (
1587 1269 1613 1350 ).
1629 1273 1666 1332 In
1680 1269 1769 1330 terra
1781 1267 1956 1350 scribebat

304 1375 432 1458 eudem,
449 1375 482 1436 et
496 1373 715 1450 considerans
726 1388 809 1450 opus
825 1371 917 1444 terri,
932 1389 953 1431 1
966 1372 1094 1453 supple,
1151 1369 1273 1431 docens
1288 1368 1469 1446 quemlibet
1488 1368 1525 1428 in
1547 1369 1637 1433 terra
1660 1364 1773 1428 cordis
1784 1365 1838 1426 sni
1853 1365 1954 1441 prius

304 1471 401 1535 debet
418 1471 542 1532 habere
560 1470 690 1532 ardoris
712 1484 825 1546 opera.
848 1471 885 1532 ut
898 1469 1004 1546 possit
1022 1484 1097 1546 ope·

301 1569 373 1630 rari
389 1567 593 1630 commodius
607 1567 644 1628 in
657 1567 810 1637 materia,
830 1569 864 1628 et
882 1565 923 1628 de
942 1566 1094 1627 materia.

300 1665 392 1736 Talis
402 1667 475 1726 erat
484 1664 588 1738 Elias,
601 1665 641 1724 de
652 1679 716 1742 quo
728 1663 954 1726 Ecclesiastici
966 1662 1030 1740 (48,
1041 1661 1094 1742 2):

301 1761 490 1831 «Surrexit
508 1761 598 1822 Elias
616 1760 712 1838 quasi
732 1761 832 1836 ignis,
853 1761 887 1822 et
905 1758 1043 1822 verbum
1058 1760 1097 1831 il-

302 1859 368 1920 lius
379 1859 474 1938 quasi
489 1859 598 1920 facula
611 1857 759 1920 ardebat.
771 1875 791 1923 s
803 1860 840 1918 ln
854 1872 890 1918 se
903 1856 1054 1927 ardebat,
1064 1857 1098 1918 et

1151 1467 1323 1544 inquirere
1335 1465 1372 1528 ut
1383 1466 1457 1526 sine
1473 1466 1608 1542 peccato
1624 1463 1678 1536 sit,
1693 1463 1871 1540 antequam
1886 1477 1956 1522 au-

1152 1563 1229 1630 teat
1238 1562 1279 1624 de
1289 1563 1532 1640 altojudioare.

1191 1662 1230 1722 Et
1238 1660 1370 1737 justitia
1384 1659 1562 1736 unicuique
1577 1657 1662 1738 quod
1676 1672 1773 1718 sunm
1788 1656 1849 1726 est,
1866 1655 1952 1716 red-

1151 1757 1455 1834 dens.Undeprima
1462 1755 1504 1818 ad
1510 1753 1825 1817 Thessalonicenses
1835 1753 1870 1813 in
1883 1752 1955 1814 fine

1152 1853 1196 1934 (5,
1208 1853 1263 1930 23)
1281 1876 1289 1914 ι
1305 1871 1323 1914 c
1338 1854 1411 1932 lpse
1421 1855 1508 1936 Deus
1517 1852 1608 1930 pacis
1620 1849 1806 1914 sanctificet
1814 1866 1874 1913 101
1884 1864 1951 1926 per

301 1955 520 2015 nihilominus
539 1953 624 2016 alios
638 1952 842 2016 accendebat
860 1953 1097 2030 1111111ᾱί01-
1151 1951 1275 2025 omnm,
1291 1953 1327 2014 ut
1338 1951 1469 2026 integer
1483 1949 1621 2026 spiritus
1636 1950 1757 2020 vester,
1774 1947 1942 2019 etanimn,

302 2050 441 2124 donem,
455 2045 491 2114 et
501 2065 602 2130 opera
618 2051 798 2114 exteriora.

1151 2145 1257 2208 nostri
1266 2147 1284 2208 J
1287 2161 1347 2206 esu
1359 2144 1482 2206 Christi
1496 2144 1694 2208 serreturt»
1707 2141 1852 2220 Spiritus
1866 2156 1947 2204 ser-

581 2281 721 2343 SRRMO
746 2282 818 2344 VII.

1151 2051 1184 2110 et
1197 2064 1319 2126 corpus
1334 2049 1406 2109 siue
1426 2047 1561 2126 querela
1586 2047 1622 2108 in
1646 2045 1792 2107 adventu
1812 2045 1946 2112 Domini
2071 2095 2072 2128 ἒ

1151 2245 1247 2306 uetur
1261 2243 1403 2319 integer,
1416 2242 1444 2304 si
1458 2240 1658 2304 sensualitas
1668 2239 1791 2302 rationi
1807 2239 1947 2302 seruiat.
2071 2229 2072 2280 ἱ

1151 2343 1278 2418 Corpus
1292 2341 1447 2420 servatur
1462 2340 1535 2400 sine
1545 2339 1692 2418 querela,
1705 2337 1733 2398 si
1747 2336 1843 2408 nihil,
1855 2335 1949 2397 unde
2071 2373 2072 2380 κ

529 2431 572 2488 De
586 2428 733 2504 multiplici
744 2429 866 2488 lustitia.

353 2572 554 2645 Socrtrtcate
568 2573 780 2747 srgortttcttlm
792 2572 956 2747 >jastium
979 2573 1043 2634 etc.

608 2668 696 2729 Psal.
711 2673 743 2736 4,
758 2671 795 2729 6.·

1150 2437 1311 2514 conqueri
1335 2437 1440 2516 possit
1466 2435 1655 2514 proximus,
1676 2437 1764 2510 agat.
1791 2435 1871 2496 Haec
1895 2433 1950 2496 est

1145 2534 1289 2611 Justitia,
1305 2550 1378 2611 quae
1397 2533 1506 2596 reddit
1516 2534 1583 2594 Deo
1597 2533 1756 2610 tanquam
1772 2531 1865 2592 Patri
1876 2529 1945 2592 ho-

1151 2646 1283 2702 norem,
1306 2632 1463 2708 tanquam
1489 2629 1629 2698 Domino
1650 2629 1822 2700 timorem,
1846 2629 1946 2706 juxta

342 2818 504 2890 Quoniam
520 2818 695 2896 multiplex
709 2818 910 2896 estjustitia,
922 2817 1096 2896 multiplex
1151 2824 1206 2886 ubi
1221 2825 1271 2886 est
1289 2823 1397 2885 honor
1411 2825 1521 2885 meust
1543 2823 1578 2884 Si
1595 2822 1756 2884 Dominus
1776 2836 1838 2896 ego
1857 2836 1945 2892 sum,

1150 2727 1232 2790 illud
1255 2727 1430 2788 Malachiae
1446 2725 1491 2806 (1,
1506 2725 1539 2806 6)
1555 2748 1563 2786 :
1577 2742 1596 2786 1
1612 2726 1647 2788 Si
1663 2725 1764 2786 Pater
1779 2739 1841 2800 ego
1856 2739 1946 2794 sum,
2071 2775 2072 2796 ,

302 2918 352 2978 111
387 2915 593 2978 offerendum
628 2915 829 2985 sacrificium
858 2914 1010 2992 justitie.
1039 2917 1096 2977 ilst
1151 2920 1206 2982 ubi
1221 2923 1273 2984 est
1283 2921 1383 2982 timor
1398 2921 1537 3000 meust»
1553 2918 1710 2982 Proximo
1723 2916 1832 2980 reddit
1845 2932 1945 2980 amo·
2071 2957 2072 2996 4

302 3013 390 3086 enim
400 3011 532 3090 justitia
543 3012 734 3088 appendens
745 3013 892 3089 :justitia
904 3012 1093 3090 unicuique,
1149 3017 1238 3092 r'em;
1263 3018 1349 3078 unde
1372 3019 1541 3090 loannes:
1556 3020 1599 3078 ln
1617 3020 1679 3079 boc
1695 3017 1944 3091 cognoscimus,

254 3178 257 3188 y
302 3110 389 3188 quod
405 3126 501 3170 suum
514 3110 575 3179 est,
588 3109 730 3172 reddens
748 3130 755 3168 :
771 3111 811 3172 111
833 3111 884 3172 est
895 3111 1025 3186 justitia
1036 3125 1094 3170 re·
1150 3117 1312 3188 quontam
1329 3116 1503 3190 diligimus
1517 3114 1617 3174 notos
1641 3115 1715 3184 Det,
1731 3127 1811 3172 cum
1832 3114 1947 3172 Deum

300 3205 463 3278 tribuens.
484 3205 620 3268 iustitia
637 3204 827 3284 appendens
842 3207 894 3268 est
908 3206 1036 3282 pondus
1059 3208 1095 3268 in
1150 3213 1353 3286 diligamus,
1388 3211 1423 3273 et
1454 3211 1620 3294 mandata
1659 3211 1734 3282 ejus
1770 3208 1950 3270 custodia-

301 3303 426 3364 statera
441 3302 618 3378 aequitatis
634 3317 708 3364 cum
722 3302 846 3378 quisde
858 3304 1001 3382 peccatis
1012 3305 1093 3376 soie,
1149 3323 1227 3370 mos
1262 3306 1322 3387 (3).
1355 3310 1496 3370 peccato
1525 3306 1633 3368 reddit
1662 3306 1774 3368 odium
1795 3327 1803 3366 ς
1821 3304 1946 3366 mundo
2071 3331 2072 3382 5

301 3400 637 3475 etpeccatisaliorum
648 3399 764 3460 eodem
771 3399 1009 3477 modojudicat,
1020 3417 1094 3462 cum
1150 3405 1384 3482 contemptum.
1402 3407 1439 3467 Si
1449 3405 1537 3467 enim
1548 3404 1683 3482 peccato
1696 3420 1763 3466 non
1773 3402 1946 3466 reddimus

303 3509 398 3572 aequa
421 3495 505 3558 libra
518 3495 637 3572 judicii
652 3510 784 3556 errores
806 3511 898 3567 suos,
920 3497 953 3558 et
967 3496 1095 3559 alienos
1150 3502 1262 3564 odium
1282 3503 1368 3579 quod
1389 3517 1486 3578 suum
1510 3504 1571 3573 est,
1588 3517 1757 3580 nunquam
1772 3499 1945 3574 exigeres
2071 3561 2072 3568 ,

303 3591 622 3669 ponderans,dequa
635 3593 671 3653 in
683 3592 938 3656 Deuteronomio
950 3592 1013 3672 (25,
1025 3593 1093 3674 15):
1150 3598 1247 3661 nobis
1262 3599 1421 3661 tributum
1443 3611 1622 3676 pravorum
1635 3612 1772 3674 operum
1786 3594 1945 3658 cessabit.

302 3689 476 3753 ‹Pondus
506 3689 644 3754 habebis
671 3691 817 3767 justum,
849 3691 883 3753 et
911 3707 1040 3763 uerum,
1063 3693 1097 3754 et
1151 3695 1245 3758 Unde
1280 3696 1458 3776 Sapientiae
1485 3694 1554 3774 (11,
1575 3693 1633 3774 31)
1656 3715 1664 3754 :
1685 3711 1703 3754 c
1727 3693 1947 3755 Peccantium
2071 3751 2072 3780 ,

302 3787 433 3849 modius
456 3786 606 3864 aequalis,
632 3788 664 3848 et
687 3802 786 3849 verus
801 3787 865 3849 erit
887 3787 1095 3853 tibi.»llanc
1150 3809 1246 3870 poena
1260 3792 1469 3874 perambulat
1483 3807 1615 3870 semper
1633 3792 1832 3870 injustorum
1851 3805 1945 3866 prae·-

297 3883 462 3958 justitiem
486 3899 553 3944 non
568 3882 735 3944 habebant
752 3883 817 3956 illi,
832 3883 951 3964 quibus
966 3883 1097 3946 dicebat
1131 3881 1945 3966 'remeationemspoenaidestpeccatum,quod
2071 3859 2072 3910 Ψ

302 3981 462 4064 Dominus
476 3981 512 4041 in
531 3959 711 4055 evangelio
727 3979 847 4059 (Matt,
862 3983 914 4055 23,
925 3984 964 4042 23
976 3984 1009 4044 et
1019 3981 1093 4058 24):
1149 3988 1200 4053 est
1214 3986 1457 4066 poenapeccati,
1473 3985 1680 4063 perambulat
1694 3983 1945 4052 circumeundo,

302 4079 394 4139 «Vae
408 4077 504 4139 vobis
517 4076 655 4147 Scribas,
670 4078 703 4140 et
720 4077 884 4139 Pharisaei
899 4079 1092 4156 hypocritae,
1149 4084 1182 4145 et
1195 4081 1359 4162 exigendo
1384 4083 1692 4161 prevaricationem
1720 4080 1943 4156 injustorum

303 4175 361 4252 qui
380 4174 553 4236 decimatis
567 4174 747 4246 mentham,
770 4177 961 4248 etanetum,
985 4177 1017 4238 et
1032 4192 1093 4254 cy·
1149 4179 1228 4256 quia
1242 4180 1425 4255 peccatum,
1446 4179 1532 4256 quod
1553 4193 1612 4256 per
1625 4177 1855 4255 poenitentiam
1875 4191 1945 4238 non
2071 4199 2072 4202 ¹

302 4271 440 4342 minum,
453 4274 486 4334 et
498 4271 686 4348 relinquitis
697 4287 770 4350 quae
783 4273 899 4349 gravia
908 4275 986 4362 sunt
996 4274 1091 4350 legis,
1149 4275 1298 4356 diluitur,
1313 4275 1350 4337 ut
1361 4275 1443 4336 dicit
1457 4275 1638 4352 Gregorius
1649 4271 1709 4353 (4),
1723 4289 1783 4334 suo
1797 4272 1947 4350 pondere
2071 4263 2072 4290 ³

295 4368 473 4446 judicium,
503 4368 780 4454 misericordiam,
807 4371 840 4454 et
867 4369 965 4450 tidem
988 4391 997 4430 ι
1021 4369 1094 4434 haec
1148 4372 1190 4434 ad
1225 4371 1317 4432 aliud
1344 4371 1450 4434 trahit
1479 4370 1539 4452 (5).
1570 4371 1693 4435 Mundo
1719 4371 1944 4448 contemptum

302 4465 449 4542 oportuit
462 4465 584 4538 tacere,
601 4469 634 4528 et
650 4467 709 4528 illa
724 4482 791 4528 non
807 4465 971 4528 omittere.
986 4469 1094 4528 Duces
1148 4469 1336 4550 reddamus,
1353 4485 1451 4546 quem
1466 4469 1571 4530 donec
1584 4467 1839 4540 reddiderimus,
1855 4483 1946 4528 nun-

300 4563 392 4634 caeci,
418 4563 568 4626 colantes
593 4564 745 4637 culicem,
775 4565 809 4627 et
834 4562 996 4624 camelum
1017 4563 1095 4639 glu-
1148 4582 1247 4646 quam
1262 4565 1407 4629 cessabit
1420 4566 1556 4642 exigere
1571 4564 1731 4629 tributum
1746 4563 1946 4626 sollicitudi-

299 4661 420 4722 tientes
429 4659 515 4740 (1).»
526 4664 609 4724 Ecce
617 4662 702 4738 quod
712 4659 952 4722 nonhabebant
965 4660 1093 4739 pondus
1149 4679 1227 4725 num
1238 4663 1461 4725 saecularium.
1482 4662 1636 4726 Jeremiae
1652 4661 1717 4742 (20,
1744 4661 1795 4742 15)
1812 4661 1943 4724 :Male-

300 4773 443 4834 aequum,
456 4774 530 4820 cum
541 4759 714 4829 cemelum,
725 4757 810 4819 idest
820 4761 956 4833 peccata
966 4760 1092 4835 majora
1148 4761 1256 4824 dictus
1274 4761 1337 4834 uir,
1360 4762 1418 4840 qui
1443 4761 1610 4823 nuntiavit
1629 4761 1717 4839 patri
1741 4775 1802 4822 suo
1824 4757 1873 4839 (6)
1889 4759 1942 4820 di-

298 4855 470 4932 glutirent,
490 4858 524 4918 et
545 4857 685 4918 culicem
699 4855 866 4916 minorum
881 4857 1091 4932 peccatorum
1148 4873 1227 4922 cens
1239 4860 1362 4920 :Natus
1373 4857 1494 4921 esttibi
1505 4873 1588 4938 puer
1601 4858 1769 4920 masculus
1784 4879 1791 4918 :
1804 4858 1943 4936 etquasi

298 4953 458 5015 celarent.
475 4953 625 5015 Michaeae
641 4949 686 5030 (6,
701 4949 753 5030 11)
769 4972 777 5012 :
792 4953 984 5030 «Numquid
996 4955 1093 5031 justi·
1147 4956 1269 5030 gaudio
1284 4955 1467 5018 laetificavit
1481 4971 1568 5017 eum.
1582 4958 1712 5018 »Pater
1722 4956 1785 5017 iste
1797 4955 1944 5016 mundus

297 5050 402 5112 ticabo
419 5047 733 5126 stateramimpiam
747 5050 781 5112 et
794 5049 931 5112 saccelli
945 5051 1092 5128 pondera
1148 5054 1209 5116 est.
1231 5054 1304 5127 Vir,
1333 5053 1390 5131 qui
1414 5056 1528 5115 natum
1551 5053 1734 5115 masculum
1750 5055 1893 5122 nuntiat,
1910 5055 1946 5116 et

296 5147 458 5210 dolosai»
474 5147 638 5231 steteram
654 5145 801 5208 dolosam
815 5147 939 5212 habent
949 5148 1006 5226 qui
1019 5163 1093 5226 pec-
1148 5152 1275 5228 patrem
1307 5150 1467 5225 laetitlcat,
1494 5149 1646 5232 diabolus
1671 5151 1741 5222 eet,
1770 5151 1827 5228 qui
1851 5165 1944 5222 eum,
2071 5191 2072 5214 l

317 5277 371 5360 .(¹)
391 5277 472 5348 Vulp.
485 5277 536 5335 Vae
547 5275 640 5358 vobis,
655 5283 722 5346 ete,
736 5283 765 5334 et
777 5277 941 5351 reliquistis,
952 5293 1016 5350 qua
1029 5293 1092 5352 gra·
1182 5281 1211 5352 (l
1244 5280 1354 5350 110111,
1368 5280 1416 5338 lib.
1434 5281 1524 5352 XXV,
1539 5279 1774 5352 1111131101),
1790 5293 1820 5338 n.
1835 5279 1882 5338 11.

294 5359 374 5476 1110πὲ
391 5355 457 5404 sunt
468 5347 560 5430 legis,
585 5347 761 5476 odiciumlet
780 5349 1020 5418 misericordiam,
1034 5357 1089 5407 etc.
1182 5353 1213 5423 (5
1243 5351 1289 5408 Ad
1303 5351 1385 5407 aliud
1401 5353 1502 5436 trabit,
1524 5357 1574 5434 etc.
1598 5352 1630 5409 ln
1645 5351 1713 5408 edit.
1729 5351 1821 5410 hlaur.
1837 5351 1943 5420 Paris,

293 5431 485 5618 ,ttigtdt’
498 5431 573 5618 ἓξ
586 5425 667 5478 ⁸⁰²⁰⁸
684 5433 718 5476 ⁰¹¹
731 5433 816 5490 ’Μ’
837 5421 979 5480 ⁰⁸¹¹¹⁰¹¹¹³¹
995 5427 1091 5478 ³⁰¹⁹OE
1146 5421 1473 5574 titatetttiittt
1488 5423 1945 5568 teritutrttsacas

328 5559 368 5706 (3)>
390 5575 587 5700 lofole't'l.,’v,'2
602 5639 630 5689 el
645 5630 671 5688 3.
1145 5562 1414 5707 δῆῧωῑὲιιῗίῐέηᾴιιί
1429 5633 1607 5692 annuntiavit
1622 5631 1694 5706 patri
1710 5647 1785 5692 meo.
