4184 6410
166 286 227 348 617
542 289 650 350 PARS
681 287 826 351 PRIMA.
844 317 885 334 -·
903 289 1124 351 EXPOSITIO
1155 289 1200 351 IN
1231 289 1434 352 Psnhmos.
1750 285 1810 346 618
1837 326 1839 340 .

167 445 271 508 ‘lerna
290 443 395 522 igitur
414 460 536 520 omma,
550 447 590 510 et·
604 450 689 511 solbit
705 448 756 510 est
777 447 855 525 guia
875 449 963 510 tem-
1017 447 1142 521 nostra,
1168 447 1220 510 ast
1247 445 1359 510 fluxus
1388 446 1581 524 tragilitatis
1610 444 1751 515 nostroe,
1770 443 1812 503 de

167 543 294 619 poralis
321 542 526 606 abundantia
564 558 631 606 non
664 545 780 619 implet
814 560 875 606 neo
903 559 961 606 sa·
1017 561 1082 622 gua
1096 547 1179 608 Osee
1192 545 1256 626 (10,
1272 545 1306 625 7)
1327 563 1369 606 z«
1390 545 1548 606 Transire
1563 542 1642 604 fecit
1659 541 1813 604 Samaria

169 639 244 714 tiat,
275 640 310 701 et
342 639 418 702 ideo
451 644 537 704 nibil
569 642 630 704 est.
656 642 752 704 Unde
783 642 962 719 Sapientiae
1017 657 1130 718 regem
1157 658 1265 714 suum,
1284 643 1380 720 quasi
1396 658 1546 719 spumam
1570 655 1671 717 super
1693 638 1813 701 taciem

169 733 215 816 (5,
239 733 274 814 8)
308 735 428 798 divites
460 736 541 798 mali
580 737 694 799 dicunt
717 760 724 799 ι
748 740 834 804 Quid
867 740 963 802 roobia
1018 742 1375 816 aquas.»GujuS,cum
1399 739 1582 810 transierit,
1599 754 1666 799 non
1689 737 1741 798 est
1759 736 1813 796 in·-

166 833 300 914 promtt
331 837 523 910 supcrbtoi
552 836 614 898 out
643 836 849 898 divitiorum
878 837 961 906 jao·
1017 838 1133 899 venire
1155 837 1333 913 vestigium
1355 859 1362 898 :
1385 839 1500 899 Periit
1521 839 1615 899 enim
1640 837 1811 897 memorio

169 930 306 992 tantia?
326 931 401 992 Non
412 930 533 1000 ‚dicunt
554 931 710 993 :Divitiae
730 931 810 1008 quin
824 930 962 1008 prolue-
1017 948 1139 996 eorum
1153 950 1233 996 cum
1245 935 1362 996 souitu
1373 932 1433 1013 (4),
1445 934 1533 994 idest
1544 934 1590 995 ita
1603 931 1811 1001 transitorie,

168 1028 263 1103 runt;
282 1027 339 1089 sed
364 1027 558 1090 divitiarum
575 1029 759 1105 jactantia:
775 1031 849 1092 lton
873 1029 962 1090 enim
1018 1030 1104 1093 siout
1123 1031 1251 1093 sonitus
1276 1030 1353 1092 dum
1378 1031 1524 1102 auditur,
1546 1035 1583 1092 'et
1604 1030 1716 1092 statim
1739 1041 1814 1090 esse
1903 1057 1909 1063 ·

168 1127 247 1188 sunt
267 1141 347 1188 rere
371 1125 510 1198 divitiae,
529 1127 588 1188 sed
606 1125 800 1188 divitiarum
822 1127 961 1203 jactan—
1017 1127 1158 1203 desinit;
1175 1128 1229 1190 vel
1244 1143 1320 1189 cum
1335 1129 1459 1198 sonitu,
1473 1128 1560 1189 idest
1574 1143 1649 1190 cum
1665 1125 1812 1203 planctu,

169 1223 228 1294 tia,
250 1239 323 1300 quae
345 1223 431 1284 nihil
451 1226 511 1286 est.
539 1225 698 1302 Sequitur
712 1222 764 1303 (5,
787 1225 812 1298 9,
828 1225 863 1286 et
884 1221 935 1302 10)
954 1246 962 1284 :
1017 1227 1052 1287 et
1064 1227 1200 1302 gemitu,
1218 1225 1275 1303 qui
1294 1225 1331 1287 dt
1350 1225 1386 1286 in
1403 1227 1508 1287 morte
1522 1225 1641 1300 ipsius.
1657 1223 1815 1284 Cessante

170 1320 420 1384 «Transierunt
434 1321 530 1398 quasi
546 1319 595 1400 (1)
611 1321 739 1395 umbra,
757 1323 789 1385 et
805 1323 964 1398 tanquam
1019 1321 1109 1383 enim
1129 1321 1267 1398 gemitu,
1283 1323 1393 1384 cessat
1407 1319 1568 1384 memoria
1591 1319 1699 1397 ipsius
1719 1335 1813 1380 mor-

170 1417 316 1480 nuncius
331 1433 541 1495 percurrens,
558 1421 591 1480 et
603 1419 761 1497 tanquam
772 1420 880 1491 naris,
891 1434 964 1497 quae
1020 1419 1082 1480 tui.

171 1515 354 1593 pertransit
374 1515 590 1579 fluctuantem
619 1531 752 1592 aquam,
768 1518 875 1592 oldus,
890 1531 965 1577 cum
1059 1515 1239 1578 Praemissa
1262 1516 1404 1578 stultitia
1419 1505 1565 1578 hominis
1587 1513 1694 1586 avari,
1710 1515 1744 1576 et
1757 1513 1814 1573 in-

171 1612 381 1690 praeterierit,
403 1629 468 1675 non
490 1614 541 1676 est
561 1614 716 1680 invenire
734 1615 923 1688 vestigium.
946 1630 965 1674 ε
1015 1614 1111 1690 justi,
1128 1614 1184 1692 qui
1199 1616 1303 1676 Deum
1316 1630 1376 1693 per
1390 1614 1568 1676 avaritiam
1581 1627 1675 1672 suam
1690 1611 1813 1682 irritat,

169 1710 376 1789 'temporalis
386 1711 592 1788 prosperitas
602 1710 727 1774 umbrae
741 1711 963 1787 comparatur,
1018 1710 1131 1773 subdit
1147 1711 1314 1787 Propheta
1334 1711 1374 1772 de
1396 1711 1465 1772 alia
1487 1713 1561 1787 ejus
1583 1709 1736 1780 stultitia,
1756 1707 1815 1785 qui

171 1807 251 1884 quia
263 1807 350 1870 sicut
362 1807 480 1870 nmbra
493 1823 560 1870 non
575 1807 663 1870 habe
674 1807 892 1880 soliditatem,
906 1805 963 1869 sed
1018 1808 1126 1870 credit
1151 1809 1237 1885 quod
1262 1809 1434 1884 peccatum
1456 1810 1531 1885 ejus
1558 1807 1720 1870 Dominus
1748 1820 1816 1866 non

169 1903 398 1982 frigiditatem,
413 1906 448 1968 et
460 1905 713 1980 obscuritatem
728 1905 777 1966 sle
801 1919 864 1967 nec
876 1905 967 1966 divi·
1018 1904 1115 1978 sciat,
1132 1921 1240 1982 neque
1252 1905 1412 1982 requirat
1429 1908 1476 1967 De
1495 1904 1559 1965 boc
1572 1903 1634 1966 Job
1650 1902 1715 1982 (22,
1730 1903 1768 1964 13
1783 1903 1815 1964 at

170 2001 226 2064 tiae
241 2003 442 2080 temporales
453 2003 629 2066 veritatem
644 2001 781 2072 habent,
797 2018 859 2064 neo
877 2001 963 2063 soli·
1020 2001 1074 2082 14)
1090 2023 1098 2063 :
1115 2002 1232 2076 «Quid
1257 2003 1347 2064 enim
1372 2003 1465 2065 novit
1483 2001 1589 2064 Densi
1613 2002 1646 2062 et
1665 1999 1743 2076 quid
1765 1996 1815 2078 (5)

170 2099 809 2178 ditatam,quianibildnocneruuteirt
823 2101 967 2162 divitio-
1020 2115 1081 2177 per
1115 2101 1293 2176 caliginem
1324 2099 1473 2177 judicati
1507 2098 1612 2161 nubes
1641 2096 1816 2160 latibulum

169 2212 252 2261 rum
266 2200 303 2259 tn
313 2201 473 2274 manthos
486 2201 561 2260 suis
575 2195 635 2277 (2).
648 2199 719 2260 Hoc
731 2197 869 2272 dicitur;
881 2196 963 2274 quia
1020 2200 1105 2273 ejus,
1122 2212 1184 2258 nec
1209 2199 1322 2259 nostra
1338 2197 1540 2258 considerat.
1557 2212 1576 2256 ε
1595 2195 1685 2258 Idem
1700 2195 1815 2256 dicunt

170 2310 245 2357 oum
271 2295 388 2372 putant
422 2294 549 2372 aliquid
575 2296 707 2368 tenere,
730 2294 817 2354 nihil
838 2295 964 2356 tenent.
1021 2293 1132 2368 stulti;
1149 2293 1289 2354 sednon
1311 2293 1491 2354 estverum
1508 2314 1515 2352 :
1533 2295 1603 2352 lmo
1629 2290 1817 2352 sicutdicit

171 2391 267 2454 Unde
290 2391 518 2454 Ecclesiastiet
545 2387 610 2471 (el,
638 2390 673 2471 2)
702 2413 709 2452 :
737 2408 756 2452 a
782 2392 885 2463 Quasi
908 2393 965 2469 qui
1022 2390 1162 2467 Sapiens
1181 2389 1217 2451 in
1237 2388 1429 2452 Proverbiis
1445 2387 1633 2468 (15,11):«
1649 2386 1813 2458 Infernas,

171 2488 394 2566 apprehendit
413 2487 576 2562 umbram,
592 2490 626 2552 et
650 2489 862 2568 persequitur
882 2505 968 2552 ven·
1021 2489 1055 2548 et
1076 2487 1219 2563 perditio
1244 2501 1356 2548 coram
1377 2486 1518 2548 Domino
1534 2502 1542 2542 :
1559 2487 1683 2564 quanto
1707 2484 1815 2560 magis

170 2586 262 2660 tum,
278 2585 329 2648 sic
344 2584 444 2662 etqui
457 2585 599 2648 attendit
611 2586 653 2647 ad
664 2585 737 2648 visa
751 2586 924 2648 mendacia
935 2603 965 2661 o,
1022 2586 1123 2648 corda
1139 2585 1284 2648 tiliorum
1298 2585 1524 2647 hominumi»

170 2699 246 2761 quae
271 2682 454 2744 vanitatem
476 2682 669 2758 frigiditatis
691 2682 724 2746 θῖ
754 2683 966 2747 obscuritatis

170 2780 305 2842 babent
340 2779 542 2842 charitatem
579 2781 668 2842 enim
702 2779 966 2857 refrigerantia
1295 2789 1435 2852 SERMO
1462 2790 1548 2850 XIX.

172 2877 320 2950 bomine,
352 2879 385 2939 et
419 2876 617 2940 obumbrant
645 2878 779 2940 oculum
811 2880 964 2942 rationis.
1391 2930 1398 2944 .
1538 2930 1544 2942 .
1620 2928 1626 2942 .
1697 2928 1704 2942 .
1743 2929 1748 2942 .
1794 2928 1800 2942 .

171 2973 396 3054 ese
412 2976 968 3052 n
1021 2929 1639 3092 tremunt?illenim
1654 2943 1814 3075 attin:

170 3075 357 3147 durantum
373 3074 408 3134 et
418 3075 619 3181 supersim
631 3075 744 3184 ‘affl
757 3075 968 3152 ‘mmmmm'
1058 3109 1182 3181 piatione
1195 3107 1230 3164 ad
1246 3109 1452 3180 prelationem,
1471 3108 1515 3164 vel
1534 3106 1568 3164 ad
1583 3105 1814 3179 pradicationem

172 3168 242 3230 tur·
260 3169 340 3230 Item
362 3185 485 3230 ΗΜΘ
505 3172 724 3246 ΡΓῗθῦῑΠἾὋΠιι
740 3173 965 3247 ⁰⁰mpaffltu¹¹r
1056 3195 1218 3266 transierri3
1239 3199 1275 3254 lit
1295 3195 1362 3269 quid
1381 3211 1431 3268 per
1452 3209 1601 3268 passerem
1620 3195 1814 3268 significatum

171 3264 227 3343 qui
248 3266 386 3328 nunciat
401 3265 487 3344 (111οἀ
507 3266 656 3331 loturum
677 3269 729 3330 0⁸1
744 3289 751 3328 :
768 3267 818 3330 810
836 3268 965 3341 laefiflfls
1057 3288 1093 3344 m
1106 3286 1143 3344 de
1162 3285 1229 3343 nido
1244 3276 1406 3358 passionis3
1428 3287 1464 3344 Et
1483 3284 1604 3358 qualiter
1623 3299 1673 3358 per
1685 3290 1817 3342 ‘mortem

170 3365 204 3424 et
216 3364 421 3441 prosperitas
432 3364 628 3441 temporalis
642 3364 803 3442 mopiam,
819 3367 854 3428 et
867 3365 966 3427 nolo-
1057 3375 1159 3434 cnnsu
1169 3381 1304 3448 pesam
1315 3373 1435 3446 quilibet
1448 3373 1618 3442 vrvrnoamr,
1634 3373 1710 3446 quon
1727 3373 1816 3446 ngar-

171 3476 243 3523 rem
258 3460 423 3536 luturum;
440 3461 519 3538 quia
534 3463 698 3524 eatrema
710 3465 831 3540 gaudie·
853 3464 966 3526 tuctus
1019 3501 1022 3506 -
1058 3462 1174 3522 boatum
1187 3470 1292 3536 estper
1307 3461 1380 3521 duos
1397 3477 1530 3536 passeres
1543 3464 1573 3520 iu
1588 3463 1725 3522 Levitico.

171 3560 325 3634 ‘'mapa'’
352 3560 386 3621 et
410 3573 505 3620 mm
539 3561 655 3637 dome
668 3561 883 3670 μωρίην
904 3558 965 3640 (3)'
1023 3589 1193 3674 Quomodo
1205 3607 1319 3668 dicitis
1330 3609 1458 3667 orrimoc
1469 3619 1557 3666 mere
1571 3623 1582 3665 :
1598 3606 1815 3681 transmigra

171 3656 390 3735 comparatur
404 3656 689 3721 namtranseuntr.
705 3657 812 3720 Navrs
825 3660 968 3733 augusta
1064 3707 1101 3765 m
1112 3705 1267 3765 montem
1279 3703 1370 3764 mut
1379 3705 1525 3778 passer,
1540 3701 1644 3782 (Μ
1662 3704 1700 3762 10
1726 3701 1774 3783 2.)

171 3757 224 3816 est
247 3755 289 3820 in
309 3755 455 3832 turaque
473 3754 685 3818 extremitate
703 3755 773 3830 sui3
799 3755 835 3816 in
857 3755 967 3816 medio
1702 3747 1710 3775 ¹

172 3867 253 3917 nero
276 3853 449 3929 emptast
476 3850 625 3914 dilatata.
650 3851 705 3914 Sic
727 3852 797 3914 vita
821 3852 967 3914 humana
1024 3879 1026 3884 ·
1062 3853 1140 3915 Tria
1155 3853 1238 3914 loca
1270 3852 1378 3915 tribus
1406 3851 1524 3913 aribus
1554 3852 1755 3928 deputantur
1781 3854 1816 3914 in

172 3953 314 4028 angusta
328 3951 381 4014 est
398 3949 634 4040 innativitate,
651 3951 685 4013 et
696 3951 822 4012 morte:
839 3950 877 4012 in
897 3966 969 4012 me-
1022 3949 1815 4029 Psalmo(6),desertumpellicano;domicilium,

170 4047 226 4109 dio
250 4049 362 4110 autem
378 4047 601 4124 prosperitate
623 4047 968 4125 dilatatur..ltem·.qui
1023 4048 1096 4112 sive
1111 4048 1277 4125 parietina
1287 4045 1348 4127 (7),
1361 4048 1522 4125 quaesunt
1531 4047 1647 4109 domus
1656 4047 1815 4118 ruinosae,

171 4145 404 4222 mantuanam,
420 4159 487 4205 non
508 4143 593 4206 hene
606 4144 706 4222 regit,
718 4145 785 4206 nisi
804 4144 920 4208 sedeat
932 4145 968 4206 in
1022 4145 1247 4224 nycticoraoi;
1264 4147 1297 4208 et
1319 4145 1443 4208 tectum
1467 4145 1605 4222 passeri.
1623 4148 1688 4208 Per
1699 4145 1817 4206 deser·

170 4243 283 4322 puppi.
302 4243 357 4306 Sic
371 4242 437 4303 nisi
453 4241 588 4305 sederis.
594 4258 655 4320 per
664 4242 967 4306 considerationem
1021 4246 1092 4306 tum
1107 4243 1296 4319 signantur,
1325 4243 1496 4321 quiddam
1514 4247 1580 4306 non
1598 4246 1817 4320 receperunt:

172 4341 209 4402 iu
230 4340 295 4402 dne
319 4341 397 4402 vitae
419 4340 498 4409 tuae,
514 4355 583 4402 non
609 4338 697 4402 bene
722 4355 819 4416 reges
835 4355 968 4428 ¹navem
1023 4357 1083 4419 per
1097 4341 1315 4414 domicilium,
1330 4342 1390 4403 vel·
1400 4343 1565 4420 parietina
1587 4343 1649 4414 illi,
1675 4343 1819 4418 quieam

173 4437 251 4501 uitae
279 4439 358 4500 tuae.
385 4437 467 4500 ltem
496 4451 564 4498 non
590 4435 676 4498 bene
701 4437 874 4514 dirigetur,
902 4437 967 4499 nisi
1022 4440 1233 4517 receperunt,
1250 4439 1363 4500 sedab
1382 4442 1656 4502 eaeorruerunt:
1673 4427 1820 4517 pentec-

171 4535 370 4612 explioetur,
380 4534 420 4596 ,θῖ
435 4535 624 4610 exponatur
638 4534 802 4598 velumad
817 4537 965 4608 ventum,
1022 4538 1092 4600 tum
1107 4537 1170 4610 illi,
1195 4536 1251 4614 qui
1265 4538 1301 4598 in
1324 4537 1467 4599 aedilicio
1483 4535 1571 4609 fidei,
1588 4540 1621 4599 et
1642 4537 1817 4598 charitatis

171 4649 237 4712 quo
261 4634 393 4704 hausto,
417 4631 548 4704 melius,
566 4633 599 4694 et
619 4632 768 4696 velocius
790 4633 965 4710 dirigetur.
1022 4635 1216 4713 persistunt.
1233 4635 1406 4710 Estigitur
1421 4635 1554 4712 aliquis,
1578 4634 1740 4711 quintilis
1756 4636 1818 4703 est,

172 4730 228 4800 Sic
242 4732 373 4810 oportet
396 4729 482 4807 quod
505 4729 538 4792 et
558 4729 599 4790 tu.
619 4729 776 4806 explices,
794 4731 829 4792 et
848 4730 968 4793 dilates
1023 4734 1057 4794 et
1079 4732 1255 4809 deputatus
1281 4733 1425 4804 deserto,
1454 4733 1541 4792 sicut
1562 4731 1760 4806 pellicanus,
1784 4733 1820 4793 ut

172 4844 231 4891 eor
242 4830 347 4900 tuum,
361 4828 396 4889 ut
408 4825 584 4904 impletum.
597 4826 723 4903 Spiritu
737 4829 858 4890 Sancto
870 4828 968 4890 citius
1023 4846 1092 4903 eos,
1108 4831 1165 4907 qui
1179 4829 1327 4890 nondum
1339 4829 1436 4891 iidem
1452 4831 1665 4906 acceperunt,
1680 4829 1820 4892 Domino

172 4927 348 5004 dirigatur.
372 4928 512 5004 Aquam,
529 4940 590 5003 per
603 4939 703 5004 quem
727 4925 849 4988 transit
871 4927 968 5003 navis
1024 4928 1186 5006 acquirat.
1203 4928 1261 4990 list
1274 4928 1374 4998 alius,
1387 4928 1443 5004 qui
1459 4929 1511 4988 est
1520 4927 1715 5006 nycticorax
1727 4927 1820 4990 utilis

209 5112 236 5181 (1
266 5111 354 5240 vulg.
369 5116 518 5240 tanguam.
1023 5112 1117 5172 licano
1129 5111 1290 5171 solitudinis
1305 5111 1417 5172 :lamus
1440 5079 1592 5171 sumsicut
1607 5112 1776 5187 nycticorax
1789 5114 1819 5172 iu

209 5185 239 5254 (1
268 5183 321 5241 Ρεθ
336 5225 343 5237 .
358 5181 402 5249 75,
438 5225 444 5240 .
1023 5182 1186 5242 domicilio:
1202 5181 1293 5241 lactus
1307 5199 1370 5242 sum
1403 5185 1477 5242 sicut
1502 5199 1601 5256 passer
1626 5184 1771 5242 solitarius
1790 5186 1819 5242 in

209 5255 238 5323 (3
268 5255 363 5322 Pron,
377 5253 419 5320 ll.
437 5253 480 5312 13.
1023 5260 1130 5313 tecto.»
1148 5253 1200 5313 Ubi
1216 5255 1315 5312 Glossa
1328 5253 1388 5312 ord.
1401 5269 1437 5311 ex
1459 5255 1488 5312 S.
1505 5255 1665 5328 Augustino
1677 5257 1817 5312 Ennrrct.

210 5326 240 5395 (l
268 5325 344 5384 Psal.
359 5325 385 5392 9,
402 5326 430 5382 8.
1023 5327 1053 5382 in
1068 5324 1201 5382 eumdem
1216 5327 1372 5394 Psalmum,
1386 5341 1472 5383 serm.
1490 5328 1516 5394 l,
1533 5326 1595 5383 beo
1612 5326 1821 5384 babetsllomi·

223 5398 240 5454 ὅ
267 5397 321 5455 Vul
348 5438 354 5450 .
391 5395 463 5454 uasi.
1024 5396 1101 5466 cilio,
1123 5397 1168 5454 vel
1192 5397 1348 5468 parietinis,
1369 5412 1433 5470 quae
1452 5398 1540 5472 vulgo
1567 5397 1700 5455 dicuntur
1719 5399 1820 5466 rmum,

209 5404 240 5538 (6
271 5411 345 5550 1)εεῖ
361 5411 423 5548 istil,
438 5469 463 5548 .⁷=
475 5471 504 5522 et
518 5465 558 5537 8).
797 5536 802 5548 Ι
1024 5465 1072 5524 ubi
1092 5467 1215 5539 parietes
1241 5476 1319 5526 stant
1338 5467 1504 5526 sineteoro:
1522 5467 1576 5527 ubi
1594 5467 1702 5525 habitat
1727 5465 1816 5542 nycti-

209 5541 250 5610 (7)
270 5540 332 5595 Stoa
340 5541 496 5608 porretano,
511 5541 563 5596 eto.
580 5537 685 5614 lentus
700 5535 804 5594 Psalmr
818 5535 879 5606 101,
893 5551 967 5594 vers.
1024 5553 1111 5596 corax
1126 5552 1269 5610 aviaque
1282 5547 1395 5598 noctem
1411 5546 1497 5598 amet.
1548 5581 1550 5584 -
1645 5601 1647 5605 ,

173 5612 200 5681 1,
217 5617 245 5669 ct
259 5609 286 5680 8,
301 5614 355 5679 est,
371 5608 418 5682 qui
429 5608 556 5681 sequitur
568 5624 575 5664 :
587 5629 601 5658 ι
611 5605 717 5665 similis
733 5607 822 5666 lactus
835 5623 898 5665 sum
915 5607 971 5681 pol·
