4158 6380
117 233 158 294 33
597 227 922 292 PROLEGOMENA.
945 259 985 274 -
1004 230 1272 292 TESTIMONIA.
1414 221 1423 257 ³
1715 229 1755 287 34

117 389 310 453 Alexander
321 390 362 450 de
376 388 487 461 Hales,
501 391 597 464 Hugo
612 389 652 450 de
667 390 763 457 Dina,
776 389 912 463 Bartho-
965 389 1087 450 tionem
1099 389 1245 465 Regulae.
1265 389 1404 465 Scripsit
1417 388 1576 465 quasdam
1592 385 1756 462 Epistolas

117 488 257 549 lomaeus
281 487 321 548 de
345 487 442 559 Pisis,
468 489 614 548 loannes
648 488 809 558 Pecanus,
835 486 909 546 ail—
941 486 1006 547 ad
1032 486 1218 561 Capitulum
1240 486 1412 556 denerale,
1435 485 1475 546 ad
1499 501 1613 546 omnes
1634 485 1757 546 Christi

117 583 232 646 bertus
253 584 395 654 Nicolai,
412 582 644 655 Cordubensis,
663 585 809 645 loannes
831 583 911 643 Pbi-
966 583 1296 658 fidelesttantumque
1311 584 1342 644 ei
1358 583 1482 659 placuit
1492 583 1636 645 studium
1652 597 1757 644 sacrae

117 681 213 758 lippi,
244 682 439 752 Gonsalvus,
460 681 493 742 et
516 681 575 741 alii
602 681 768 757 plerique,
795 697 910 742 omnes
966 681 1156 757 scripturae,
1174 680 1259 756 quod
1274 683 1310 740 B.
1328 683 1560 742 Bonaventura
1579 681 1694 742 narrat
1708 677 1756 758 (1)

118 777 246 855 ingenii
261 795 380 839 nervos
403 778 437 837 in
461 793 534 838 eam
550 777 782 854 explicandam
799 779 910 838 torse—
966 793 1001 838 se
1017 777 1215 838 audivisses
1231 777 1371 852 qvvodam
1383 776 1592 854 iratre,quod
1604 793 1677 837 eum
1688 779 1759 837 No-

116 876 197 938 rint.
211 878 303 937 Hanc
313 878 349 937 B.
360 878 396 936 P.
409 877 551 936 tibrum
564 877 656 946 aila,
668 889 766 947 spem
776 875 909 945 salutis,
965 891 1043 935 vum
1056 875 1302 936 Testamentum
1318 874 1466 935 venisset
1482 875 1522 935 ad
1537 891 1655 936 manus
1666 889 1755 946 suas,

116 977 303 1036 medullam
336 975 536 1048 Eaaupalii,
572 975 667 1033 viam
696 971 910 1042 salvationis,
966 971 1122 1047 etplures
1141 970 1261 1033 fratres
1277 985 1344 1031 non
1360 973 1495 1046 possent
1509 971 1607 1032 simul
1622 970 1756 1043 babere,

116 1077 246 1132 scalam
277 1072 370 1140 cosli,
406 1075 538 1131 clavam
566 1071 737 1142 paradisi,
771 1069 912 1142 pactum
966 1067 1135 1129 dividebat
1148 1083 1206 1144 per
1220 1067 1312 1138 lolia,
1327 1069 1360 1129 et
1375 1068 1515 1143 singulis
1528 1069 1760 1129 communica-

117 1169 245 1228 aelarai
255 1169 406 1241 faederis,
419 1166 507 1227 tritis
523 1165 641 1240 elogiis
654 1164 825 1241 appellare
838 1179 913 1225 aon·
966 1165 1033 1236 bat,
1047 1165 1082 1226 ut
1097 1165 1268 1240 sigillatim
1279 1165 1389 1227 cuncti
1404 1165 1553 1241 legerent
1566 1165 1649 1226 citra
1662 1165 1761 1226 lasti-

117 1265 284 1326 sueverat.
720 1266 724 1274 '
967 1261 1057 1322 dium
1072 1263 1220 1325 alterius.
1234 1265 1271 1323 In
1293 1265 1365 1340 eJus
1384 1277 1464 1323 vero
1480 1260 1572 1323 obitu
1590 1263 1761 1324 mandavit

157 1361 303 1423 Dictavit
338 1361 371 1422 et
404 1359 605 1422 Testamenti
626 1359 738 1421 varias
768 1358 910 1428 tabulas,
967 1357 1135 1430 iratribus,
1152 1361 1189 1421 ut
1207 1359 1371 1431 doctores,
1388 1359 1444 1435 qui
1466 1357 1568 1420 verba
1591 1359 1666 1420 vitae
1693 1375 1759 1419 an-

117 1457 238 1536 quibus
262 1457 420 1520 virtutum
447 1459 480 1518 et
504 1473 642 1518 summae
666 1457 836 1532 egestatis,
854 1454 912 1516 sed
967 1457 1132 1527 nuntiant,
1159 1456 1271 1518 essent
1290 1456 1357 1516 illis
1372 1456 1406 1516 in
1427 1455 1759 1532 magnareverentia.

116 1555 331 1630 evangelicae,
352 1569 413 1615 nos
435 1554 586 1615 haeredes
608 1553 806 1631 conscripsit
820 1574 827 1613 :
843 1556 914 1614 Do-
967 1555 1081 1628 ltaque
1105 1553 1216 1614 nullus
1231 1553 1363 1632 quidem
1377 1569 1416 1615 eo
1431 1553 1545 1615 floruit
1563 1552 1761 1629 eloquentia

115 1656 235 1713 miuus
249 1652 341 1714 dedit
354 1653 451 1712 mibi.
968 1650 1069 1721 color,
1085 1650 1289 1712 nullaadluit
1302 1649 1583 1728 pronuntiationis
1592 1651 1758 1722 venustas,

157 1749 295 1810 Cantica
328 1748 430 1808 mulla
465 1746 653 1807 modulatus
687 1747 771 1817 ests
793 1745 912 1822 quibus
968 1745 1078 1806 nullus
1093 1747 1283 1822 scriptionis
1293 1749 1441 1818 ornatus,
1453 1747 1557 1808 necin
1568 1746 1760 1824 ejusanimo

116 1861 209 1908 more
226 1845 347 1906 Psaltis
361 1845 394 1906 et
409 1859 540 1920 sponsae
556 1843 710 1914 coelestis,
727 1859 817 1904 nunc
832 1858 913 1903 con-
967 1842 1037 1903 ulla
1059 1843 1180 1904 insedit
1203 1843 1349 1904 bumana
1376 1844 1529 1915 eruditio,
1562 1859 1624 1904 nec
1652 1842 1761 1904 studio

116 1942 276 2004 litabatur
286 1942 404 2013 amico,
422 1956 510 2001 nune
532 1941 551 2002 J
555 1939 683 2000 adicem
705 1938 911 2016 deprecaba-
968 1940 1131 2016 acquisita
1147 1941 1313 2015 doctrina3
1326 1943 1360 2002 in
1374 1944 1445 2017 eJus
1460 1943 1572 2003 tamen
1591 1941 1762 2002 concioni-

116 2041 183 2112 tur,
199 2055 289 2100 nuno
304 2043 436 2099 Patrem
450 2035 694 2113 interpellabat,
709 2051 798 2097 nunc
812 2038 914 2097 Crea-
966 2038 1040 2110 bus,
1055 2041 1087 2100 et
1102 2040 1217 2115 paucis
1230 2039 1374 2114 scriptis,
1387 2038 1495 2115 iisque
1510 2039 1585 2098 rudi
1598 2039 1679 2100 satis
1695 2053 1763 2099 ser·

116 2138 224 2199 torem
251 2151 405 2213 supremo
429 2135 521 2196 cultu
546 2136 580 2197 et
603 2149 731 2195 summa
750 2133 913 2210 religione
967 2151 1064 2196 mone
1087 2137 1244 2208 exaratis,
1265 2137 1357 2212 viget
1381 2137 1473 2198 tanta
1490 2136 1593 2196 animi
1610 2135 1761 2197 efficacia

115 2233 353 2295 venerabatur.
968 2231 1119 2293 doctrina
1151 2233 1308 2304 coelestis,
1337 2235 1431 2294 tanto
1473 2234 1611 2308 spiritus
1639 2233 1760 2294 ardore

154 2330 315 2407 Epistolis
339 2330 426 2390 filios
450 2329 486 2389 in
510 2328 671 2403 capitulis
693 2328 913 2404 congregatos
969 2329 1087 2390 aestuat
1100 2329 1294 2404 evangelica
1307 2328 1598 2405 praeceptio,lanta
1611 2329 1763 2391 intellec·

115 2427 241 2488 absens
255 2426 437 2498 erudiebat,
449 2423 660 2504 informabat,
673 2424 914 2485 exhortabatur
968 2426 1020 2487 tus
1042 2425 1243 2488 sublimitate
1258 2427 1379 2488 emicat
1399 2426 1512 2488 divina
1535 2428 1712 2503 sapientia,
1725 2429 1761 2487 ut

115 2525 148 2584 et
160 2523 203 2583 ad
225 2523 387 2584 institutae
408 2523 544 2600 Regulae
562 2521 650 2597 piam
665 2523 697 2582 et
709 2523 834 2582 castam
849 2520 912 2581 ob·
968 2521 1113 2599 undique
1124 2524 1296 2598 pertatum
1309 2523 1421 2587 orbem
1434 2523 1650 2585 terrarumad
1665 2540 1774 2584 suum

116 2619 342 2682 servationem
373 2618 553 2694 instigabat
579 2639 588 2677 ε
617 2618 719 2678 Discit
745 2621 913 2678 Dominus
968 2619 1124 2680 Ordinem
1139 2621 1326 2690 attraxerit,
1343 2622 1376 2682 et
1390 2621 1521 2682 Christo
1535 2621 1599 2698 ipsi
1616 2621 1759 2682 addixe-

118 2720 295 2790 discipulis
308 2719 392 2777 suis.
967 2716 1011 2778 rit
1022 2715 1301 2778 innumerabilem
1309 2717 1482 2780 bominum
1498 2705 1759 2791 multitudinem3

156 2813 347 2874 Nonnullas
379 2813 464 2872 alias
493 2810 533 2872 ad
564 2810 678 2871 fideles
704 2810 913 2872 Christianos
968 2812 1007 2873 ad
1017 2813 1091 2884 boc,
1107 2815 1142 2874 ut
1169 2829 1227 2890 per
1241 2814 1400 2875 humilem
1417 2815 1469 2876 sui
1487 2815 1703 2891 dejectionem
1719 2815 1761 2876 ad

120 2911 279 2986 perutiles
294 2909 460 2970 dedicavit
471 2909 646 3004 Epistolas.
968 2909 1123 2970 sublimia
1148 2916 1378 2972 creaturarum
1408 2912 1569 2988 aspirent.
1606 2912 1698 2983 Quod
1732 2913 1761 2972 si

157 3007 257 3068 Extat
289 2995 438 3082 epitsdem
469 3005 616 3082 Epistola
645 3004 686 3064 ad
716 3003 912 3066 Sacerdotes
953 3004 1109 3065 oratoris
1125 3003 1281 3077 cilicium,
1295 3005 1323 3065 si
1336 3005 1533 3082 eloquentiae
1547 3005 1692 3076 tinisest,
1706 3021 1760 3082 ap-

118 3105 244 3166 ordinis
255 3105 307 3164 sui
320 3120 327 3164 :
341 3107 384 3165 Iu
398 3107 537 3164 stamine
550 3105 681 3164 sauctae
696 3103 888 3164 Trinitatis.
967 3102 1072 3177 posite
1088 3102 1198 3163 dicere
1211 3102 1537 3178 adpersuadendum;
1555 3104 1591 3162 B.
1609 3105 1645 3164 P.
1661 3105 1763 3164 Fran-

64 3253 102 3265 „
157 3201 283 3272 Oratio,
299 3200 531 3277 seuexpositio
543 3200 578 3260 iu
589 3200 779 3260 Orationem
797 3199 912 3260 Domi·
967 3199 1117 3259 ciscusin
1133 3198 1239 3260 baare
1255 3215 1417 3259 summam
1429 3199 1559 3279 laudem
1573 3201 1606 3260 et
1619 3199 1762 3275 gloriam

118 3297 909 3369 nicam,Matb.,v1:SauctissimcPaleruoslar.
967 3297 1162 3356 consecutus
1199 3297 1306 3372 potest
1334 3297 1452 3366 videri,
1486 3297 1545 3373 qui
1572 3297 1705 3373 scriptis
1730 3302 1763 3358 et

158 3396 246 3455 Laus
264 3394 394 3454 Domini
408 3393 465 3454 Dei
480 3393 644 3466 altissimi,
662 3409 760 3470 quam
774 3408 911 3469 compo·
966 3393 1183 3454 concionibus
1199 3393 1269 3454 suis
1279 3394 1408 3455 animos
1422 3395 1618 3469 penetravit,
1632 3410 1689 3456 eos
1705 3394 1764 3454 lin-

120 3491 205 3553 suit:
224 3493 275 3551 Tu
289 3504 326 3552 es
339 3493 484 3552 nomiae
495 3495 599 3551 Deus.
965 3489 1026 3562 xit,
1042 3488 1197 3552 formavit
1205 3492 1238 3552 et
1249 3491 1354 3552 flexit.
1362 3493 1392 3551 N
1394 3507 1437 3551 on
1450 3491 1556 3552 solum
1566 3492 1762 3568 igiturinter

156 3588 270 3650 Oratio
295 3587 337 3649 ad
362 3588 653 3663 omnipotentem:
682 3591 775 3650 Deus
798 3591 911 3650 auiui-
966 3587 1146 3663 scriptores
1174 3603 1214 3649 ac
1242 3588 1389 3649 eruditos
1407 3588 1462 3649 liic
1489 3589 1760 3649 annumerandus

117 3687 249 3760 pateus.
529 3665 534 3682 ⁸
966 3683 1038 3755 luit,
1051 3684 1108 3744 sed
1120 3685 1209 3746 inter
1222 3699 1279 3746 eos
1292 3685 1417 3761 primas
1432 3687 1546 3746 tenere
1558 3685 1675 3746 merito
1686 3701 1762 3746 cen·

157 3783 249 3843 Binae
264 3783 440 3845 Orationes
462 3782 504 3844 ad
524 3782 700 3859 Deiparam
712 3782 908 3858 Virginem:
965 3781 1097 3842 sendus.

119 3881 244 3942 Saucia
258 3883 322 3941 Del
335 3881 503 3957 paritrio.

158 3977 357 4038 Posterioris
370 3977 503 4038 initium
518 3998 525 4036 ε
541 3979 576 4038 S.
593 3979 711 4038 Marta
724 3980 834 4053 uirgo.
984 3968 1154 4030 Auianius
1178 3973 1402 4039 Possealuus,
1425 3970 1480 4030 lib.
1500 3972 1520 4030 I
1538 3970 1739 4044 Apparatus

156 4074 230 4135 Alia
254 4073 401 4151 ejusdem
417 4073 528 4146 verba,
545 4072 664 4151 quibus
681 4074 722 4134 ad
737 4073 910 4135 bumilita-
1120 4069 1226 4138 sacri,
1250 4069 1353 4127 verbo
1374 4069 1595 4128 Fralwiscus.

121 4169 195 4244 tem,
203 4173 237 4232 et
247 4159 465 4242 devotionem,
477 4171 621 4232 inducit:
634 4173 763 4233 Beatus
772 4185 906 4232 seruus.

155 4269 234 4329 Haec
246 4267 357 4328 omnia
370 4267 475 4328 relata
488 4269 597 4328 sunta
614 4267 804 4342 Margarino
820 4267 860 4328 de
875 4268 908 4329 la

117 4363 229 4438 Bigne,
242 4363 284 4425 ad
298 4363 395 4423 linem
407 4366 486 4424 tom.
504 4366 560 4436 ΙΙΙ,
572 4365 728 4426 Bibliatli.
741 4367 801 4426 SS.
818 4369 904 4436 ΡΡ.,

118 4461 231 4534 primae
247 4459 420 4522 editionis

1002 4215 1031 4276 5.
1056 4216 1254 4277 Franciscus
1269 4215 1426 4288 Assisias,
1445 4231 1518 4294 quae
1532 4215 1649 4278 civitas
1663 4219 1713 4279 est
1723 4218 1758 4278 in

964 4312 1110 4386 Umbria,
1127 4315 1241 4382 Italus,
1254 4312 1386 4374 Ordinis
1402 4314 1580 4386 Minorum,
1596 4315 1649 4376 vir
1661 4330 1760 4376 sanc-

961 4409 1122 4482 tissimus,
1150 4414 1183 4472 et
1215 4411 1435 4471 Franciscani
1468 4411 1601 4472 Ordinis
1632 4413 1759 4489 primus

961 4506 1141 4580 institutor,
1158 4507 1293 4584 scripsit
1302 4509 1465 4583 Regulam
1479 4509 1578 4584 plane
1591 4509 1759 4584 evangeli·

962 4619 1044 4674 cam,
1059 4605 1093 4664 et
1113 4604 1341 4681 apostolicam,
1368 4621 1440 4682 quae
1461 4605 1605 4681 incipit:
1628 4609 1758 4681 Regula

118 4647 245 4708 pem
276 4649 470 4720 Rodulpbus
504 4649 735 4717 mmmm&
767 4649 820 4708 ‘ib'
850 4649 910 4708 HI
962 4699 1085 4761 stolia.
1098 4701 1191 4761 Hanc
1206 4701 1277 4776 ipse
1293 4702 1394 4761 Pater
1403 4704 1546 4761 Librum
1560 4701 1652 4768 ailla,
1661 4715 1759 4775 spem

155 4744 351 4817 Serapbicac
387 4744 575 4819 Religionis
613 4744 907 4818 descriptoribus

157 4842 288 4899 mmm
305 4841 494 4901 mmmm·
961 4894 1075 4964 tiocia
1091 4900 1220 4956 scalam
1235 4898 1320 4966 aoeli,
1337 4899 1467 4955 amcam
1478 4898 1648 4968 paradisi,
1668 4909 1756 4969 pac-

155 4991 184 5046 4.
208 4989 348 5050 Sanctus
369 4988 579 5060 Franciseus,
599 4988 789 5065 Seraphicae
809 4988 905 5051 Reli·
961 4991 1035 5052 ium
1047 4990 1328 5065 aeierulfaedcris,
1344 4991 1513 5067 appellare
1525 4993 1755 5053 consueverat.

118 5081 222 5154 gionis
251 5083 420 5158 fundator,
449 5085 600 5161 quamvis
627 5085 730 5148 idiota
764 5085 906 5163 simplex
960 5089 1103 5150 Dictavit
1115 5089 1148 5150 et
1158 5089 1360 5150 Testamenti
1375 5089 1487 5149 varias
1501 5088 1671 5160 formulas,
1681 5090 1758 5167 qui-

119 5177 303 5256 otelinguis
325 5179 428 5241 luisse
455 5182 546 5241 visus
568 5182 621 5253 sit,
639 5183 773 5260 scripsit
794 5184 905 5245 amen
959 5184 1020 5244 bus
1041 5184 1199 5247 virtutum
1214 5187 1313 5262 atque
1326 5185 1534 5274 Evangelicae
1549 5185 1755 5262 paupertatis

119 5275 287 5350 Regulam,
308 5278 340 5339 et
351 5276 450 5338 breve
463 5294 502 5339 ac
517 5278 689 5355 spirituale
707 5280 904 5342 Testamen-
960 5298 1037 5342 suos
1064 5282 1143 5344 lecit
1168 5282 1328 5344 haeredes.
1356 5284 1442 5355 Quin
1468 5287 1501 5344 et
1527 5283 1756 5359 cecinitplura

119 5368 195 5443 tum,
213 5374 246 5434 et
260 5373 363 5436 multa
376 5375 595 5436 Canticaante
608 5376 721 5453 etpost
733 5378 905 5440 conflrma-
960 5379 1095 5440 Cantica
1115 5380 1186 5442 sive
1210 5381 1368 5456 Hymnos,
1394 5380 1514 5458 quibus
1530 5395 1621 5441 more
1635 5379 1756 5440 Psaltis

153 5525 192 5599 (l)
213 5530 381 5600 mearent,
394 5531 486 5601 lipia.
501 5533 538 5588 ad
552 5533 635 5604 apisl.
651 5533 822 5591 lauomiual.

261 5669 375 5711 raanan.
393 5669 466 5711 rous
482 5656 529 5714 Vl.
1562 5661 1578 5716 2

960 4798 1092 4870 salutis,
1109 4801 1292 4859 medillam
1311 4799 1614 4872 declarativam
1637 4803 1756 4859 salva-
1814 4829 1826 4844 ι
1883 4793 1910 4802 “’
