4114 6396
99 321 173 383 reae
262 283 265 293 ’
471 327 579 388 anns
606 327 751 388 amun.
767 355 808 372 -
829 327 1048 392 canossam
1079 329 1125 394 nt
1155 331 1358 396 scandes.
1655 337 1736 403 iore

96 484 161 543 ate
175 481 321 543 malitias
342 484 429 554 tuas,
446 483 481 545 ln
503 484 621 561 quibus
635 485 779 562 gloriata
796 488 853 548 ast
868 501 886 547 s
941 487 1011 561 illo,
1025 489 1081 566 qul
1094 492 1146 554 est
1159 489 1196 553 tn
1209 494 1321 564 acne,
1336 491 1423 554 idest
1432 492 1491 570 qut
1506 491 1606 556 babet
1616 507 1735 572 puram

96 579 239 638 Dilectus
270 593 376 652 meus,
412 580 541 642 scilicet
574 582 729 644 minister
754 583 883 645 altaris.
940 586 1191 648 conscientiam.

96 675 289 752 «Numquid
301 690 421 738 carnes
437 677 560 739 sanctes
573 678 759 742 auferente
772 682 804 742 te
818 695 887 742 ma·

95 771 181 834 litias
205 773 331 832 tuest»
355 775 441 846 Non,
467 774 534 836 nisi
556 777 719 852 poeniteas
736 775 825 856 (stc),
849 780 886 839 ut
1153 771 1293 832 SERMO
1322 773 1520 834 CLXXXIV·

96 867 361 978 ῙῙΨΘΨΓᾹΒΒἩ
372 872 489 932 ‘mimi'
503 871 547 982 (²3
563 875 601 934 13
613 876 647 935 θῖ
661 873 713 952 14)
728 895 736 933 ³
751 890 771 933 ¹
788 874 823 935 Si
837 874 886 935 ω·
939 903 980 961 Dc
994 903 1099 976 duplici
1115 912 1195 978 porte
1207 905 1270 975 Dei,
1286 907 1396 964 scilicet
1408 907 1622 977 misericordia,
1638 915 1668 966 et
1677 908 1735 982 ius-

95 965 169 1028 lerrt
181 966 279 1028 homo
293 982 426 1028 carnem
440 969 681 1032 sanctiticatam
691 986 727 1030 in
738 985 797 1031 ora
809 985 886 1032 ves-
975 992 1054 1061 qqg,
1067 1007 1152 1066 qum
1168 993 1273 1050 qum„
1287 991 1439 1066 sepem„
1455 995 1492 1052 de
1506 991 1636 1054 pqqupu,
1650 998 1737 1054 sanc.

94 1061 220 1125 timenti
236 1063 301 1135 sui,
317 1065 351 1125 et
371 1065 519 1140 tetigerit
537 1067 577 1127 de
601 1067 791 1129 summitate
812 1071 885 1145 etus
975 1086 1067 1137 torum
1082 1081 1111 1137 in
1127 1080 1230 1138 tuturo.

94 1175 221 1237 lamma
249 1161 306 1222 ³¹¹¹
331 1161 548 1237 P¹¹¹¹¹¹⁰¹¹¹¹¹Q
581 1165 641 1226 ³¹¹¹
672 1164 799 1236 Vinum’
827 1165 885 1226 ³¹¹²
938 1214 1087 1278 introite
1103 1216 1226 1290 portas
1245 1217 1320 1288 entes
1341 1217 1378 1278 tn
1401 1217 1735 1291 consenescentem

94 1257 213 1328 oleum,
230 1259 287 1318 aut
306 1272 436 1319 omnem
452 1259 560 1320 cibum
579 1280 586 1320 ε
607 1262 766 1338 numquid
782 1275 885 1323 sanc·
1068 1314 1144 1384 ejus
1157 1315 1194 1372 m
1206 1312 1353 1388 hymnis·
1370 1312 1474 1393 (pm.
1490 1315 1542 1386 99,
1558 1313 1605 1394 4,)

93 1351 288 1415 tilicabiturt
307 1354 346 1415 nt
363 1355 606 1431 responderunt
628 1372 743 1418 omnes
767 1371 884 1419 sacer*

93 1448 182 1510 dotes
196 1470 203 1510 :
218 1451 303 1511 Non.
320 1451 383 1512 Sed
398 1451 427 1510 sl
438 1451 628 1514 immundus
640 1453 676 1513 in
688 1453 802 1516 anima
813 1456 885 1515 tan·
978 1452 1203 1514 admonemur
1215 1453 1272 1514 hic
1286 1470 1306 1514 a
1319 1454 1458 1516 Domino
1471 1443 1598 1517 intrare
1608 1457 1733 1528 petas

93 1546 148 1620 gat
168 1546 228 1606 illa
245 1545 305 1626 (1),
322 1549 621 1612 contaminabituri
638 1552 677 1613 Et
697 1551 883 1628 responde·
938 1547 1189 1624 misericordiae,
1207 1551 1239 1611 et
1248 1551 1372 1626 portas
1389 1551 1528 1626 justitie
1543 1555 1581 1614 tat
1593 1554 1734 1627 cosens-

93 1643 189 1704 runt:
207 1645 537 1707 contaminabitur.»
556 1649 605 1710 Ita
626 1648 654 1708 si
676 1649 712 1710 tu
729 1647 883 1710 comedas
937 1647 1044 1706 stone.
1065 1647 1113 1706 De
1136 1645 1241 1723 portis
1267 1645 1507 1708 misericordie
1531 1647 1676 1710 babetur
1696 1648 1733 1709 in

94 1755 210 1816 corpus
222 1739 346 1803 Christi
358 1742 526 1820 indignus,
538 1745 591 1805 vel
603 1745 805 1819 immundus,
818 1760 884 1806 non
938 1741 1111 1803 Ezechiele
1131 1741 1200 1821 (td,
1225 1744 1291 1805 iet
1310 1741 1348 1821 3)
1367 1746 1523 1806 :sporta
1542 1745 1621 1806 atrii
1642 1745 1733 1806 inte-

93 1833 447 1914 sanctiDcaberis‚'imo
467 1844 562 1917 pejor
580 1839 650 1909 des,
672 1841 758 1902 sicut
777 1840 883 1902 habe·
939 1837 1051 1910 rioris,
1065 1853 1140 1914 quae
1152 1839 1290 1915 respicit
1302 1839 1530 1914 adorientem,
1543 1839 1735 1902 critolausa

93 1935 144 2004 tur
166 1935 201 1994 in
225 1933 367 1996 Threnis
383 1935 428 2016 (3,
444 1936 522 2016 65):
547 1939 651 2000 Dabis
676 1940 727 1999 ets
747 1940 883 2000 scutum
939 1949 999 1994 sex
1013 1933 1141 2007 diebus,
1161 1935 1198 1995 in
1222 1935 1341 2012 quibus
1360 1952 1444 2012 opus
1466 1933 1525 1998 tit:
1545 1937 1599 1997 die
1622 1939 1734 1999 autem

93 2033 213 2102 cordis,
234 2030 321 2092 idest
340 2031 496 2094 duritiam
512 2049 554 2094 ex
571 2033 791 2110 permissione
810 2033 881 2094 Dei.
938 2030 1078 2102 sabbati,
1100 2033 1133 2092 et
1156 2030 1210 2091 die
1225 2032 1441 2095 calendarum
1460 2033 1632 2109 aperietur
1646 2049 1684 2106 s;
1701 2033 1735 2096 st

94 2124 347 2189 Undeinlixodo
357 2126 421 2206 (12,
431 2129 521 2191 idad
533 2127 882 2210 46)dicitur:‹0mnis
938 2127 1037 2205 paulo
1066 2127 1141 2203 post
1166 2127 1289 2189 dicitur
1311 2145 1320 2188 ε
1340 2131 1381 2190 nt
1408 2129 1562 2192 adorabit
1589 2130 1732 2206 populus

92 2223 277 2299 alienigena
291 2240 357 2286 non
371 2225 520 2288 comedet
530 2242 573 2286 ex
583 2242 634 2288 eo.
647 2227 760 2288 Omnis
772 2228 882 2287 autem
937 2225 1036 2284 terrae
1059 2221 1100 2283 ad
1116 2223 1238 2284 ostium
1254 2227 1359 2300 portae
1372 2225 1465 2285 illius
1478 2226 1512 2285 in
1529 2224 1689 2299 sabbatis,
1702 2227 1736 2287 et

91 2335 204 2380 servus
224 2320 394 2396 emptitius
414 2319 683 2394 circumcidetur,
706 2323 740 2384 et
758 2322 806 2383 sic
820 2338 881 2383 co·
936 2319 972 2379 in
987 2319 1148 2391 calendis,
1165 2333 1278 2380 coram
1294 2321 1445 2381 Domino.
1465 2321 1659 2393 orientalis,
1675 2337 1736 2396 per

91 2415 217 2477 madet:
238 2416 386 2489 Aduena,
404 2419 437 2480 et
451 2419 681 2479 mercenarius
697 2434 765 2480 non
783 2418 883 2479 edent
937 2431 1036 2494 quam
1060 2415 1332 2478 didundebantur
1346 2417 1433 2479 radii
1454 2417 1535 2479 solis
1550 2419 1591 2478 ad
1606 2418 1735 2478 illumi·-
1858 2417 1865 2426 '

91 2527 131 2572 ex
145 2527 195 2572 eo.
212 2514 250 2572 Iu
265 2528 331 2574 tina
347 2513 444 2574 domo
457 2514 663 2587 comedetur,
687 2531 748 2576 nec
763 2513 883 2576 effere-
937 2513 1081 2574 nondam
1100 2513 1203 2576 totum
1218 2515 1350 2575 domum
1367 2515 1482 2590 templi
1499 2512 1558 2593 (3),
1580 2517 1660 2576 Haec
1682 2516 1734 2576 cst

90 2609 130 2670 tis
146 2609 186 2670 de
200 2609 356 2670 carnibus
371 2614 443 2688 ejus
457 2610 560 2680 ieras,
578 2628 639 2674 nec
654 2628 691 2673 os
703 2613 794 2673 illius
807 2628 884 2674 con·
937 2611 1032 2688 porta
1050 2611 1292 2673 misericordias
1308 2629 1316 2684 ;
1338 2612 1370 2672 et
1389 2612 1424 2672 in
1440 2612 1503 2673 hac
1517 2614 1613 2688 porta
1634 2611 1733 2674 debet

90 2705 251 2781 iringetis.
276 2723 296 2766 s
322 2707 521 2784 Alienigena
547 2709 608 2783 est,
636 2709 836 2786 quicumque
860 2723 882 2770 a
936 2708 1078 2786 populus
1097 2723 1196 2774 orare
1217 2709 1253 2768 in
1273 2707 1421 2781 sabbato,
1445 2709 1576 2770 scilicet
1599 2707 1732 2785 quando

89 2805 154 2864 Deo
165 2803 333 2866 alienatur
344 2821 405 2881 per
416 2807 599 2882 peccatum.
616 2807 677 2868 Vel
690 2807 881 2882 alienigena
937 2806 1089 2867 cessatur
1102 2805 1144 2866 ab
1159 2805 1315 2882 operibus
1334 2805 1457 2878 carnis,
1475 2806 1508 2866 et
1521 2821 1642 2867 vacare
1657 2821 1734 2882 ope·

89 2903 147 2973 est,
164 2902 277 2978 quiex
291 2904 384 2978 patre
400 2902 532 2965 diabolo
547 2905 609 2972 est,
623 2905 732 2981 ipsum
745 2904 882 2966 imitans
936 2901 1030 2963 ribus
1042 2903 1282 2963 misericordiae
1294 2904 1332 2962 tn
1348 2903 1559 2964 consessione
1578 2923 1587 2962 ι
1605 2903 1641 2962 ct
1653 2901 1733 2962 tunc

89 2999 121 3057 in
135 2999 262 3060 malitia
274 3014 347 3059 sua.
364 2999 427 3062 Sed
441 3001 548 3061 omnis
561 3001 731 3078 emptitius
745 3002 883 3062 circum·
937 2999 1032 3077 porta
1047 2999 1301 3070 misericordie,
1317 2999 1403 3061 idest
1417 2999 1529 3060 lumen
1541 2999 1660 3075 gratim
1675 3013 1734 3058 ra-

89 3094 226 3166 cidetur,
244 3095 276 3156 et
297 3111 340 3157 cx
361 3111 399 3158 eo
424 3097 584 3160 comedet.
610 3101 734 3160 Servus
754 3099 881 3174 cmpti—
937 3097 1001 3158 diis
1024 3097 1096 3158 suis
1118 3097 1263 3158 mentem
1285 3097 1443 3158 illustret
1472 3097 1539 3157 Per
1562 3095 1732 3168 calendas,

8 3249 12 3258 ,
88 3193 153 3253 tius
176 3193 236 3264 est,
260 3193 318 3270 qui
345 3195 452 3270 pretio
476 3195 527 3256 est
552 3197 681 3272 emptus
705 3197 881 3272 sanguinis
937 3196 1152 3271 quassantia
1168 3194 1344 3270 primodie
1359 3193 1495 3262 mensis,
1516 3193 1734 3255 inustione

87 3290 319 3364 Jesquristi;
337 3291 882 3368 quisicircumcisusestavifiis,
935 3293 1070 3353 ratione
1096 3291 1196 3362 lunc,
1223 3290 1377 3366 signatur
1398 3303 1494 3351 mens
1518 3302 1580 3351 suc
1607 3290 1734 3351 lumine

87 3387 258 3448 comedere
273 3389 382 3464 potest
397 3388 437 3449 ad
454 3390 594 3452 salutem
611 3405 732 3467 corpus
742 3389 879 3452 Christi.
936 3388 1078 3464 privata.
1096 3391 1161 3450 Per
1176 3387 1333 3464 populum
1348 3387 1503 3463 signatur
1523 3387 1590 3459 ille,
1607 3385 1664 3464 qui
1677 3387 1734 3446 in-

87 3487 125 3545 Et
140 3484 308 3561 sequitur:
326 3499 344 3544 a
359 3488 396 3545 in
417 3501 483 3546 una
500 3485 597 3547 domo
614 3487 805 3555 comedetis,
820 3501 881 3548 nec
937 3485 1018 3561 cipit
1032 3483 1185 3544 innovari
1207 3499 1267 3560 per
1287 3483 1543 3555 confessionem,
1560 3483 1597 3544 ut
1616 3481 1733 3544 redeat

86 3581 231 3642 ederetis
246 3597 366 3642 carnes
386 3597 428 3642 ex
447 3597 497 3642 ea.
520 3585 557 3642 ln
578 3597 645 3642 una
667 3581 776 3654 domo,
795 3582 882 3643 idest
936 3581 977 3641 ad
993 3581 1108 3651 solem,
1122 3581 1156 3641 et
1165 3580 1214 3640 sic
1226 3579 1369 3656 recipiat
1380 3579 1493 3640 lumen
1505 3592 1621 3654 suanm
1637 3582 1670 3640 et
1682 3579 1731 3640 ita

85 3679 118 3739 in
136 3679 262 3741 unitate
275 3679 444 3750 Ecclesiae,
462 3679 533 3740 sive
547 3679 708 3741 caritatis
723 3683 766 3740 In
780 3683 882 3741 donno
937 3691 1011 3738 cum
1027 3675 1131 3752 portis
1145 3674 1385 3736 misericordias
1398 3675 1592 3736 intrandum
1608 3677 1658 3736 est
1672 3687 1733 3751 per

85 3775 180 3848 dicit;
197 3776 294 3852 quasi
315 3775 429 3836 dicat:
453 3777 526 3836 Non
548 3775 582 3835 in
603 3775 660 3836 ille
675 3775 821 3848 civitate,
841 3773 882 3836 de
937 3772 1213 3849 por-tusjustitiae,
1228 3769 1401 3848 dequibus
1417 3770 1560 3832 babetur
1574 3769 1733 3832 Ezechie-

84 3889 150 3949 qua
174 3873 317 3934 dicitur:
334 3889 353 3933 ‹
370 3875 438 3948 ligo
459 3871 632 3944 Dominus,
655 3873 690 3933 et
712 3872 881 3934 civitatem
937 3869 979 3929 lis
1001 3867 1066 3947 (40,
1082 3867 1139 3946 3):
1159 3885 1177 3928 c
1194 3871 1278 3928 Ecce
1297 3867 1362 3940 vir,
1384 3869 1479 3943 cujus
1503 3869 1576 3928 erat
1602 3867 1731 3944 species

85 3985 152 4030 non
171 3969 346 4046 ingrediar
365 3969 475 4048 (Osee,
498 3971 547 4042 11,
563 3967 614 4048 9);
632 3970 664 4030 et
684 3969 718 4029 in
738 3968 881 4030 Psalmis
936 3966 1032 4043 qnasi
1058 3964 1186 4041 specics
1207 3964 1297 4035 aeris,
1313 3971 1347 4024 et
1369 3963 1539 4026 funiculus
1564 3964 1672 4026 lineus
1692 3964 1729 4024 in

84 4066 129 4145 (9,
159 4066 193 4147 7)
213 4088 221 4128 ε
244 4067 416 4128 «inimici
449 4066 643 4128 deiecerunt
676 4064 813 4128 mameae
845 4065 881 4127 in
936 4077 1038 4123 manu
1057 4065 1140 4138 ejus,
1158 4063 1191 4122 ct
1214 4060 1363 4122 calamus
1387 4075 1552 4121 mensura
1571 4061 1607 4121 in
1627 4075 1732 4121 manu

82 4163 195 4235 tinem,
217 4165 250 4226 et
271 4165 424 4226 civitates
444 4176 559 4225 eorum
582 4160 794 4238 destruxisti3
812 4163 880 4224 »in
935 4162 1008 4237 ejus
1025 4179 1032 4220 ε
1047 4157 1157 4220 stabat
1178 4159 1289 4220 autem
1311 4157 1346 4217 in
1366 4158 1473 4233 porta,
1490 4157 1652 4219 »scilicet
1668 4161 1731 4235 ju-

82 4275 149 4336 qua
166 4263 217 4322 est
233 4261 385 4322 diabolus
406 4276 478 4332 rex,
499 4261 534 4323 et
551 4261 718 4338 princeps,
737 4259 824 4321 idest
844 4263 881 4321 tn
935 4257 1026 4318 dicii.
1047 4259 1127 4334 ejus
1144 4256 1275 4332 species
1297 4269 1370 4315 esse
1390 4253 1513 4316 dicitur
1528 4256 1621 4316 velut
1635 4259 1729 4328 csrts,

81 4359 205 4429 quibus
229 4359 355 4431 requei
383 4358 543 4432 diabotus,
576 4360 613 4420 ut
640 4358 690 4420 ait
715 4356 880 4433 Augusti·
934 4355 969 4416 in
985 4369 1050 4434 quo
1067 4354 1204 4414 notatur
1218 4351 1453 4429 rigorjudicii,
1473 4353 1535 4413 AEs
1559 4353 1637 4414 dum
1654 4367 1733 4429 per-

81 4465 147 4510 nus
163 4448 326 4529 (2),‹ubi
341 4452 470 4522 dolosa,
488 4457 521 4514 et
540 4451 752 4516 iraudulenta
768 4453 881 4516 censi·
934 4453 1069 4522 cutitur,
1087 4465 1206 4511 sonum
1230 4450 1351 4510 reddit
1377 4450 1417 4510 lit
1439 4449 1600 4509 Dominus
1624 4449 1729 4520 tacet,

79 4549 127 4608 lia
144 4548 240 4625 qnasi
255 4547 356 4609 curiae
372 4548 480 4609 locum
496 4549 655 4622 obtinent,
670 4552 724 4612 cni
748 4552 880 4628 princi·
934 4547 1011 4608 dum
1027 4548 1082 4608 hic
1101 4547 1286 4624 percutitur
1302 4568 1310 4605 ε
1327 4544 1385 4606 sed
1405 4544 1451 4604 ibi
1473 4544 1625 4619 sonabit;
1641 4544 1731 4604 unde

79 4645 177 4722 patui
201 4645 299 4721 quasi
325 4644 498 4715 satellites,
524 4647 557 4706 et
584 4647 729 4710 ministri
758 4649 881 4710 adsunt
934 4644 1113 4722 Isaieetdt,
1133 4641 1186 4722 14)
1204 4663 1212 4703 s
1231 4641 1367 4704 «Tacui
1392 4653 1535 4717 semper,
1557 4640 1649 4714 silui,
1670 4655 1731 4716 pa-

78 4742 191 4804 officia
205 4741 413 4816 singulorum
426 4740 664 4816 membrorum,
686 4745 772 4806 sicut
791 4743 879 4805 oculi
933 4742 1020 4802 tiens
1045 4739 1093 4802 iui
1115 4761 1123 4800 =
1147 4741 1237 4801 sicut
1260 4737 1450 4815 parturiens
1473 4737 1603 4814 loquar,
1629 4736 1732 4798 dissi-

78 4839 122 4900 ad
138 4839 377 4910 curiositatem,
393 4853 492 4900 aures
505 4837 546 4898 ad
562 4838 747 4911 lasciviam,
762 4855 879 4900 munus
934 4838 1030 4916 pabo,
1046 4840 1081 4900 et
1095 4835 1291 4898 absorbebo.
1314 4837 1352 4895 In
1375 4849 1476 4894 manu
1494 4836 1669 4907 nectemus
1682 4838 1730 4895 lt-

77 4937 122 4997 ad
139 4937 303 5013 rapinam,
318 4937 487 4998 etcoetera
502 4935 881 5013 membraqnasisatel-
934 4949 1030 4997 aecus.
1058 4933 1179 4994 Linum
1216 4929 1329 4993 multis
1359 4929 1572 5016 tunsionibus
1608 4929 1731 5006 recipit

77 5033 171 5105 lites,
192 5036 227 5095 et
244 5033 390 5094 ministri
414 5032 591 5108 stipendiis
611 5033 757 5094 militant
780 5033 879 5110 liujus
934 5031 1122 5102 candorem,
1146 5045 1205 5107 per
1228 5027 1314 5106 quod
1336 5027 1514 5103 signantur
1533 5026 1729 5088 tribulatio·-

77 5131 239 5202 civitatis‚
255 5131 288 5192 et
308 5129 491 5192 turbulenti
512 5131 622 5191 motus
641 5131 746 5190 animi
767 5131 879 5207 quoti·
933 5145 1005 5200 nes,
1029 5143 1112 5205 quas
1136 5141 1255 5204 passus
1275 5126 1326 5186 ost
1351 5125 1511 5185 Dominus
1533 5139 1593 5201 pro
1619 5123 1727 5185 nobis.

76 5226 200 5288 dianas
226 5227 416 5290 seditiones.
433 5225 468 5287 in
499 5225 634 5288 homine
657 5227 834 5302 agitantes.
859 5242 879 5287 s
932 5229 1120 5287 duciculus
1135 5225 1355 5285 estmensure
1371 5221 1505 5281 illarum
1521 5221 1727 5298 passionum,

74 5324 172 5385 'Palis
188 5339 254 5384 non
268 5323 365 5386 debet
377 5339 509 5386 sumere
525 5337 646 5402 corpus
663 5323 798 5396 Christi,
820 5323 877 5385 sed
933 5337 1016 5402 quas
1030 5321 1140 5398 exigit
1160 5323 1248 5382 Deus
1274 5317 1316 5380 ab
1337 5317 1501 5391 omnibus,
1526 5319 1627 5380 etiam
1646 5319 1727 5386 illis,

101 5553 160 5632 ¹(l)
178 5551 263 5633 vulg.
281 5552 326 5610 :si
341 5552 467 5626 tetigerit
482 5554 604 5627 pollutus
617 5555 645 5615 iu
662 5555 757 5614 anima
773 5567 808 5612 ex
820 5565 879 5611 cm·
981 5551 1010 5616 2)
1027 5551 1113 5606 nnn.
1130 5549 1159 5604 in
1173 5549 1218 5606 Pe.
1235 5548 1262 5611 tl.
1279 5561 1307 5604 n.
1318 5549 1351 5605 8.

75 5621 167 5680 uibus
182 5620 236 5678 bis.
981 5623 1010 5694 ³)
1026 5619 1112 5689 Dede,
1126 5619 1167 5676 Dc
1179 5619 1282 5690 temple
1293 5619 1433 5686 Seleucen,
1449 5629 1511 5688 cap.
1525 5615 1552 5673 6.
