4184 6410
130 303 190 364 705
503 299 611 361 pass
643 292 786 360 rumh.
805 326 845 346 -
864 297 1083 360 exaestuo
1115 299 1159 360 nt
1189 277 1393 362 psannios.
1707 297 1768 358 rue

125 475 202 522 cum
219 456 320 520 luerit
338 473 399 535 par
419 458 591 534 peccatum
609 457 803 519 deformata.
828 456 920 518 Unde
975 471 1077 534 super
1091 471 1128 519 os
1142 458 1247 529 tuum,
1260 459 1293 520 et
1305 457 1449 521 circulos
1460 457 1494 518 in
1507 455 1655 528 auribus,
1669 455 1769 518 etco-

126 557 168 618 de
180 555 420 618 deformatione
431 555 512 616 dicit
527 554 781 616 Ecclesiasticus
797 552 841 632 (4,
852 553 918 631 ich
976 570 1092 616 ronam
1105 555 1140 616 in
1151 555 1335 632 capitatuo.
1348 557 1522 632 »Torques
1532 555 1584 639 est
1595 567 1770 614 ornamen-

126 654 207 716 «Ne
215 669 369 715 assumas
381 652 428 731 (1)
440 652 559 714 taciem
568 654 683 714 contra
695 651 920 722 laciemtuam,
976 653 1045 712 tum
1062 667 1081 712 a
1097 651 1182 714 eollo
1195 669 1300 728 usque
1315 653 1356 713 ad
1372 654 1487 729 pectus
1509 649 1720 728 dependens3
1738 648 1771 711 et

128 767 191 812 nec
225 751 342 812 contra
374 751 521 811 animam
547 751 638 810 tuam
666 749 921 810 mendacium.»
977 747 1054 831 effla
1068 749 1104 810 in
1118 753 1252 825 pectore
1267 751 1317 811 est
1336 750 1432 811 sedes
1454 748 1638 826 sapientiae,
1665 753 1770 824 etper

129 848 268 910 vanitas
295 847 421 918 mnndi,
447 849 480 907 et
508 846 659 922 deceptio
687 846 920 922 temporalium
976 845 1098 907 collum
1115 837 1243 908 'transit
1264 847 1466 923 eloquentia,
1491 847 1609 908 merito
1632 847 1768 922 torques

128 946 285 1022 deturpat
300 944 418 1006 taciem
447 944 582 1016 animae3
610 943 706 1005 etsie
734 942 923 1018 homopec·
977 941 1129 1018 designat
1144 942 1343 1005 mirabiliter
1364 945 1556 1019 juncturam
1584 943 1769 1019 sapientiae,

127 1041 247 1114 cando,
264 1043 379 1102 contra
392 1055 466 1102 eam
478 1039 623 1101 alienam
638 1039 757 1102 taciem
770 1038 920 1100 assumit.
976 1041 1011 1102 et
1028 1029 1238 1118 eloquentiae.
1256 1040 1350 1101 Unde
1371 1030 1596 1102 Ecclesiastici
1612 1039 1676 1118 (28,
1692 1038 1746 1117 29)
1760 1049 1769 1100 2·

131 1140 225 1201 Unde
241 1160 251 1199 ι
268 1139 498 1216 «Uusquequo
511 1134 650 1213 diligitis
663 1137 845 1198 vanitatem
861 1133 920 1215 (2),
982 1141 1119 1200 Aurum
1139 1139 1247 1209 tuum,
1266 1138 1300 1198 et
1320 1138 1507 1214 arpentum
1531 1138 1629 1198 tuum
1647 1137 1769 1210 consta,

129 1239 164 1299 et
190 1235 294 1298 facies
318 1236 529 1313 peccatorum
558 1235 689 1296 sumitis
714 1233 814 1314 (3)t»
840 1235 947 1308 Qum¹
980 1233 1067 1297 idest
1080 1235 1279 1312 sapientiam
1290 1236 1435 1305 tuamet
1447 1234 1770 1310 eloquentiamtuam

131 1335 220 1396 enim
254 1332 355 1394 babet
382 1333 481 1394 homo
508 1333 655 1409 peccata,
688 1333 737 1393 tot
764 1330 864 1392 habet
892 1333 925 1391 et
977 1335 1156 1410 conjunge,
1174 1333 1209 1393 nt
1223 1333 1279 1408 qui
1296 1333 1395 1408 sapit,
1412 1345 1478 1392 non
1494 1331 1615 1403 taceat,
1631 1347 1694 1392 nec
1715 1331 1769 1392 lo-

130 1425 245 1503 taoies,
260 1447 334 1508 quae
347 1430 466 1492 taciem
485 1429 618 1490 Domini
633 1427 754 1490 animae
778 1429 923 1504 impres·
979 1433 1100 1506 quatur
1113 1429 1168 1506 qni
1194 1445 1261 1490 non
1287 1429 1385 1505 sapit,
1410 1429 1538 1490 scilicet
1560 1428 1595 1488 in
1609 1427 1774 1506 praedica-

129 1545 203 1592 sam
227 1528 414 1605 deturpant,
432 1529 499 1588 imo
515 1527 642 1600 delent3
659 1527 738 1603 qnia
751 1525 808 1602 qui
822 1525 923 1586 vani·
978 1529 1080 1590 tione.
1095 1530 1174 1588 Haec
1189 1529 1239 1588 est
1254 1527 1378 1604 optima
1393 1525 1561 1588 conflatio.
1576 1526 1707 1586 inauris
1722 1527 1773 1588 est

130 1629 233 1690 tatem
244 1626 364 1702 diligit,
376 1627 410 1687 et
423 1627 582 1694 sectatur,
600 1623 744 1685 alienam
758 1623 926 1686 contrahit
979 1625 1133 1686 catenula
1149 1624 1291 1685 rotunda
1305 1624 1346 1686 ad
1370 1624 1503 1684 modum
1517 1624 1637 1685 circuli
1648 1624 1775 1700 depen2

129 1724 261 1786 taciem.
287 1727 352 1784 Per
367 1722 478 1784 dolum
501 1720 665 1798 siquidem
680 1721 848 1783 contrahit
871 1718 924 1780 fa·
947 1729 948 1732 ’
979 1721 1062 1783 dens
1080 1721 1124 1782 ad
1152 1721 1294 1782 ironiam
1316 1722 1466 1782 mulieris
1489 1720 1549 1800 (6),
1577 1722 1609 1783 et
1629 1736 1773 1798 supere*

127 1823 215 1882 ciem
235 1821 364 1898 uulpis3
385 1836 446 1896 por
460 1819 703 1890 crudelitatem,
719 1819 774 1880 uel
793 1833 853 1894 per
874 1833 926 1878 su·
947 1889 948 1894 ἵ
980 1819 1111 1880 minens
1126 1817 1187 1879 ori.
1204 1821 1243 1879 In
1254 1819 1364 1880 fronte
1381 1819 1544 1895 siquidem
1557 1833 1688 1880 crucem
1705 1817 1772 1878 ime

132 1920 292 1997 perbiam,
309 1917 436 1992 leonis;
458 1932 518 1994 per
543 1917 794 1986 detractionem,
810 1916 923 1989 canis3
980 1916 1163 1992 primimus,
1182 1931 1280 1993 quem
1305 1931 1362 1976 ore
1383 1899 1615 1992 praedicamus.
1633 1919 1713 1990 Haec
1725 1914 1776 1977 est

132 2032 191 2093 per
211 2013 466 2086 immunditiam,
494 2015 575 2075 suis.
614 2014 708 2076 Unde
744 2012 925 2074 Ezechielis
979 2014 1122 2086 inauris,
1139 2016 1233 2090 cujus
1246 2012 1435 2074 rotunditas
1450 2029 1608 2074 coronam
1622 2013 1774 2088 designat

129 2112 203 2192 (8,8
214 2114 246 2174 et
257 2111 308 2192 10)
320 2135 329 2174 ι
342 2114 449 2174 «tium
460 2111 677 2188 perfodissem
688 2109 736 2191 (4)
751 2110 924 2187 parietem,
981 2113 1151 2181 aeternam,
1169 2125 1267 2187 quam
1281 2125 1341 2186 per
1351 2126 1484 2172 crucem
1499 2111 1641 2180 Domini,
1653 2114 1686 2171 et
1702 2114 1774 2186 ejus

129 2211 287 2288 apparuit
311 2211 394 2270 mihi
420 2209 553 2278 ostium,
568 2211 601 2270 et
616 2207 685 2270 vidi
699 2209 787 2279 inde,
802 2209 835 2268 et
849 2221 926 2267 ecce
981 2207 1148 2283 passionis
1163 2207 1396 2278 imitationem,
1412 2208 1445 2268 et
1458 2223 1524 2267 non
1540 2207 1674 2268 aliunde
1688 2223 1777 2282 quae·

129 2308 241 2369 omnis
267 2305 448 2368 similitudo
476 2306 658 2382 reptilium,
688 2305 722 2366 at
733 2303 927 2364 animalium
982 2318 1057 2364 rere
1079 2302 1323 2364 debemuscum
1351 2303 1508 2379 apostolo
1522 2303 1674 2366 dicente:
1693 2303 1777 2364 Mihi

131 2404 351 2478 abominatis,
365 2405 398 2464 et
413 2403 569 2465 universa
589 2401 677 2462 idola
689 2401 808 2462 domus
823 2400 926 2462 lsrael
982 2399 1069 2462 absit
1082 2400 1233 2476 gloriari,
1247 2401 1313 2462 nisi
1330 2401 1366 2462 in
1389 2416 1488 2462 cruce
1514 2402 1647 2461 Domini
1667 2401 1774 2463 nostri

129 2501 266 2577 depicta
281 2501 316 2560 in
329 2500 493 2577 pariete.»
505 2499 672 2577 Siquidem
688 2498 861 2575 persedere
873 2513 929 2574 pa·
980 2499 1063 2560 lesu
1075 2497 1198 2560 Christi
1212 2496 1271 2578 (7).
1291 2499 1442 2560 circulus
1463 2499 1499 2560 in
1526 2499 1664 2560 auribus
1684 2499 1774 2560 desi-

133 2599 252 2660 rietem
276 2598 327 2659 est
351 2598 538 2674 penetrare,
565 2597 598 2658 et
615 2595 929 2658 considerareinte-
982 2595 1063 2670 gnat
1088 2596 1262 2670 praemium
1288 2595 1498 2668 obedientiae,
1516 2596 1602 2673 quod
1626 2599 1661 2658 ut
1676 2613 1773 2658 asse-

131 2695 226 2756 riona
241 2695 350 2756 cordis
359 2694 475 2776 nostri.
490 2696 557 2755 Per
565 2693 697 2770 reptilia
710 2691 927 2768 designantur
980 2707 1134 2768 quamam,
1151 2691 1232 2755 dicit
1251 2693 1506 2764 Ecclesiasticus
1528 2692 1592 2773 (28,
1607 2692 1682 2774 28):
1699 2695 1777 2772 sepi

135 2793 288 2854 mortalia
303 2791 451 2868 peccata,
469 2807 545 2867 quae
560 2779 857 2866 meresarpentino
871 2805 928 2851 oc-
983 2804 1083 2851 aures
1108 2791 1183 2850 tuas
1202 2790 1318 2868 spinis,
1335 2787 1492 2854 videlicet
1502 2807 1634 2853 coronae
1649 2791 1774 2854 Christi

132 2891 223 2952 culte
234 2891 268 2950 in
280 2889 426 2950 animam
441 2888 589 2965 serpunt,
604 2903 788 2948 exuensne
803 2877 927 2948 diaboli
982 2887 1151 2963 patientis,
1164 2903 1206 2949 ne
1217 2888 1336 2949 audias
1349 2905 1423 2949 cum
1434 2887 1775 2951 delectatione·verba

136 2988 291 3064 impulsa,
317 2987 528 3063 animamque
547 2984 742 3046 indolentia.
761 2987 826 3045 Per
848 2984 926 3044 ani·
977 2986 1183 3061 sanguinum
1192 2983 1252 3062 (8),
1267 2987 1300 3046 et
1308 2985 1355 3047 ita
1365 2985 1416 3046 lac
1425 2987 1526 3063 capiti
1536 2987 1593 3048 tuo
1605 3002 1774 3058 coronam,

134 3086 247 3158 malla,
259 3085 395 3160 peccata
405 3081 565 3144 carnalia.
580 3085 645 3143 Per
657 3082 792 3153 idolum,
810 3097 929 3158 pecca-
945 3089 948 3098 '
983 3097 1057 3159 quas
1069 3082 1278 3158 significatur
1293 3083 1327 3144 in
1339 3083 1438 3144 mitra
1453 3083 1657 3160 pontificum3
1676 3083 1779 3162 siqui-

129 3183 204 3244 tum
219 3182 334 3243 contra
349 3183 503 3242 naturam
517 3202 526 3255 ;
543 3183 577 3242 et
590 3180 708 3242 merito
726 3197 734 3240 ε
750 3180 829 3256 quia
842 3181 929 3241 sicut
983 3179 1056 3242 dem
1076 3195 1096 3242 a
1120 3181 1229 3258 capite
1244 3181 1322 3242 sunt
1336 3195 1450 3242 omnes
1465 3197 1593 3244 sensus.
1608 3183 1660 3243 'stt
1673 3183 1777 3258 igitur

133 3280 216 3340 illud
233 3280 405 3355 peecatum
431 3279 545 3340 contra
573 3278 725 3339 naturam
751 3277 811 3348 est,
835 3278 929 3338 itaet
983 3278 1081 3340 mitra
1096 3279 1233 3350 coertio,
1249 3279 1463 3356 compressio,
1477 3277 1659 3342 moderatio
1678 3280 1778 3357 quin-

136 3375 262 3437 idolum
291 3391 357 3436 non
377 3375 476 3436 estin
499 3389 612 3434 rerum
641 3376 772 3447 natura,
802 3389 864 3436 nec
891 3374 926 3434 in
983 3387 1225 3455 qnesensuum,
1243 3378 1278 3440 nt
1292 3391 1350 3440 eos
1364 3393 1385 3438 a
1400 3378 1487 3438 malo
1506 3379 1670 3452 cohibeat,
1688 3381 1720 3442 et
1734 3379 1776 3441 ad

133 3471 927 3547 rebusnaturalibusinvenitur.Siquidemhomo
981 3474 1103 3536 bonum
1120 3473 1297 3550 gubernet3
1321 3475 1354 3536 et
1378 3475 1426 3536 ite
1455 3473 1558 3537 iacies
1578 3475 1729 3549 formata,
1745 3480 1778 3540 et

135 3569 329 3630 luxuriosus
344 3569 380 3629 in
395 3567 604 3630 naturalibus
626 3567 751 3629 animal
765 3567 929 3628 'luxurio-
983 3571 1176 3643 delormata,
1199 3571 1234 3632 et
1248 3571 1428 3634 reformata
1444 3573 1519 3646 erit,
1538 3574 1571 3634 et
1595 3573 1774 3635 illustrata.

131 3683 208 3728 snm
232 3667 296 3728 sibi
321 3667 430 3728 simile
458 3666 608 3742 reperit3
638 3666 775 3742 gulosus
804 3665 928 3726 animal

132 3766 308 3840 gulosum3
337 3764 499 3840 superbus
515 3763 639 3824 animal
654 3764 848 3839 superbum
866 3763 929 3824 ira·
1089 3804 1096 3817 ·
1256 3775 1395 3846 SERMO
1418 3777 1498 3837 LIV.

132 3862 274 3933 curdus,
304 3862 449 3933 invidus,
479 3861 647 3923 detractor
680 3861 839 3921 animalia
864 3860 928 3920 sibi

132 3959 258 4020 similia
280 3960 317 4020 in
340 3957 550 4020 naturalibus
578 3958 767 4020 inveniunt
793 3958 856 4019 Sed
875 3958 928 4017 in-

134 4055 212 4117 secu
227 4057 362 4132 peceato
397 4054 454 4117 ruo
478 4055 700 4130 ignominioso
725 4054 789 4115 sur
818 4054 927 4115 simne
980 4029 1336 4094 Retmocctnomtnus
1350 4034 1772 4112 factenuuasupernum.

1059 3903 1101 3960 De
1119 3903 1262 3976 snperbia,
1283 3911 1311 3962 et
1329 3905 1476 3978 suppliciis
1495 3906 1693 3979 superborum.

12 4167 16 4180 ·
134 4152 171 4212 in
191 4153 400 4214 naturalibus
425 4167 492 4213 non
520 4152 702 4229 reperiunt.
725 4152 819 4213 Unde
843 4151 927 4212 bene
1253 4125 1294 4208 (P
1296 4129 1357 4190 ³³¹·
1371 4132 1422 4202 30,
1437 4129 1505 4211 24·)

132 4249 338 4312 abominatio
363 4250 557 4310 animalium
570 4250 710 4324 dicitur3
727 4251 760 4310 et
782 4249 901 4311 merito
918 4271 925 4308 :
1022 4251 1120 4326 Nota,
1136 4267 1234 4329 quam
1250 4251 1466 4327 detestabilis,
1483 4256 1516 4318 et
1529 4255 1640 4319 inanis
1653 4260 1704 4320 est
1719 4275 1778 4320 su·

134 4346 214 4421 quia
229 4347 400 4419 peccatum
428 4346 491 4407 hoc
509 4347 736 4422 jnmentinum
758 4347 927 4407 hominem
981 4348 1111 4426 perbia;
1142 4351 1275 4426 quantis
1299 4351 1399 4412 etiam
1419 4351 1560 4416 feriatur
1590 4357 1775 4432 suppliciis

136 4441 247 4518 privat
259 4455 319 4500 sna
334 4441 490 4515 imagine,
504 4445 540 4504 ut
552 4459 618 4504 non
629 4445 672 4505 sit
683 4446 790 4516 homo,
801 4444 928 4520 sedju-
981 4447 1031 4507 Ad
1066 4447 1319 4510 detestationem
1345 4449 1506 4527 siquidem
1539 4453 1703 4528 superbiae
1730 4455 1777 4516 ait

136 4538 294 4598 mentum.
311 4537 431 4598 Merito
447 4538 653 4613 igiturnobis
672 4540 846 4602 celandum
864 4541 925 4602 est.
982 4545 1236 4606 Ecclesiasticus
1249 4541 1314 4623 (10,
1332 4545 1384 4623 11)
1398 4563 1438 4607 1«
1458 4547 1593 4609 Initium
1609 4551 1775 4626 superbiae

175 4635 318 4698 illustra
344 4636 469 4708 scetem
488 4636 604 4708 tuam;
627 4636 667 4696 de
695 4653 758 4712 qna
780 4637 929 4699 illustra·
982 4640 1138 4711 hominis,
1170 4643 1360 4718 apostatare
1386 4659 1405 4704 a
1434 4646 1501 4706 Deo
1528 4662 1557 4705 s.
1585 4647 1659 4707 Non
1687 4647 1809 4708 enim.

135 4733 238 4800 tione,
256 4730 438 4794 Ezechielis
452 4729 516 4810 (16,
533 4733 568 4793 11
585 4735 619 4793 et
638 4732 689 4813 12)
707 4754 714 4792 :
731 4733 843 4794 «Dedi
858 4736 929 4795 tor·
982 4741 1090 4814 major
1099 4739 1278 4814 apostasia,
1289 4756 1387 4816 quam
1398 4744 1585 4803 creaturam
1596 4758 1616 4804 a
1627 4747 1777 4807 creatore

134 4845 234 4907 quem
264 4829 355 4891 circa
381 4829 503 4890 collum
529 4830 634 4902 tuum,
665 4833 697 4892 et
720 4830 855 4892 inaures
880 4830 926 4910 (5)
981 4835 1149 4896 recedere.
1178 4837 1272 4898 Unde
1292 4838 1498 4912 Augustinus
1513 4837 1575 4919 (9).
1600 4841 1774 4919 Superbia,

172 4979 197 5050 (1
229 4978 459 5064 Vulgaceipias.
505 5052 511 5063 ο
555 5049 561 5064 Ὀ
603 5031 608 5038 .
981 4985 1163 5056 ponanturin
1178 4984 1311 5042 naribus:
1333 5000 1493 5058 quaeexeo
1517 4987 1592 5061 quod
1607 4989 1642 5046 de
1662 4991 1776 5051 auribus

171 5051 201 5118 (1
224 5051 311 5176 νυΙῗ.
324 5049 458 5122 judicatis
472 5049 661 5123 imquitatem.
982 5053 1134 5126 pendeant,
1163 5055 1277 5114 inaures
1298 5063 1416 5114 vocatur
1432 5074 1439 5114 :
1454 5057 1505 5116 sed
1532 5075 1589 5132 quo
1607 5061 1730 5120 circulus
1747 5066 1776 5121 in

171 5121 211 5190 (3)
229 5121 282 5177 Psn
299 5163 306 5176 .
326 5121 414 5202 tihi.
981 5124 1195 5183 similitudinem
1225 5125 1315 5184 iactus
1342 5128 1495 5200 inaurium,
1519 5130 1620 5189 eodem
1636 5134 1776 5192 vocabulo

170 5190 199 5275 (1
226 5189 312 5262 Vulg.
329 5189 479 5249 sedissem.
697 5255 699 5260 ,
981 5196 1774 5269 nuncupetur:etusquehodietnterceteraornamenta

182 5263 199 5316 b
225 5263 306 5318 Vere.
324 5263 385 5335 Syr.
399 5261 536 5344 ethrab„
551 5262 637 5344 tfulg.
655 5264 794 5320 inaurem.
981 5265 1142 5337 mulierum,
1154 5267 1247 5325 solent
1262 5269 1340 5324 aurei
1355 5270 1452 5326 circuli
1467 5273 1496 5328 in
1509 5287 1542 5330 os
1557 5289 1592 5330 ex
1605 5271 1696 5332 fronte
1710 5291 1775 5348 peu-

147 5403 152 5414 ·
182 5331 212 5400 6)
228 5332 274 5388 Ad
305 5334 430 5402 frontem
453 5334 593 5404 matteras,
608 5339 658 5390 etc.
689 5335 716 5390 S.
737 5335 928 5418 Hieronymus
981 5337 1059 5404 dere,
1074 5345 1101 5394 et
1116 5337 1266 5394 imminere
1277 5339 1401 5396 naribus.

135 5401 182 5458 hb.
197 5403 400 5460 lVCommcnt.
414 5403 443 5459 in
453 5403 554 5461 Ezech.
564 5418 627 5476 cap.
639 5405 835 5476 theiphalus
846 5403 925 5462 illud:
1017 5407 1058 5480 (7)
1074 5407 1134 5466 Gal.
1147 5407 1173 5476 6,
1192 5408 1233 5465 ll.

136 5475 173 5528 Et
191 5473 254 5528 dodi
278 5473 409 5528 incoram
431 5489 557 5543 superos
580 5479 671 5542 trium,
694 5477 755 5532 sive
775 5483 805 5532 ut
828 5477 927 5549 legunt
1017 5479 1058 5550 (8)
1077 5479 1433 5552 Vulglinguamnequam
1451 5484 1507 5541 noli
1523 5485 1630 5544 audire.

136 5543 221 5610 Lllll,
238 5557 323 5624 nares
337 5550 411 5612 tuas,
424 5544 479 5600 ait:
496 5545 642 5602 «Verbum
653 5546 835 5614 hebraicum,
846 5547 925 5615 mesi,
1020 5550 1062 5620 (9)
1080 5551 1165 5607 Enar.
1182 5551 1193 5606 l
1210 5550 1238 5606 in
1253 5551 1300 5608 Ps.
1319 5551 1362 5623 18,
1378 5567 1406 5611 n.
1427 5553 1468 5611 ll.

136 5628 237 5670 onlnes
252 5627 380 5671 innurem
406 5615 698 5674 transtulerunt:non
726 5632 782 5689 quo
811 5617 926 5676 inaures

279 5748 392 5794 cernon.
413 5753 486 5796 roua
507 5739 553 5798 Vl.
1228 5716 1231 5730 ι
1565 5752 1599 5808 id
