<?xml version="1.0" encoding="UTF-8"?>
<!DOCTYPE html PUBLIC "-//W3C//DTD XHTML 1.0 Transitional//EN"
    "http://www.w3.org/TR/xhtml1/DTD/xhtml1-transitional.dtd">
<html xmlns="http://www.w3.org/1999/xhtml" xml:lang="en" lang="en">
 <head>
  <title>
</title>
<meta http-equiv="Content-Type" content="text/html;charset=utf-8" />
  <meta name='ocr-system' content='tesseract 3.04.00' />
  <meta name='ocr-capabilities' content='ocr_page ocr_carea ocr_par ocr_line ocrx_word'/>
</head>
<body>
  <div class='ocr_page' id='page_1' title='image "./mediiaevibiblio02bottgoog_0632.png"; bbox 0 0 4118 6390; ppageno 0'>
   <div class='ocr_carea' id='block_1_1' title="bbox 128 267 1769 368">
    <p class='ocr_par' dir='ltr' id='par_1_1' title="bbox 128 267 1769 368">
     <span class='ocr_line' id='line_1_1' title="bbox 128 267 1769 368; baseline -0.004 -32"><span class='ocrx_word' id='word_1_1' title='bbox 128 273 207 338; x_wconf 79' lang='lat'><strong>1237</strong></span> <span class='ocrx_word' id='word_1_2' title='bbox 503 277 613 368; x_wconf 59' lang='lat' dir='ltr'>PARS</span> <span class='ocrx_word' id='word_1_3' title='bbox 638 276 784 338; x_wconf 82' lang='lat' dir='ltr'><strong>PRIMA.</strong></span> <span class='ocrx_word' id='word_1_4' title='bbox 804 303 845 323; x_wconf 89' lang='lat'><strong>·-</strong></span> <span class='ocrx_word' id='word_1_5' title='bbox 862 271 1082 334; x_wconf 72' lang='lat' dir='ltr'><strong>expostulo</strong></span> <span class='ocrx_word' id='word_1_6' title='bbox 1113 267 1158 332; x_wconf 85' lang='lat' dir='ltr'><strong>IN</strong></span> <span class='ocrx_word' id='word_1_7' title='bbox 1187 267 1389 332; x_wconf 82' lang='lat' dir='ltr'><strong>PSALMOS.</strong></span> <span class='ocrx_word' id='word_1_8' title='bbox 1690 267 1769 330; x_wconf 76' lang='lat'>1238</span> 
     </span>
    </p>
   </div>
   <div class='ocr_carea' id='block_1_2' title="bbox 1 427 1770 515">
    <p class='ocr_par' dir='ltr' id='par_1_2' title="bbox 1 427 1770 515">
     <span class='ocr_line' id='line_1_2' title="bbox 1 427 1770 515; baseline -0.002 -23"><span class='ocrx_word' id='word_1_9' title='bbox 1 437 11 515; x_wconf 72' lang='lat' dir='ltr'><strong>&#39;j</strong></span> <span class='ocrx_word' id='word_1_10' title='bbox 125 431 202 494; x_wconf 90' lang='lat' dir='ltr'><strong>davi</strong></span> <span class='ocrx_word' id='word_1_11' title='bbox 226 431 353 500; x_wconf 81' lang='lat' dir='ltr'><strong>temore</strong></span> <span class='ocrx_word' id='word_1_12' title='bbox 386 434 443 498; x_wconf 90' lang='lat' dir='ltr'><strong>tua</strong></span> <span class='ocrx_word' id='word_1_13' title='bbox 472 436 589 497; x_wconf 89' lang='lat' dir='ltr'><strong>contra</strong></span> <span class='ocrx_word' id='word_1_14' title='bbox 618 434 737 496; x_wconf 86' lang='lat' dir='ltr'><strong>tactem</strong></span> <span class='ocrx_word' id='word_1_15' title='bbox 761 433 864 506; x_wconf 90' lang='lat' dir='ltr'><strong>tuam,</strong></span> <span class='ocrx_word' id='word_1_16' title='bbox 889 431 922 495; x_wconf 89' lang='lat' dir='ltr'><strong>ct</strong></span> <span class='ocrx_word' id='word_1_17' title='bbox 975 429 1260 492; x_wconf 82' lang='lat' dir='ltr'><strong>confirmationem</strong></span> <span class='ocrx_word' id='word_1_18' title='bbox 1296 427 1471 506; x_wconf 88' lang='lat' dir='ltr'><strong>pactionis.</strong></span> <span class='ocrx_word' id='word_1_19' title='bbox 1517 429 1619 490; x_wconf 78' lang='lat' dir='ltr'><strong>Facta</strong></span> <span class='ocrx_word' id='word_1_20' title='bbox 1659 428 1770 490; x_wconf 86' lang='lat' dir='ltr'><strong>autem</strong></span> 
     </span>
    </p>
   </div>
   <div class='ocr_carea' id='block_1_3' title="bbox 124 525 1770 606">
    <p class='ocr_par' dir='ltr' id='par_1_3' title="bbox 124 525 1770 606">
     <span class='ocr_line' id='line_1_3' title="bbox 124 525 1770 606; baseline -0.002 -18"><span class='ocrx_word' id='word_1_21' title='bbox 124 530 479 606; x_wconf 84' lang='lat' dir='ltr'><strong>apparuttiguominia</strong></span> <span class='ocrx_word' id='word_1_22' title='bbox 502 533 571 603; x_wconf 87' lang='lat' dir='ltr'><strong>tua,</strong></span> <span class='ocrx_word' id='word_1_23' title='bbox 598 530 764 594; x_wconf 87' lang='lat' dir='ltr'><strong>adulteria</strong></span> <span class='ocrx_word' id='word_1_24' title='bbox 788 531 856 602; x_wconf 90' lang='lat' dir='ltr'><strong>tua,</strong></span> <span class='ocrx_word' id='word_1_25' title='bbox 887 531 921 589; x_wconf 89' lang='lat' dir='ltr'><strong>et</strong></span> <span class='ocrx_word' id='word_1_26' title='bbox 974 528 1254 602; x_wconf 64' lang='lat' dir='ltr'><strong>transgressione,</strong></span> <span class='ocrx_word' id='word_1_27' title='bbox 1278 542 1320 587; x_wconf 89' lang='lat' dir='ltr'><strong>ne</strong></span> <span class='ocrx_word' id='word_1_28' title='bbox 1348 527 1483 603; x_wconf 83' lang='lat' dir='ltr'><strong>possent</strong></span> <span class='ocrx_word' id='word_1_29' title='bbox 1506 527 1617 602; x_wconf 90' lang='lat' dir='ltr'><strong>partes</strong></span> <span class='ocrx_word' id='word_1_30' title='bbox 1641 525 1770 586; x_wconf 90' lang='lat' dir='ltr'><strong>coadu-</strong></span> 
     </span>
    </p>
   </div>
   <div class='ocr_carea' id='block_1_4' title="bbox 7 621 1768 699">
    <p class='ocr_par' dir='ltr' id='par_1_4' title="bbox 7 621 1768 699">
     <span class='ocr_line' id='line_1_4' title="bbox 7 621 1768 699; baseline 0.002 -19"><span class='ocrx_word' id='word_1_31' title='bbox 7 641 13 652; x_wconf 65' lang='grc'><strong>’</strong></span> <span class='ocrx_word' id='word_1_32' title='bbox 125 621 276 684; x_wconf 90' lang='lat' dir='ltr'><strong>hinnitus</strong></span> <span class='ocrx_word' id='word_1_33' title='bbox 289 627 376 696; x_wconf 81' lang='lat' dir='ltr'><strong>tuuc,</strong></span> <span class='ocrx_word' id='word_1_34' title='bbox 388 627 496 688; x_wconf 92' lang='lat' dir='ltr'><strong>scelus</strong></span> <span class='ocrx_word' id='word_1_35' title='bbox 508 625 740 688; x_wconf 76' lang='lat' dir='ltr'><strong>fornicationis</strong></span> <span class='ocrx_word' id='word_1_36' title='bbox 750 626 861 686; x_wconf 76' lang='lat' dir='ltr'><strong>tuae.»</strong></span> <span class='ocrx_word' id='word_1_37' title='bbox 976 625 1061 696; x_wconf 90' lang='lat' dir='ltr'><strong>nari,</strong></span> <span class='ocrx_word' id='word_1_38' title='bbox 1085 626 1238 686; x_wconf 84' lang='lat' dir='ltr'><strong>stratum</strong></span> <span class='ocrx_word' id='word_1_39' title='bbox 1262 624 1378 684; x_wconf 91' lang='lat' dir='ltr'><strong>haberi</strong></span> <span class='ocrx_word' id='word_1_40' title='bbox 1393 623 1479 699; x_wconf 93' lang='lat' dir='ltr'><strong>quod</strong></span> <span class='ocrx_word' id='word_1_41' title='bbox 1505 623 1627 684; x_wconf 86' lang='lat' dir='ltr'><strong>tactum</strong></span> <span class='ocrx_word' id='word_1_42' title='bbox 1647 623 1768 694; x_wconf 90' lang='lat' dir='ltr'><strong>luerat,</strong></span> 
     </span>
    </p>
   </div>
   <div class='ocr_carea' id='block_1_5' title="bbox 167 719 1770 798">
    <p class='ocr_par' dir='ltr' id='par_1_5' title="bbox 167 719 1770 798">
     <span class='ocr_line' id='line_1_5' title="bbox 167 719 1770 798; baseline -0.001 -18"><span class='ocrx_word' id='word_1_43' title='bbox 167 721 322 796; x_wconf 88' lang='lat' dir='ltr'><strong>Sequitur</strong></span> <span class='ocrx_word' id='word_1_44' title='bbox 345 738 352 782; x_wconf 76' lang='grc' dir='ltr'><em>τ</em></span> <span class='ocrx_word' id='word_1_45' title='bbox 379 724 494 784; x_wconf 80' lang='lat' dir='ltr'><strong>Periit</strong></span> <span class='ocrx_word' id='word_1_46' title='bbox 516 725 600 798; x_wconf 73' lang='lat' dir='ltr'><strong>stupu</strong></span> <span class='ocrx_word' id='word_1_47' title='bbox 621 739 643 784; x_wconf 86' lang='lat' dir='ltr'><strong>a</strong></span> <span class='ocrx_word' id='word_1_48' title='bbox 663 737 729 784; x_wconf 86' lang='lat' dir='ltr'><strong>me.</strong></span> <span class='ocrx_word' id='word_1_49' title='bbox 746 720 852 782; x_wconf 82' lang='lat' dir='ltr'><strong>Periit</strong></span> <span class='ocrx_word' id='word_1_50' title='bbox 874 719 922 780; x_wconf 86' lang='lat' dir='ltr'><strong>si·</strong></span> <span class='ocrx_word' id='word_1_51' title='bbox 975 722 1098 786; x_wconf 88' lang='lat' dir='ltr'><strong>delevit</strong></span> <span class='ocrx_word' id='word_1_52' title='bbox 1110 722 1261 783; x_wconf 87' lang='lat' dir='ltr'><strong>Christus</strong></span> <span class='ocrx_word' id='word_1_53' title='bbox 1276 721 1439 796; x_wconf 88' lang='lat' dir='ltr'><strong>sanguine</strong></span> <span class='ocrx_word' id='word_1_54' title='bbox 1461 736 1522 782; x_wconf 88' lang='lat' dir='ltr'><strong>suo</strong></span> <span class='ocrx_word' id='word_1_55' title='bbox 1538 720 1671 798; x_wconf 91' lang='lat' dir='ltr'><strong>proprio</strong></span> <span class='ocrx_word' id='word_1_56' title='bbox 1686 719 1770 780; x_wconf 93' lang='lat' dir='ltr'><strong>illud</strong></span> 
     </span>
    </p>
   </div>
   <div class='ocr_carea' id='block_1_6' title="bbox 1 815 1771 992">
    <p class='ocr_par' dir='ltr' id='par_1_6' title="bbox 1 815 1771 992">
     <span class='ocr_line' id='line_1_6' title="bbox 1 815 1769 908; baseline 0 -32"><span class='ocrx_word' id='word_1_57' title='bbox 1 820 3 908; x_wconf 48' lang='grc' dir='ltr'>ᾗ</span> <span class='ocrx_word' id='word_1_58' title='bbox 125 817 257 894; x_wconf 89' lang='lat' dir='ltr'><strong>quidem</strong></span> <span class='ocrx_word' id='word_1_59' title='bbox 274 817 352 894; x_wconf 84' lang='lat' dir='ltr'><strong>luga</strong></span> <span class='ocrx_word' id='word_1_60' title='bbox 373 818 415 880; x_wconf 90' lang='lat' dir='ltr'><strong>ab</strong></span> <span class='ocrx_word' id='word_1_61' title='bbox 439 819 568 883; x_wconf 90' lang='lat' dir='ltr'><strong>incluso</strong></span> <span class='ocrx_word' id='word_1_62' title='bbox 588 819 709 896; x_wconf 89' lang='lat' dir='ltr'><strong>populo</strong></span> <span class='ocrx_word' id='word_1_63' title='bbox 724 819 919 890; x_wconf 89' lang='lat' dir='ltr'><strong>incarcere,</strong></span> <span class='ocrx_word' id='word_1_64' title='bbox 975 819 1245 896; x_wconf 79' lang='lat' dir='ltr'><strong>chirographum,</strong></span> <span class='ocrx_word' id='word_1_65' title='bbox 1275 821 1308 880; x_wconf 91' lang='lat' dir='ltr'><strong>et</strong></span> <span class='ocrx_word' id='word_1_66' title='bbox 1329 819 1497 880; x_wconf 90' lang='lat' dir='ltr'><strong>irritatum</strong></span> <span class='ocrx_word' id='word_1_67' title='bbox 1513 821 1573 879; x_wconf 85' lang='lat' dir='ltr'><strong>est.</strong></span> <span class='ocrx_word' id='word_1_68' title='bbox 1601 815 1769 893; x_wconf 88' lang='lat' dir='ltr'><strong>Numquid</strong></span> 
     </span>
     <span class='ocr_line' id='line_1_7' title="bbox 124 914 1771 992; baseline -0.001 -18"><span class='ocrx_word' id='word_1_69' title='bbox 124 915 158 974; x_wconf 90' lang='lat' dir='ltr'><strong>et</strong></span> <span class='ocrx_word' id='word_1_70' title='bbox 173 914 240 974; x_wconf 89' lang='lat' dir='ltr'><strong>uisi</strong></span> <span class='ocrx_word' id='word_1_71' title='bbox 255 930 329 976; x_wconf 90' lang='lat' dir='ltr'><strong>eum</strong></span> <span class='ocrx_word' id='word_1_72' title='bbox 351 917 439 976; x_wconf 86' lang='lat' dir='ltr'><strong>Deus</strong></span> <span class='ocrx_word' id='word_1_73' title='bbox 464 916 614 988; x_wconf 83' lang='lat' dir='ltr'><strong>solverit,</strong></span> <span class='ocrx_word' id='word_1_74' title='bbox 635 917 729 978; x_wconf 81' lang='lat' dir='ltr'><strong>exire</strong></span> <span class='ocrx_word' id='word_1_75' title='bbox 742 923 810 976; x_wconf 88' lang='lat' dir='ltr'><strong>non</strong></span> <span class='ocrx_word' id='word_1_76' title='bbox 823 915 919 990; x_wconf 83' lang='lat' dir='ltr'><strong>pote-</strong></span> <span class='ocrx_word' id='word_1_77' title='bbox 975 915 1128 976; x_wconf 90' lang='lat' dir='ltr'><strong>diabolus</strong></span> <span class='ocrx_word' id='word_1_78' title='bbox 1152 932 1212 992; x_wconf 90' lang='lat' dir='ltr'><strong>per</strong></span> <span class='ocrx_word' id='word_1_79' title='bbox 1232 931 1308 976; x_wconf 91' lang='lat' dir='ltr'><strong>eum</strong></span> <span class='ocrx_word' id='word_1_80' title='bbox 1333 915 1513 977; x_wconf 84' lang='lat' dir='ltr'><strong>vendicare</strong></span> <span class='ocrx_word' id='word_1_81' title='bbox 1533 915 1701 992; x_wconf 79' lang='lat' dir='ltr'><strong>putabatt</strong></span> <span class='ocrx_word' id='word_1_82' title='bbox 1723 917 1771 974; x_wconf 92' lang='grc' dir='ltr'><strong>ΒΘ</strong></span> 
     </span>
    </p>
   </div>
   <div class='ocr_carea' id='block_1_7' title="bbox 124 1011 1771 1092">
    <p class='ocr_par' dir='ltr' id='par_1_7' title="bbox 124 1011 1771 1092">
     <span class='ocr_line' id='line_1_8' title="bbox 124 1011 1771 1092; baseline 0 -20"><span class='ocrx_word' id='word_1_83' title='bbox 124 1011 187 1083; x_wconf 75' lang='lat' dir='ltr'><strong>rit,</strong></span> <span class='ocrx_word' id='word_1_84' title='bbox 220 1012 308 1072; x_wconf 73' lang='lat' dir='ltr'><strong>tande</strong></span> <span class='ocrx_word' id='word_1_85' title='bbox 339 1011 374 1072; x_wconf 90' lang='lat' dir='ltr'><strong>iu</strong></span> <span class='ocrx_word' id='word_1_86' title='bbox 401 1013 544 1076; x_wconf 85' lang='lat' dir='ltr'><strong>Threuis</strong></span> <span class='ocrx_word' id='word_1_87' title='bbox 566 1012 611 1092; x_wconf 90' lang='lat'><strong>(3,</strong></span> <span class='ocrx_word' id='word_1_88' title='bbox 638 1011 672 1092; x_wconf 88' lang='lat'><strong>7)</strong></span> <span class='ocrx_word' id='word_1_89' title='bbox 686 1035 693 1072; x_wconf 90' lang='lat'><strong>:</strong></span> <span class='ocrx_word' id='word_1_90' title='bbox 709 1029 728 1074; x_wconf 76' lang='lat' dir='ltr'><strong>a</strong></span> <span class='ocrx_word' id='word_1_91' title='bbox 742 1012 921 1073; x_wconf 84' lang='lat' dir='ltr'><strong>Circumae-</strong></span> <span class='ocrx_word' id='word_1_92' title='bbox 974 1013 1073 1074; x_wconf 90' lang='lat' dir='ltr'><strong>tertio</strong></span> <span class='ocrx_word' id='word_1_93' title='bbox 1088 1027 1223 1074; x_wconf 89' lang='lat' dir='ltr'><strong>carcere</strong></span> <span class='ocrx_word' id='word_1_94' title='bbox 1243 1013 1354 1074; x_wconf 82' lang='lat' dir='ltr'><strong>educit</strong></span> <span class='ocrx_word' id='word_1_95' title='bbox 1380 1015 1467 1074; x_wconf 88' lang='lat' dir='ltr'><strong>Deus</strong></span> <span class='ocrx_word' id='word_1_96' title='bbox 1492 1011 1697 1074; x_wconf 91' lang='lat' dir='ltr'><strong>traducendo</strong></span> <span class='ocrx_word' id='word_1_97' title='bbox 1713 1026 1771 1072; x_wconf 89' lang='lat' dir='ltr'><strong>eos</strong></span> 
     </span>
    </p>
   </div>
   <div class='ocr_carea' id='block_1_8' title="bbox 1 1105 1771 1187">
    <p class='ocr_par' dir='ltr' id='par_1_8' title="bbox 1 1105 1771 1187">
     <span class='ocr_line' id='line_1_9' title="bbox 1 1105 1771 1187; baseline 0 -19"><span class='ocrx_word' id='word_1_98' title='bbox 1 1105 7 1120; x_wconf 74' lang='grc'><strong>’“</strong></span> <span class='ocrx_word' id='word_1_99' title='bbox 124 1108 274 1176; x_wconf 85' lang='lat' dir='ltr'><strong>ditlcauit</strong></span> <span class='ocrx_word' id='word_1_100' title='bbox 297 1109 474 1178; x_wconf 84' lang='lat' dir='ltr'><strong>adversum</strong></span> <span class='ocrx_word' id='word_1_101' title='bbox 497 1126 560 1184; x_wconf 88' lang='lat' dir='ltr'><strong>me,</strong></span> <span class='ocrx_word' id='word_1_102' title='bbox 589 1113 714 1172; x_wconf 91' lang='lat' dir='ltr'><strong>utnon</strong></span> <span class='ocrx_word' id='word_1_103' title='bbox 741 1109 917 1185; x_wconf 89' lang='lat' dir='ltr'><strong>egrediar:</strong></span> <span class='ocrx_word' id='word_1_104' title='bbox 975 1125 1034 1186; x_wconf 90' lang='lat' dir='ltr'><strong>per</strong></span> <span class='ocrx_word' id='word_1_105' title='bbox 1062 1126 1154 1171; x_wconf 90' lang='lat' dir='ltr'><strong>mare</strong></span> <span class='ocrx_word' id='word_1_106' title='bbox 1173 1111 1271 1187; x_wconf 90' lang='lat' dir='ltr'><strong>hujus</strong></span> <span class='ocrx_word' id='word_1_107' title='bbox 1296 1110 1410 1170; x_wconf 90' lang='lat' dir='ltr'><strong>mundi</strong></span> <span class='ocrx_word' id='word_1_108' title='bbox 1437 1111 1471 1170; x_wconf 91' lang='lat' dir='ltr'><strong>in</strong></span> <span class='ocrx_word' id='word_1_109' title='bbox 1492 1109 1579 1170; x_wconf 76' lang='lat' dir='ltr'><strong>uttbe</strong></span> <span class='ocrx_word' id='word_1_110' title='bbox 1603 1108 1771 1185; x_wconf 82' lang='lat' dir='ltr'><strong>refrigerii</strong></span> 
     </span>
    </p>
   </div>
   <div class='ocr_carea' id='block_1_9' title="bbox 123 1205 1770 1283">
    <p class='ocr_par' dir='ltr' id='par_1_9' title="bbox 123 1205 1770 1283">
     <span class='ocr_line' id='line_1_10' title="bbox 123 1205 1770 1283; baseline -0.001 -17"><span class='ocrx_word' id='word_1_111' title='bbox 123 1206 321 1280; x_wconf 83' lang='lat' dir='ltr'><strong>aggravavit</strong></span> <span class='ocrx_word' id='word_1_112' title='bbox 336 1207 528 1282; x_wconf 79' lang='lat' dir='ltr'><strong>compedem</strong></span> <span class='ocrx_word' id='word_1_113' title='bbox 545 1223 667 1270; x_wconf 89' lang='lat' dir='ltr'><strong>meum.</strong></span> <span class='ocrx_word' id='word_1_114' title='bbox 684 1225 702 1268; x_wconf 74' lang='lat' dir='ltr'><strong>r</strong></span> <span class='ocrx_word' id='word_1_115' title='bbox 717 1207 834 1268; x_wconf 89' lang='lat' dir='ltr'><strong>Carnis</strong></span> <span class='ocrx_word' id='word_1_116' title='bbox 845 1221 921 1268; x_wconf 89' lang='lat' dir='ltr'><strong>cor·</strong></span> <span class='ocrx_word' id='word_1_117' title='bbox 975 1207 1090 1269; x_wconf 88' lang='lat' dir='ltr'><strong>contra</strong></span> <span class='ocrx_word' id='word_1_118' title='bbox 1111 1208 1331 1268; x_wconf 83' lang='lat' dir='ltr'><strong>tentationum</strong></span> <span class='ocrx_word' id='word_1_119' title='bbox 1355 1207 1519 1280; x_wconf 87' lang='lat' dir='ltr'><strong>ardorem,</strong></span> <span class='ocrx_word' id='word_1_120' title='bbox 1540 1207 1618 1283; x_wconf 87' lang='lat' dir='ltr'><strong>igne</strong></span> <span class='ocrx_word' id='word_1_121' title='bbox 1633 1205 1770 1268; x_wconf 88' lang='lat' dir='ltr'><strong>luminis</strong></span> 
     </span>
    </p>
   </div>
   <div class='ocr_carea' id='block_1_10' title="bbox 1 1303 1772 1770">
    <p class='ocr_par' dir='ltr' id='par_1_10' title="bbox 1 1303 1772 1770">
     <span class='ocr_line' id='line_1_11' title="bbox 1 1303 1770 1380; baseline 0.001 -18"><span class='ocrx_word' id='word_1_122' title='bbox 1 1337 2 1341; x_wconf 59' lang='lat'><em>=</em></span> <span class='ocrx_word' id='word_1_123' title='bbox 123 1303 234 1379; x_wconf 91' lang='lat' dir='ltr'><strong>ruptio</strong></span> <span class='ocrx_word' id='word_1_124' title='bbox 251 1303 522 1370; x_wconf 77' lang='lat' dir='ltr'><strong>circumaedificat</strong></span> <span class='ocrx_word' id='word_1_125' title='bbox 535 1305 696 1368; x_wconf 87' lang='lat' dir='ltr'><strong>adversus</strong></span> <span class='ocrx_word' id='word_1_126' title='bbox 711 1305 868 1376; x_wconf 90' lang='lat' dir='ltr'><strong>animam,</strong></span> <span class='ocrx_word' id='word_1_127' title='bbox 884 1305 921 1363; x_wconf 90' lang='lat' dir='ltr'><strong>ut</strong></span> <span class='ocrx_word' id='word_1_128' title='bbox 975 1305 1091 1366; x_wconf 86' lang='lat' dir='ltr'><strong>contra</strong></span> <span class='ocrx_word' id='word_1_129' title='bbox 1116 1305 1316 1380; x_wconf 74' lang='lat' dir='ltr'><strong>ignorantie</strong></span> <span class='ocrx_word' id='word_1_130' title='bbox 1332 1304 1578 1366; x_wconf 83' lang='lat' dir='ltr'><strong>obscuritatem.</strong></span> <span class='ocrx_word' id='word_1_131' title='bbox 1593 1305 1639 1364; x_wconf 99' lang='grc' dir='ltr'><strong>ΒΘ</strong></span> <span class='ocrx_word' id='word_1_132' title='bbox 1652 1303 1770 1379; x_wconf 90' lang='lat' dir='ltr'><strong>quarto</strong></span> 
     </span>
     <span class='ocr_line' id='line_1_12' title="bbox 1 1393 1772 1478; baseline 0.001 -20"><span class='ocrx_word' id='word_1_133' title='bbox 1 1416 3 1420; x_wconf 93' lang='lat'>·</span> <span class='ocrx_word' id='word_1_134' title='bbox 122 1403 196 1475; x_wconf 81' lang='lat' dir='ltr'><strong>ejus</strong></span> <span class='ocrx_word' id='word_1_135' title='bbox 212 1401 424 1477; x_wconf 84' lang='lat' dir='ltr'><strong>compedibus</strong></span> <span class='ocrx_word' id='word_1_136' title='bbox 451 1404 644 1478; x_wconf 85' lang='lat' dir='ltr'><strong>aggravata,</strong></span> <span class='ocrx_word' id='word_1_137' title='bbox 668 1402 709 1464; x_wconf 86' lang='lat' dir='ltr'><strong>ad</strong></span> <span class='ocrx_word' id='word_1_138' title='bbox 733 1401 818 1464; x_wconf 87' lang='lat' dir='ltr'><strong>hene</strong></span> <span class='ocrx_word' id='word_1_139' title='bbox 839 1416 921 1477; x_wconf 83' lang='lat' dir='ltr'><strong>ope-</strong></span> <span class='ocrx_word' id='word_1_140' title='bbox 975 1401 1101 1474; x_wconf 83' lang='lat' dir='ltr'><strong>eduxit,</strong></span> <span class='ocrx_word' id='word_1_141' title='bbox 1130 1393 1262 1478; x_wconf 87' lang='lat' dir='ltr'><strong>quando</strong></span> <span class='ocrx_word' id='word_1_142' title='bbox 1287 1401 1400 1478; x_wconf 87' lang='lat' dir='ltr'><strong>portas</strong></span> <span class='ocrx_word' id='word_1_143' title='bbox 1424 1417 1530 1462; x_wconf 86' lang='lat' dir='ltr'><strong>aereas</strong></span> <span class='ocrx_word' id='word_1_144' title='bbox 1556 1399 1724 1472; x_wconf 85' lang='lat' dir='ltr'><strong>contrivit,</strong></span> <span class='ocrx_word' id='word_1_145' title='bbox 1738 1399 1772 1460; x_wconf 91' lang='lat' dir='ltr'><strong>et</strong></span> 
     </span>
     <span class='ocr_line' id='line_1_13' title="bbox 1 1497 1772 1576; baseline 0 -20"><span class='ocrx_word' id='word_1_146' title='bbox 1 1519 8 1538; x_wconf 59' lang='grc' dir='ltr'>ν</span> <span class='ocrx_word' id='word_1_147' title='bbox 123 1497 265 1558; x_wconf 87' lang='lat' dir='ltr'><strong>randum</strong></span> <span class='ocrx_word' id='word_1_148' title='bbox 292 1500 387 1561; x_wconf 76' lang='lat' dir='ltr'><strong>exire</strong></span> <span class='ocrx_word' id='word_1_149' title='bbox 407 1515 475 1562; x_wconf 90' lang='lat' dir='ltr'><strong>nou</strong></span> <span class='ocrx_word' id='word_1_150' title='bbox 502 1499 622 1564; x_wconf 84' lang='lat' dir='ltr'><strong>valeat.</strong></span> <span class='ocrx_word' id='word_1_151' title='bbox 644 1499 828 1576; x_wconf 87' lang='lat' dir='ltr'><strong>Compedes</strong></span> <span class='ocrx_word' id='word_1_152' title='bbox 857 1513 920 1574; x_wconf 78' lang='lat' dir='ltr'><strong>ag·</strong></span> <span class='ocrx_word' id='word_1_153' title='bbox 974 1500 1084 1560; x_wconf 83' lang='lat' dir='ltr'><strong>vectes</strong></span> <span class='ocrx_word' id='word_1_154' title='bbox 1104 1497 1232 1559; x_wconf 80' lang='lat' dir='ltr'><strong>terreos</strong></span> <span class='ocrx_word' id='word_1_155' title='bbox 1253 1498 1426 1560; x_wconf 85' lang='lat' dir='ltr'><strong>diabolicae</strong></span> <span class='ocrx_word' id='word_1_156' title='bbox 1450 1498 1675 1574; x_wconf 81' lang='lat' dir='ltr'><strong>suggestionis</strong></span> <span class='ocrx_word' id='word_1_157' title='bbox 1690 1511 1772 1556; x_wconf 87' lang='lat' dir='ltr'><strong>con-</strong></span> 
     </span>
     <span class='ocr_line' id='line_1_14' title="bbox 1 1595 1772 1674; baseline 0.001 -21"><span class='ocrx_word' id='word_1_158' title='bbox 1 1611 2 1639; x_wconf 66' lang='lat'>1</span> <span class='ocrx_word' id='word_1_159' title='bbox 122 1597 318 1668; x_wconf 79' lang='lat' dir='ltr'><strong>gravantur,</strong></span> <span class='ocrx_word' id='word_1_160' title='bbox 355 1596 486 1672; x_wconf 90' lang='lat' dir='ltr'><strong>quaudo</strong></span> <span class='ocrx_word' id='word_1_161' title='bbox 519 1597 676 1671; x_wconf 87' lang='lat' dir='ltr'><strong>miseriae,</strong></span> <span class='ocrx_word' id='word_1_162' title='bbox 715 1599 749 1658; x_wconf 91' lang='lat' dir='ltr'><strong>et</strong></span> <span class='ocrx_word' id='word_1_163' title='bbox 786 1612 921 1672; x_wconf 90' lang='lat' dir='ltr'><strong>corrup-</strong></span> <span class='ocrx_word' id='word_1_164' title='bbox 975 1595 1075 1671; x_wconf 83' lang='lat' dir='ltr'><strong>tregit</strong></span> <span class='ocrx_word' id='word_1_165' title='bbox 1090 1595 1564 1674; x_wconf 80' lang='lat' dir='ltr'><strong>(Ps.106,16);qu0dlactum</strong></span> <span class='ocrx_word' id='word_1_166' title='bbox 1580 1595 1772 1670; x_wconf 89' lang='lat' dir='ltr'><strong>estinpas-</strong></span> 
     </span>
     <span class='ocr_line' id='line_1_15' title="bbox 1 1691 1770 1770; baseline -0.001 -18"><span class='ocrx_word' id='word_1_167' title='bbox 1 1700 3 1738; x_wconf 81' lang='grc' dir='ltr'><em>ῑ</em></span> <span class='ocrx_word' id='word_1_168' title='bbox 121 1691 206 1752; x_wconf 91' lang='lat' dir='ltr'><strong>tioni</strong></span> <span class='ocrx_word' id='word_1_169' title='bbox 246 1693 401 1754; x_wconf 86' lang='lat' dir='ltr'><strong>voluntas</strong></span> <span class='ocrx_word' id='word_1_170' title='bbox 439 1693 591 1765; x_wconf 88' lang='lat' dir='ltr'><strong>additur,</strong></span> <span class='ocrx_word' id='word_1_171' title='bbox 619 1695 717 1770; x_wconf 80' lang='lat' dir='ltr'><strong>juxta</strong></span> <span class='ocrx_word' id='word_1_172' title='bbox 745 1693 827 1754; x_wconf 93' lang='lat' dir='ltr'><strong>illud</strong></span> <span class='ocrx_word' id='word_1_173' title='bbox 857 1692 919 1754; x_wconf 88' lang='lat' dir='ltr'><strong>Job</strong></span> <span class='ocrx_word' id='word_1_174' title='bbox 975 1691 1770 1770; x_wconf 74' lang='lat' dir='ltr'><strong>sionesua,undeisaiae(43,14):Proptervos</strong></span> 
     </span>
    </p>
   </div>
   <div class='ocr_carea' id='block_1_11' title="bbox 123 1785 1769 1866">
    <p class='ocr_par' dir='ltr' id='par_1_11' title="bbox 123 1785 1769 1866">
     <span class='ocr_line' id='line_1_16' title="bbox 123 1785 1769 1866; baseline -0.001 -19"><span class='ocrx_word' id='word_1_175' title='bbox 123 1785 188 1864; x_wconf 86' lang='lat'><strong>(30,</strong></span> <span class='ocrx_word' id='word_1_176' title='bbox 203 1785 237 1866; x_wconf 92' lang='lat'><strong>3)</strong></span> <span class='ocrx_word' id='word_1_177' title='bbox 251 1809 257 1847; x_wconf 94' lang='lat'><strong>:</strong></span> <span class='ocrx_word' id='word_1_178' title='bbox 272 1789 482 1866; x_wconf 79' lang='lat' dir='ltr'><strong>squallentes</strong></span> <span class='ocrx_word' id='word_1_179' title='bbox 511 1786 713 1862; x_wconf 82' lang='lat' dir='ltr'><strong>calamitate,</strong></span> <span class='ocrx_word' id='word_1_180' title='bbox 726 1791 759 1851; x_wconf 93' lang='lat' dir='ltr'><strong>et</strong></span> <span class='ocrx_word' id='word_1_181' title='bbox 770 1789 917 1850; x_wconf 89' lang='lat' dir='ltr'><strong>miseria.</strong></span> <span class='ocrx_word' id='word_1_182' title='bbox 974 1791 1050 1852; x_wconf 90' lang='lat' dir='ltr'><strong>misi</strong></span> <span class='ocrx_word' id='word_1_183' title='bbox 1067 1791 1100 1849; x_wconf 94' lang='lat' dir='ltr'><strong>in</strong></span> <span class='ocrx_word' id='word_1_184' title='bbox 1116 1790 1328 1866; x_wconf 80' lang='lat' dir='ltr'><strong>Babylonem,</strong></span> <span class='ocrx_word' id='word_1_185' title='bbox 1341 1789 1493 1857; x_wconf 91' lang='lat' dir='ltr'><strong>subaudi,</strong></span> <span class='ocrx_word' id='word_1_186' title='bbox 1510 1789 1632 1849; x_wconf 86' lang='lat' dir='ltr'><strong>Filium</strong></span> <span class='ocrx_word' id='word_1_187' title='bbox 1647 1803 1769 1859; x_wconf 87' lang='lat' dir='ltr'><strong>meum,</strong></span> 
     </span>
    </p>
   </div>
   <div class='ocr_carea' id='block_1_12' title="bbox 121 1885 1769 1966">
    <p class='ocr_par' dir='ltr' id='par_1_12' title="bbox 1 1885 1769 1966">
     <span class='ocr_line' id='line_1_17' title="bbox 121 1885 1769 1966; baseline 0.002 -25.729"><span class='ocrx_word' id='word_1_188' title='bbox 121 1885 244 1944; x_wconf 92' lang='lat' dir='ltr'><strong>Nullus</strong></span> <span class='ocrx_word' id='word_1_189' title='bbox 257 1887 358 1954; x_wconf 91' lang='lat' dir='ltr'><strong>enim,</strong></span> <span class='ocrx_word' id='word_1_190' title='bbox 373 1887 409 1947; x_wconf 88' lang='lat' dir='ltr'><strong>ut</strong></span> <span class='ocrx_word' id='word_1_191' title='bbox 423 1887 503 1948; x_wconf 92' lang='lat' dir='ltr'><strong>dicit</strong></span> <span class='ocrx_word' id='word_1_192' title='bbox 519 1887 699 1962; x_wconf 85' lang='lat' dir='ltr'><strong>Gregorius</strong></span> <span class='ocrx_word' id='word_1_193' title='bbox 711 1885 771 1966; x_wconf 86' lang='lat'><strong>(1),</strong></span> <span class='ocrx_word' id='word_1_194' title='bbox 786 1886 920 1954; x_wconf 85' lang='lat' dir='ltr'><strong>calami·</strong></span> <span class='ocrx_word' id='word_1_195' title='bbox 975 1887 1056 1948; x_wconf 91' lang='lat' dir='ltr'><strong>dicit</strong></span> <span class='ocrx_word' id='word_1_196' title='bbox 1070 1890 1158 1947; x_wconf 87' lang='lat' dir='ltr'><strong>Deus</strong></span> <span class='ocrx_word' id='word_1_197' title='bbox 1178 1889 1288 1958; x_wconf 89' lang='lat' dir='ltr'><strong>Pater,</strong></span> <span class='ocrx_word' id='word_1_198' title='bbox 1306 1888 1338 1948; x_wconf 90' lang='lat' dir='ltr'><strong>et</strong></span> <span class='ocrx_word' id='word_1_199' title='bbox 1361 1887 1490 1948; x_wconf 84' lang='lat' dir='ltr'><strong>detraxi</strong></span> <span class='ocrx_word' id='word_1_200' title='bbox 1505 1888 1616 1948; x_wconf 78' lang='lat' dir='ltr'><strong>vectes</strong></span> <span class='ocrx_word' id='word_1_201' title='bbox 1630 1885 1769 1946; x_wconf 88' lang='lat' dir='ltr'><strong>univer-</strong></span> 
     </span>
    </p>
   </div>
   <div class='ocr_carea' id='block_1_13' title="bbox 121 1981 1773 2354">
    <p class='ocr_par' dir='ltr' id='par_1_13' title="bbox 121 1981 1773 2354">
     <span class='ocr_line' id='line_1_18' title="bbox 122 1981 1772 2060; baseline -0.001 -18"><span class='ocrx_word' id='word_1_202' title='bbox 122 1981 190 2043; x_wconf 91' lang='lat' dir='ltr'><strong>tate</strong></span> <span class='ocrx_word' id='word_1_203' title='bbox 219 1983 416 2060; x_wconf 90' lang='lat' dir='ltr'><strong>squalleret,</strong></span> <span class='ocrx_word' id='word_1_204' title='bbox 445 1984 474 2044; x_wconf 91' lang='lat' dir='ltr'><strong>si</strong></span> <span class='ocrx_word' id='word_1_205' title='bbox 503 1984 537 2044; x_wconf 91' lang='lat' dir='ltr'><strong>in</strong></span> <span class='ocrx_word' id='word_1_206' title='bbox 565 1985 635 2043; x_wconf 91' lang='lat' dir='ltr'><strong>suis</strong></span> <span class='ocrx_word' id='word_1_207' title='bbox 664 1981 919 2044; x_wconf 89' lang='lat' dir='ltr'><strong>necessitatibus</strong></span> <span class='ocrx_word' id='word_1_208' title='bbox 974 1999 1101 2057; x_wconf 79' lang='lat' dir='ltr'><strong>uersos,</strong></span> <span class='ocrx_word' id='word_1_209' title='bbox 1132 1987 1165 2045; x_wconf 89' lang='lat' dir='ltr'><strong>et</strong></span> <span class='ocrx_word' id='word_1_210' title='bbox 1186 1983 1359 2044; x_wconf 83' lang='lat' dir='ltr'><strong>Chaldaeos</strong></span> <span class='ocrx_word' id='word_1_211' title='bbox 1385 1983 1420 2043; x_wconf 91' lang='lat' dir='ltr'><strong>in</strong></span> <span class='ocrx_word' id='word_1_212' title='bbox 1448 1983 1589 2044; x_wconf 79' lang='lat' dir='ltr'><strong>nuribus</strong></span> <span class='ocrx_word' id='word_1_213' title='bbox 1607 1983 1677 2042; x_wconf 90' lang='lat' dir='ltr'><strong>suis</strong></span> <span class='ocrx_word' id='word_1_214' title='bbox 1697 1981 1772 2056; x_wconf 88' lang='lat' dir='ltr'><strong>gle-</strong></span> 
     </span>
     <span class='ocr_line' id='line_1_19' title="bbox 123 2077 1771 2156; baseline 0 -18"><span class='ocrx_word' id='word_1_215' title='bbox 123 2079 271 2141; x_wconf 86' lang='lat' dir='ltr'><strong>miseriae</strong></span> <span class='ocrx_word' id='word_1_216' title='bbox 286 2081 466 2156; x_wconf 83' lang='lat' dir='ltr'><strong>voluptatis</strong></span> <span class='ocrx_word' id='word_1_217' title='bbox 481 2098 546 2142; x_wconf 93' lang='lat' dir='ltr'><strong>non</strong></span> <span class='ocrx_word' id='word_1_218' title='bbox 562 2081 760 2142; x_wconf 84' lang='lat' dir='ltr'><strong>adhaereret.</strong></span> <span class='ocrx_word' id='word_1_219' title='bbox 778 2083 825 2142; x_wconf 90' lang='lat' dir='ltr'><strong>De</strong></span> <span class='ocrx_word' id='word_1_220' title='bbox 840 2095 921 2140; x_wconf 92' lang='lat' dir='ltr'><strong>con·</strong></span> <span class='ocrx_word' id='word_1_221' title='bbox 974 2082 1111 2149; x_wconf 88' lang='lat' dir='ltr'><strong>riantes,</strong></span> <span class='ocrx_word' id='word_1_222' title='bbox 1127 2080 1213 2140; x_wconf 86' lang='lat' dir='ltr'><strong>idest</strong></span> <span class='ocrx_word' id='word_1_223' title='bbox 1224 2079 1390 2140; x_wconf 75' lang='lat' dir='ltr'><strong>daemones</strong></span> <span class='ocrx_word' id='word_1_224' title='bbox 1403 2081 1439 2140; x_wconf 94' lang='lat' dir='ltr'><strong>in</strong></span> <span class='ocrx_word' id='word_1_225' title='bbox 1454 2079 1620 2141; x_wconf 89' lang='lat' dir='ltr'><strong>mentibus</strong></span> <span class='ocrx_word' id='word_1_226' title='bbox 1643 2077 1771 2154; x_wconf 90' lang='lat' dir='ltr'><strong>iuquie-</strong></span> 
     </span>
     <span class='ocr_line' id='line_1_20' title="bbox 121 2174 1773 2254; baseline -0.003 -14"><span class='ocrx_word' id='word_1_227' title='bbox 121 2178 271 2240; x_wconf 90' lang='lat' dir='ltr'><strong>clusione</strong></span> <span class='ocrx_word' id='word_1_228' title='bbox 296 2179 434 2242; x_wconf 88' lang='lat' dir='ltr'><strong>secundi</strong></span> <span class='ocrx_word' id='word_1_229' title='bbox 460 2179 608 2242; x_wconf 89' lang='lat' dir='ltr'><strong>carceris</strong></span> <span class='ocrx_word' id='word_1_230' title='bbox 636 2179 761 2240; x_wconf 89' lang='lat' dir='ltr'><strong>dicitur</strong></span> <span class='ocrx_word' id='word_1_231' title='bbox 782 2179 817 2239; x_wconf 91' lang='lat' dir='ltr'><strong>in</strong></span> <span class='ocrx_word' id='word_1_232' title='bbox 832 2179 919 2240; x_wconf 86' lang='lat' dir='ltr'><strong>isaia</strong></span> <span class='ocrx_word' id='word_1_233' title='bbox 974 2177 1028 2248; x_wconf 86' lang='lat' dir='ltr'><strong>tis,</strong></span> <span class='ocrx_word' id='word_1_234' title='bbox 1053 2177 1253 2238; x_wconf 89' lang='lat' dir='ltr'><strong>etiiuctibus</strong></span> <span class='ocrx_word' id='word_1_235' title='bbox 1272 2176 1372 2254; x_wconf 89' lang='lat' dir='ltr'><strong>hujus</strong></span> <span class='ocrx_word' id='word_1_236' title='bbox 1396 2177 1511 2237; x_wconf 89' lang='lat' dir='ltr'><strong>mundi</strong></span> <span class='ocrx_word' id='word_1_237' title='bbox 1526 2175 1661 2252; x_wconf 87' lang='lat' dir='ltr'><strong>agitatis</strong></span> <span class='ocrx_word' id='word_1_238' title='bbox 1676 2174 1773 2235; x_wconf 85' lang='lat' dir='ltr'><strong>exul·</strong></span> 
     </span>
     <span class='ocr_line' id='line_1_21' title="bbox 122 2269 1647 2354; baseline -0.002 -18"><span class='ocrx_word' id='word_1_239' title='bbox 122 2273 522 2354; x_wconf 73' lang='lat' dir='ltr'><strong>(42,6et7):«sorvavi</strong></span> <span class='ocrx_word' id='word_1_240' title='bbox 545 2278 590 2350; x_wconf 88' lang='lat' dir='ltr'><strong>te,</strong></span> <span class='ocrx_word' id='word_1_241' title='bbox 614 2278 645 2340; x_wconf 86' lang='lat' dir='ltr'><strong>et</strong></span> <span class='ocrx_word' id='word_1_242' title='bbox 669 2275 920 2336; x_wconf 80' lang='lat' dir='ltr'><strong>dediinloedus</strong></span> <span class='ocrx_word' id='word_1_243' title='bbox 974 2275 1084 2336; x_wconf 84' lang='lat' dir='ltr'><strong>tentes</strong></span> <span class='ocrx_word' id='word_1_244' title='bbox 1153 2269 1156 2282; x_wconf 92' lang='lat'>&#39;</span> <span class='ocrx_word' id='word_1_245' title='bbox 1646 2285 1647 2292; x_wconf 53' lang='lat'>¹</span> 
     </span>
    </p>
   </div>
   <div class='ocr_carea' id='block_1_14' title="bbox 1 2373 917 2449">
    <p class='ocr_par' dir='ltr' id='par_1_14' title="bbox 1 2373 917 2449">
     <span class='ocr_line' id='line_1_22' title="bbox 1 2373 917 2449; baseline -0.004 -15"><span class='ocrx_word' id='word_1_246' title='bbox 1 2397 11 2403; x_wconf 40' lang='lat'><strong>¹·</strong></span> <span class='ocrx_word' id='word_1_247' title='bbox 120 2373 246 2449; x_wconf 91' lang='lat' dir='ltr'><strong>populi,</strong></span> <span class='ocrx_word' id='word_1_248' title='bbox 260 2373 296 2433; x_wconf 88' lang='lat' dir='ltr'><strong>ut</strong></span> <span class='ocrx_word' id='word_1_249' title='bbox 308 2373 468 2435; x_wconf 86' lang='lat' dir='ltr'><strong>educeres</strong></span> <span class='ocrx_word' id='word_1_250' title='bbox 483 2374 523 2434; x_wconf 93' lang='lat' dir='ltr'><strong>de</strong></span> <span class='ocrx_word' id='word_1_251' title='bbox 533 2373 917 2444; x_wconf 86' lang='lat' dir='ltr'><strong>conclusionevinctum,</strong></span> 
     </span>
    </p>
   </div>
   <div class='ocr_carea' id='block_1_15' title="bbox 1 2565 919 2936">
    <p class='ocr_par' dir='ltr' id='par_1_15' title="bbox 1 2565 919 2936">
     <span class='ocr_line' id='line_1_23' title="bbox 8 2565 919 2648; baseline 0 -22"><span class='ocrx_word' id='word_1_252' title='bbox 8 2629 11 2636; x_wconf 75' lang='grc'>,</span> <span class='ocrx_word' id='word_1_253' title='bbox 118 2567 220 2628; x_wconf 89' lang='lat' dir='ltr'><strong>tertia</strong></span> <span class='ocrx_word' id='word_1_254' title='bbox 248 2566 476 2638; x_wconf 84' lang='lat' dir='ltr'><strong>conclusione,</strong></span> <span class='ocrx_word' id='word_1_255' title='bbox 501 2567 565 2630; x_wconf 88' lang='lat' dir='ltr'><strong>Job</strong></span> <span class='ocrx_word' id='word_1_256' title='bbox 593 2566 657 2646; x_wconf 82' lang='lat'><strong>(19,</strong></span> <span class='ocrx_word' id='word_1_257' title='bbox 681 2567 761 2648; x_wconf 78' lang='lat'>12):</span> <span class='ocrx_word' id='word_1_258' title='bbox 780 2565 919 2628; x_wconf 79' lang='lat' dir='ltr'><strong>«Simul</strong></span> 
     </span>
     <span class='ocr_line' id='line_1_24' title="bbox 1 2663 919 2740; baseline -0.001 -16"><span class='ocrx_word' id='word_1_259' title='bbox 1 2698 3 2704; x_wconf 69' lang='lat'><strong>,</strong></span> <span class='ocrx_word' id='word_1_260' title='bbox 119 2665 296 2725; x_wconf 82' lang='lat' dir='ltr'><strong>venerumt</strong></span> <span class='ocrx_word' id='word_1_261' title='bbox 322 2664 471 2727; x_wconf 88' lang='lat' dir='ltr'><strong>latrones</strong></span> <span class='ocrx_word' id='word_1_262' title='bbox 505 2667 590 2740; x_wconf 83' lang='lat' dir='ltr'><strong>ejus,</strong></span> <span class='ocrx_word' id='word_1_263' title='bbox 620 2665 654 2728; x_wconf 89' lang='lat' dir='ltr'><strong>et</strong></span> <span class='ocrx_word' id='word_1_264' title='bbox 678 2664 833 2726; x_wconf 87' lang='lat' dir='ltr'><strong>iecerunt</strong></span> <span class='ocrx_word' id='word_1_265' title='bbox 855 2663 919 2724; x_wconf 90' lang='lat' dir='ltr'><strong>sibi</strong></span> 
     </span>
     <span class='ocr_line' id='line_1_25' title="bbox 1 2761 917 2838; baseline 0.002 -19"><span class='ocrx_word' id='word_1_266' title='bbox 1 2795 12 2836; x_wconf 75' lang='lat'><strong>‚·</strong></span> <span class='ocrx_word' id='word_1_267' title='bbox 120 2761 210 2822; x_wconf 85' lang='lat' dir='ltr'><strong>riam</strong></span> <span class='ocrx_word' id='word_1_268' title='bbox 239 2776 299 2837; x_wconf 90' lang='lat' dir='ltr'><strong>per</strong></span> <span class='ocrx_word' id='word_1_269' title='bbox 312 2777 376 2834; x_wconf 87' lang='lat' dir='ltr'><strong>me,</strong></span> <span class='ocrx_word' id='word_1_270' title='bbox 403 2763 439 2822; x_wconf 89' lang='lat' dir='ltr'><strong>et</strong></span> <span class='ocrx_word' id='word_1_271' title='bbox 460 2761 662 2823; x_wconf 88' lang='lat' dir='ltr'><strong>obsederunt</strong></span> <span class='ocrx_word' id='word_1_272' title='bbox 682 2763 717 2822; x_wconf 92' lang='lat' dir='ltr'><strong>in</strong></span> <span class='ocrx_word' id='word_1_273' title='bbox 750 2777 833 2838; x_wconf 88' lang='lat' dir='ltr'><strong>gyro</strong></span> <span class='ocrx_word' id='word_1_274' title='bbox 862 2764 917 2823; x_wconf 88' lang='lat' dir='ltr'><strong>ta-</strong></span> 
     </span>
     <span class='ocr_line' id='line_1_26' title="bbox 6 2858 918 2936; baseline 0.002 -18"><span class='ocrx_word' id='word_1_275' title='bbox 6 2926 12 2936; x_wconf 56' lang='grc'><strong>,</strong></span> <span class='ocrx_word' id='word_1_276' title='bbox 120 2858 337 2920; x_wconf 87' lang='lat' dir='ltr'><strong>bernaculum</strong></span> <span class='ocrx_word' id='word_1_277' title='bbox 349 2861 547 2920; x_wconf 74' lang='lat' dir='ltr'><strong>monmulle</strong></span> <span class='ocrx_word' id='word_1_278' title='bbox 562 2861 680 2936; x_wconf 85' lang='lat' dir='ltr'><strong>quarta</strong></span> <span class='ocrx_word' id='word_1_279' title='bbox 691 2859 918 2932; x_wconf 88' lang='lat' dir='ltr'><strong>conclusione,</strong></span> 
     </span>
    </p>
   </div>
   <div class='ocr_carea' id='block_1_16' title="bbox 121 2454 1544 2539">
    <p class='ocr_par' dir='ltr' id='par_1_16' title="bbox 121 2454 1544 2539">
     <span class='ocr_line' id='line_1_27' title="bbox 121 2454 1544 2539; baseline -0.005 -11"><span class='ocrx_word' id='word_1_280' title='bbox 121 2469 268 2531; x_wconf 90' lang='lat' dir='ltr'><strong>dedomo</strong></span> <span class='ocrx_word' id='word_1_281' title='bbox 285 2471 431 2530; x_wconf 89' lang='lat' dir='ltr'><strong>carceris</strong></span> <span class='ocrx_word' id='word_1_282' title='bbox 453 2471 606 2532; x_wconf 89' lang='lat' dir='ltr'><strong>sedentes</strong></span> <span class='ocrx_word' id='word_1_283' title='bbox 619 2471 653 2531; x_wconf 91' lang='lat' dir='ltr'><strong>in</strong></span> <span class='ocrx_word' id='word_1_284' title='bbox 669 2469 828 2532; x_wconf 89' lang='lat' dir='ltr'><strong>tenebris.</strong></span> <span class='ocrx_word' id='word_1_285' title='bbox 842 2486 860 2529; x_wconf 81' lang='lat' dir='ltr'><strong>r</strong></span> <span class='ocrx_word' id='word_1_286' title='bbox 873 2472 919 2530; x_wconf 92' lang='grc' dir='ltr'><strong>ΒΘ</strong></span> <span class='ocrx_word' id='word_1_287' title='bbox 980 2500 983 2508; x_wconf 87' lang='grc'><em>·</em></span> <span class='ocrx_word' id='word_1_288' title='bbox 1205 2455 1344 2514; x_wconf 74' lang='lat' dir='ltr'>SERMO</span> <span class='ocrx_word' id='word_1_289' title='bbox 1367 2454 1544 2539; x_wconf 70' lang='lat' dir='ltr'><strong>CCLXVH·</strong></span> 
     </span>
    </p>
   </div>
   <div class='ocr_carea' id='block_1_17' title="bbox 974 2597 1771 2878">
    <p class='ocr_par' dir='ltr' id='par_1_17' title="bbox 974 2597 1771 2878">
     <span class='ocr_line' id='line_1_28' title="bbox 974 2597 1771 2702; baseline 0.001 -17"><span class='ocrx_word' id='word_1_290' title='bbox 974 2627 1123 2698; x_wconf 81' lang='lat' dir='ltr'><strong>Quomodo</strong></span> <span class='ocrx_word' id='word_1_291' title='bbox 1135 2627 1215 2702; x_wconf 89' lang='lat' dir='ltr'><strong>petit,</strong></span> <span class='ocrx_word' id='word_1_292' title='bbox 1232 2627 1306 2701; x_wconf 94' lang='lat' dir='ltr'><strong>quod</strong></span> <span class='ocrx_word' id='word_1_293' title='bbox 1322 2631 1398 2686; x_wconf 79' lang='lat' dir='ltr'><strong>Deus</strong></span> <span class='ocrx_word' id='word_1_294' title='bbox 1419 2643 1476 2686; x_wconf 89' lang='lat' dir='ltr'><strong>uon</strong></span> <span class='ocrx_word' id='word_1_295' title='bbox 1496 2628 1581 2686; x_wconf 85' lang='lat' dir='ltr'><strong>intret</strong></span> <span class='ocrx_word' id='word_1_296' title='bbox 1592 2643 1657 2696; x_wconf 82' lang='lat' dir='ltr'><strong>cum</strong></span> <span class='ocrx_word' id='word_1_297' title='bbox 1680 2642 1718 2684; x_wconf 91' lang='lat' dir='ltr'><strong>eo</strong></span> <span class='ocrx_word' id='word_1_298' title='bbox 1735 2597 1771 2686; x_wconf 83' lang='lat' dir='ltr'><strong>ad</strong></span> 
     </span>
     <span class='ocr_line' id='line_1_29' title="bbox 1007 2715 1770 2790; baseline 0 -18"><span class='ocrx_word' id='word_1_299' title='bbox 1007 2715 1162 2790; x_wconf 79' lang='lat' dir='ltr'><strong>judicium3</strong></span> <span class='ocrx_word' id='word_1_300' title='bbox 1181 2725 1210 2774; x_wconf 88' lang='lat' dir='ltr'><strong>et</strong></span> <span class='ocrx_word' id='word_1_301' title='bbox 1223 2717 1366 2790; x_wconf 90' lang='lat' dir='ltr'><strong>quomodo</strong></span> <span class='ocrx_word' id='word_1_302' title='bbox 1387 2717 1525 2776; x_wconf 86' lang='lat' dir='ltr'><strong>debemus</strong></span> <span class='ocrx_word' id='word_1_303' title='bbox 1549 2733 1603 2778; x_wconf 84' lang='lat' dir='ltr'><strong>nos</strong></span> <span class='ocrx_word' id='word_1_304' title='bbox 1619 2716 1770 2790; x_wconf 81' lang='lat' dir='ltr'><strong>judicare3</strong></span> 
     </span>
     <span class='ocr_line' id='line_1_30' title="bbox 1010 2804 1428 2878; baseline 0.017 -19"><span class='ocrx_word' id='word_1_305' title='bbox 1010 2812 1038 2860; x_wconf 90' lang='lat' dir='ltr'><strong>et</strong></span> <span class='ocrx_word' id='word_1_306' title='bbox 1053 2804 1195 2876; x_wconf 89' lang='lat' dir='ltr'><strong>quomodo</strong></span> <span class='ocrx_word' id='word_1_307' title='bbox 1209 2805 1428 2878; x_wconf 85' lang='lat' dir='ltr'><strong>ipsejudicabit.</strong></span> 
     </span>
    </p>
   </div>
   <div class='ocr_carea' id='block_1_18' title="bbox 1 2947 1769 3048">
    <p class='ocr_par' dir='ltr' id='par_1_18' title="bbox 1 2947 1769 3048">
     <span class='ocr_line' id='line_1_31' title="bbox 1 2947 1769 3048; baseline 0 -14"><span class='ocrx_word' id='word_1_308' title='bbox 1 2947 12 3032; x_wconf 39' lang='lat'><strong>⁵.</strong></span> <span class='ocrx_word' id='word_1_309' title='bbox 119 2954 424 3034; x_wconf 61' lang='grc' dir='ltr'><strong>ΠΙΤῙ]Γ(11118(3,9)</strong></span> <span class='ocrx_word' id='word_1_310' title='bbox 442 2979 449 3017; x_wconf 81' lang='lat'>²</span> <span class='ocrx_word' id='word_1_311' title='bbox 465 2957 721 3018; x_wconf 59' lang='grc' dir='ltr'>(301101ῡῦ111Ῑέὶὸ</span> <span class='ocrx_word' id='word_1_312' title='bbox 736 2957 920 3033; x_wconf 65' lang='grc' dir='ltr'>111θᾶ313111</span> <span class='ocrx_word' id='word_1_313' title='bbox 973 2975 1052 3034; x_wconf 82' lang='lat' dir='ltr'><strong>Nou</strong></span> <span class='ocrx_word' id='word_1_314' title='bbox 1081 2975 1191 3036; x_wconf 80' lang='lat' dir='ltr'><strong>intres</strong></span> <span class='ocrx_word' id='word_1_315' title='bbox 1217 2978 1254 3036; x_wconf 85' lang='lat' dir='ltr'><strong>iu</strong></span> <span class='ocrx_word' id='word_1_316' title='bbox 1272 2978 1446 3048; x_wconf 81' lang='lat' dir='ltr'><strong>judicium</strong></span> <span class='ocrx_word' id='word_1_317' title='bbox 1470 2953 1547 3036; x_wconf 81' lang='lat' dir='ltr'><strong>curu</strong></span> <span class='ocrx_word' id='word_1_318' title='bbox 1573 2989 1676 3039; x_wconf 83' lang='lat' dir='ltr'><strong>sarco</strong></span> <span class='ocrx_word' id='word_1_319' title='bbox 1700 2976 1769 3046; x_wconf 85' lang='lat' dir='ltr'><strong>tue,</strong></span> 
     </span>
    </p>
   </div>
   <div class='ocr_carea' id='block_1_19' title="bbox 1 3053 1770 3249">
    <p class='ocr_par' dir='ltr' id='par_1_19' title="bbox 1 3053 1770 3249">
     <span class='ocr_line' id='line_1_32' title="bbox 121 3053 1770 3147; baseline 0.001 -17"><span class='ocrx_word' id='word_1_320' title='bbox 121 3053 217 3114; x_wconf 68' lang='lat' dir='ltr'>dibus</span> <span class='ocrx_word' id='word_1_321' title='bbox 244 3053 391 3130; x_wconf 56' lang='lat' dir='ltr'><strong>‘luadiit’</strong></span> <span class='ocrx_word' id='word_1_322' title='bbox 411 3053 497 3114; x_wconf 66' lang='lat' dir='ltr'><strong>ldessl</strong></span> <span class='ocrx_word' id='word_1_323' title='bbox 520 3054 678 3130; x_wconf 64' lang='grc'>19603113,</span> <span class='ocrx_word' id='word_1_324' title='bbox 701 3070 774 3130; x_wconf 71' lang='lat' dir='ltr'>(11¹ae</span> <span class='ocrx_word' id='word_1_325' title='bbox 796 3053 905 3114; x_wconf 63' lang='lat' dir='ltr'><strong>hibin</strong></span> <span class='ocrx_word' id='word_1_326' title='bbox 1014 3071 1164 3143; x_wconf 88' lang='lat' dir='ltr'><strong>Domine,</strong></span> <span class='ocrx_word' id='word_1_327' title='bbox 1177 3076 1257 3147; x_wconf 77' lang='lat' dir='ltr'><strong>orric</strong></span> <span class='ocrx_word' id='word_1_328' title='bbox 1270 3073 1647 3146; x_wconf 77' lang='lat' dir='ltr'><strong>rrorrjustitlcubiturtu</strong></span> <span class='ocrx_word' id='word_1_329' title='bbox 1668 3087 1770 3133; x_wconf 87' lang='lat' dir='ltr'><strong>cous-</strong></span> 
     </span>
     <span class='ocr_line' id='line_1_33' title="bbox 1 3150 1710 3249; baseline 0.001 -41"><span class='ocrx_word' id='word_1_330' title='bbox 1 3196 9 3208; x_wconf 81' lang='grc'><strong>,.</strong></span> <span class='ocrx_word' id='word_1_331' title='bbox 121 3166 181 3211; x_wconf 80' lang='lat' dir='ltr'><strong>sex</strong></span> <span class='ocrx_word' id='word_1_332' title='bbox 196 3150 314 3211; x_wconf 89' lang='lat' dir='ltr'><strong>latera.</strong></span> <span class='ocrx_word' id='word_1_333' title='bbox 330 3153 478 3211; x_wconf 90' lang='lat' dir='ltr'><strong>Primum</strong></span> <span class='ocrx_word' id='word_1_334' title='bbox 495 3151 585 3216; x_wconf 85' lang='lat' dir='ltr'><strong>latus</strong></span> <span class='ocrx_word' id='word_1_335' title='bbox 603 3154 682 3212; x_wconf 89' lang='lat' dir='ltr'><strong>sunt</strong></span> <span class='ocrx_word' id='word_1_336' title='bbox 695 3151 794 3228; x_wconf 90' lang='lat' dir='ltr'><strong>primi</strong></span> <span class='ocrx_word' id='word_1_337' title='bbox 810 3152 918 3218; x_wconf 84' lang='lat' dir='ltr'><strong>motus</strong></span> <span class='ocrx_word' id='word_1_338' title='bbox 1012 3171 1113 3244; x_wconf 60' lang='lat' dir='ltr'><strong>pm„</strong></span> <span class='ocrx_word' id='word_1_339' title='bbox 1133 3170 1190 3231; x_wconf 66' lang='lat' dir='ltr'><strong>pm,</strong></span> <span class='ocrx_word' id='word_1_340' title='bbox 1208 3173 1322 3238; x_wconf 59' lang='lat' dir='ltr'><em>omnig</em></span> <span class='ocrx_word' id='word_1_341' title='bbox 1337 3175 1467 3232; x_wconf 53' lang='lat' dir='ltr'><strong>vivens,</strong></span> <span class='ocrx_word' id='word_1_342' title='bbox 1487 3169 1557 3248; x_wconf 89' lang='lat' dir='ltr'><strong>(Ps.</strong></span> <span class='ocrx_word' id='word_1_343' title='bbox 1575 3172 1645 3239; x_wconf 59' lang='lat'><strong>142,</strong></span> <span class='ocrx_word' id='word_1_344' title='bbox 1663 3167 1710 3249; x_wconf 67' lang='lat'><strong>2)</strong></span> 
     </span>
    </p>
   </div>
   <div class='ocr_carea' id='block_1_20' title="bbox 1 3247 1770 3616">
    <p class='ocr_par' dir='ltr' id='par_1_20' title="bbox 4 3247 916 3324">
     <span class='ocr_line' id='line_1_34' title="bbox 4 3247 916 3324; baseline 0.005 -22"><span class='ocrx_word' id='word_1_345' title='bbox 4 3297 8 3302; x_wconf 87' lang='grc'><em>,</em></span> <span class='ocrx_word' id='word_1_346' title='bbox 120 3247 162 3307; x_wconf 93' lang='lat' dir='ltr'><strong>ad</strong></span> <span class='ocrx_word' id='word_1_347' title='bbox 188 3249 391 3324; x_wconf 89' lang='lat' dir='ltr'><strong>peccandum</strong></span> <span class='ocrx_word' id='word_1_348' title='bbox 420 3270 428 3310; x_wconf 79' lang='grc' dir='ltr'><strong>ε</strong></span> <span class='ocrx_word' id='word_1_349' title='bbox 458 3248 664 3321; x_wconf 81' lang='lat' dir='ltr'><strong>Secundum,</strong></span> <span class='ocrx_word' id='word_1_350' title='bbox 703 3249 916 3310; x_wconf 83' lang='lat' dir='ltr'><strong>delectatio:</strong></span> 
     </span>
    </p>

    <p class='ocr_par' dir='ltr' id='par_1_21' title="bbox 1 3343 1770 3616">
     <span class='ocr_line' id='line_1_35' title="bbox 6 3343 1770 3423; baseline 0.003 -20"><span class='ocrx_word' id='word_1_351' title='bbox 6 3413 8 3418; x_wconf 84' lang='lat'><em>.</em></span> <span class='ocrx_word' id='word_1_352' title='bbox 119 3345 278 3416; x_wconf 84' lang='lat' dir='ltr'><strong>Tertium,</strong></span> <span class='ocrx_word' id='word_1_353' title='bbox 296 3358 477 3406; x_wconf 86' lang='lat' dir='ltr'><strong>consensus</strong></span> <span class='ocrx_word' id='word_1_354' title='bbox 494 3367 502 3404; x_wconf 77' lang='grc' dir='ltr'><em>ι</em></span> <span class='ocrx_word' id='word_1_355' title='bbox 522 3347 693 3416; x_wconf 86' lang='lat' dir='ltr'><strong>Quartum,</strong></span> <span class='ocrx_word' id='word_1_356' title='bbox 708 3348 819 3422; x_wconf 89' lang='lat' dir='ltr'><strong>operis</strong></span> <span class='ocrx_word' id='word_1_357' title='bbox 834 3361 917 3405; x_wconf 81' lang='lat' dir='ltr'><strong>exe·</strong></span> <span class='ocrx_word' id='word_1_358' title='bbox 1013 3347 1082 3407; x_wconf 89' lang='lat' dir='ltr'><strong>Hoc</strong></span> <span class='ocrx_word' id='word_1_359' title='bbox 1107 3343 1290 3422; x_wconf 84' lang='lat' dir='ltr'><strong>judicium,</strong></span> <span class='ocrx_word' id='word_1_360' title='bbox 1310 3345 1396 3423; x_wconf 91' lang='lat' dir='ltr'><strong>quod</strong></span> <span class='ocrx_word' id='word_1_361' title='bbox 1422 3347 1516 3410; x_wconf 92' lang='lat' dir='ltr'><strong>timet</strong></span> <span class='ocrx_word' id='word_1_362' title='bbox 1551 3345 1613 3408; x_wconf 89' lang='lat' dir='ltr'><strong>iste</strong></span> <span class='ocrx_word' id='word_1_363' title='bbox 1642 3347 1770 3410; x_wconf 87' lang='lat' dir='ltr'><strong>intrare</strong></span> 
     </span>
     <span class='ocr_line' id='line_1_36' title="bbox 1 3432 1770 3514; baseline 0 -10"><span class='ocrx_word' id='word_1_364' title='bbox 1 3432 6 3504; x_wconf 70' lang='lat' dir='ltr'><strong>s.</strong></span> <span class='ocrx_word' id='word_1_365' title='bbox 121 3440 233 3500; x_wconf 87' lang='lat' dir='ltr'><strong>cutio:</strong></span> <span class='ocrx_word' id='word_1_366' title='bbox 251 3441 418 3510; x_wconf 88' lang='lat' dir='ltr'><strong>Quintum,</strong></span> <span class='ocrx_word' id='word_1_367' title='bbox 435 3441 920 3513; x_wconf 57' lang='lat' dir='ltr'><strong>consuetudmsextumoes„</strong></span> <span class='ocrx_word' id='word_1_368' title='bbox 973 3457 1048 3502; x_wconf 91' lang='lat' dir='ltr'><strong>cum</strong></span> <span class='ocrx_word' id='word_1_369' title='bbox 1089 3443 1239 3514; x_wconf 89' lang='lat' dir='ltr'><strong>Domino,</strong></span> <span class='ocrx_word' id='word_1_370' title='bbox 1271 3445 1498 3503; x_wconf 85' lang='lat' dir='ltr'><strong>comminatus</strong></span> <span class='ocrx_word' id='word_1_371' title='bbox 1525 3449 1578 3504; x_wconf 89' lang='lat' dir='ltr'><strong>est</strong></span> <span class='ocrx_word' id='word_1_372' title='bbox 1608 3447 1696 3504; x_wconf 91' lang='lat' dir='ltr'><strong>Deus</strong></span> <span class='ocrx_word' id='word_1_373' title='bbox 1735 3445 1770 3504; x_wconf 91' lang='lat' dir='ltr'><strong>in</strong></span> 
     </span>
     <span class='ocr_line' id='line_1_37' title="bbox 1 3531 1770 3616; baseline 0.007 -27"><span class='ocrx_word' id='word_1_374' title='bbox 1 3531 8 3589; x_wconf 85' lang='grc'><strong>’,’</strong></span> <span class='ocrx_word' id='word_1_375' title='bbox 121 3536 591 3614; x_wconf 81' lang='lat' dir='ltr'><strong>perati0,sivepraesumptio.</strong></span> <span class='ocrx_word' id='word_1_376' title='bbox 949 3537 1041 3597; x_wconf 70' lang='lat' dir='ltr'><strong>&#39;alio</strong></span> <span class='ocrx_word' id='word_1_377' title='bbox 1076 3538 1209 3598; x_wconf 85' lang='lat' dir='ltr'><strong>Psalmo</strong></span> <span class='ocrx_word' id='word_1_378' title='bbox 1240 3538 1304 3616; x_wconf 75' lang='lat'><strong>(74,</strong></span> <span class='ocrx_word' id='word_1_379' title='bbox 1320 3537 1365 3616; x_wconf 92' lang='lat'><strong>3),</strong></span> <span class='ocrx_word' id='word_1_380' title='bbox 1397 3539 1511 3599; x_wconf 87' lang='lat' dir='ltr'><strong>dicens</strong></span> <span class='ocrx_word' id='word_1_381' title='bbox 1532 3561 1539 3598; x_wconf 76' lang='grc' dir='ltr'><strong>ε</strong></span> <span class='ocrx_word' id='word_1_382' title='bbox 1557 3544 1642 3600; x_wconf 84' lang='lat' dir='ltr'><strong>Cum</strong></span> <span class='ocrx_word' id='word_1_383' title='bbox 1669 3555 1770 3602; x_wconf 85' lang='lat' dir='ltr'><strong>occc-</strong></span> 
     </span>
    </p>
   </div>
   <div class='ocr_carea' id='block_1_21' title="bbox 162 3631 1771 3708">
    <p class='ocr_par' dir='ltr' id='par_1_22' title="bbox 162 3631 1771 3708">
     <span class='ocr_line' id='line_1_38' title="bbox 162 3631 1771 3708; baseline 0.001 -14"><span class='ocrx_word' id='word_1_384' title='bbox 162 3637 208 3694; x_wconf 89' lang='lat' dir='ltr'><strong>De</strong></span> <span class='ocrx_word' id='word_1_385' title='bbox 224 3633 277 3692; x_wconf 90' lang='lat' dir='ltr'><strong>bis</strong></span> <span class='ocrx_word' id='word_1_386' title='bbox 293 3631 484 3694; x_wconf 89' lang='lat' dir='ltr'><strong>carceribus</strong></span> <span class='ocrx_word' id='word_1_387' title='bbox 502 3632 676 3702; x_wconf 87' lang='lat' dir='ltr'><strong>conclusos</strong></span> <span class='ocrx_word' id='word_1_388' title='bbox 693 3632 804 3693; x_wconf 90' lang='lat' dir='ltr'><strong>educit</strong></span> <span class='ocrx_word' id='word_1_389' title='bbox 816 3631 917 3692; x_wconf 86' lang='lat' dir='ltr'><strong>Deus.</strong></span> <span class='ocrx_word' id='word_1_390' title='bbox 972 3647 1056 3706; x_wconf 85' lang='lat' dir='ltr'><strong>pero</strong></span> <span class='ocrx_word' id='word_1_391' title='bbox 1071 3633 1223 3707; x_wconf 79' lang='lat' dir='ltr'><strong>teucpus,</strong></span> <span class='ocrx_word' id='word_1_392' title='bbox 1233 3647 1294 3708; x_wconf 76' lang='lat' dir='ltr'><strong>eqo</strong></span> <span class='ocrx_word' id='word_1_393' title='bbox 1308 3634 1471 3705; x_wconf 81' lang='lat' dir='ltr'><strong>justitias</strong></span> <span class='ocrx_word' id='word_1_394' title='bbox 1484 3637 1657 3707; x_wconf 80' lang='lat' dir='ltr'><strong>judicabo.</strong></span> <span class='ocrx_word' id='word_1_395' title='bbox 1674 3637 1771 3696; x_wconf 90' lang='lat' dir='ltr'><strong>Nunc</strong></span> 
     </span>
    </p>
   </div>
   <div class='ocr_carea' id='block_1_22' title="bbox 1 3723 1772 3806">
    <p class='ocr_par' dir='ltr' id='par_1_23' title="bbox 1 3698 1772 3806">
     <span class='ocr_line' id='line_1_39' title="bbox 1 3723 1772 3806; baseline 0.001 -15"><span class='ocrx_word' id='word_1_396' title='bbox 1 3727 7 3804; x_wconf 51' lang='grc' dir='ltr'><em>ζ</em></span> <span class='ocrx_word' id='word_1_397' title='bbox 120 3733 167 3791; x_wconf 92' lang='grc' dir='ltr'><strong>ΒΘ</strong></span> <span class='ocrx_word' id='word_1_398' title='bbox 184 3731 290 3806; x_wconf 87' lang='lat' dir='ltr'><strong>primo</strong></span> <span class='ocrx_word' id='word_1_399' title='bbox 306 3730 436 3802; x_wconf 88' lang='lat' dir='ltr'><strong>educet,</strong></span> <span class='ocrx_word' id='word_1_400' title='bbox 459 3729 592 3805; x_wconf 91' lang='lat' dir='ltr'><strong>quando</strong></span> <span class='ocrx_word' id='word_1_401' title='bbox 616 3723 833 3805; x_wconf 85' lang='lat' dir='ltr'><strong>corruptibile</strong></span> <span class='ocrx_word' id='word_1_402' title='bbox 855 3729 918 3792; x_wconf 89' lang='lat' dir='ltr'><strong>boc</strong></span> <span class='ocrx_word' id='word_1_403' title='bbox 973 3730 1124 3791; x_wconf 87' lang='lat' dir='ltr'><strong>nostrum</strong></span> <span class='ocrx_word' id='word_1_404' title='bbox 1141 3732 1191 3790; x_wconf 89' lang='lat' dir='ltr'><strong>est</strong></span> <span class='ocrx_word' id='word_1_405' title='bbox 1209 3728 1386 3806; x_wconf 88' lang='lat' dir='ltr'><strong>judicium,</strong></span> <span class='ocrx_word' id='word_1_406' title='bbox 1412 3746 1502 3789; x_wconf 93' lang='lat' dir='ltr'><strong>nunc</strong></span> <span class='ocrx_word' id='word_1_407' title='bbox 1516 3729 1604 3791; x_wconf 90' lang='lat' dir='ltr'><strong>subit</strong></span> <span class='ocrx_word' id='word_1_408' title='bbox 1616 3733 1703 3792; x_wconf 89' lang='lat' dir='ltr'><strong>Deus</strong></span> <span class='ocrx_word' id='word_1_409' title='bbox 1718 3731 1772 3792; x_wconf 85' lang='lat' dir='ltr'><strong>fo·</strong></span> 
     </span>
    </p>
   </div>
   <div class='ocr_carea' id='block_1_23' title="bbox 118 3823 1772 3904">
    <p class='ocr_par' dir='ltr' id='par_1_24' title="bbox 118 3823 1772 3904">
     <span class='ocr_line' id='line_1_40' title="bbox 118 3823 1772 3904; baseline -0.002 -16"><span class='ocrx_word' id='word_1_410' title='bbox 118 3827 527 3904; x_wconf 85' lang='lat' dir='ltr'><strong>induetlucorruptiouem</strong></span> <span class='ocrx_word' id='word_1_411' title='bbox 546 3825 918 3904; x_wconf 79' lang='lat' dir='ltr'><strong>(2).Deseoundocdu-</strong></span> <span class='ocrx_word' id='word_1_412' title='bbox 973 3837 1047 3883; x_wconf 89' lang='lat' dir='ltr'><strong>rum</strong></span> <span class='ocrx_word' id='word_1_413' title='bbox 1082 3825 1253 3885; x_wconf 85' lang='lat' dir='ltr'><strong>nostrum.</strong></span> <span class='ocrx_word' id='word_1_414' title='bbox 1289 3824 1383 3884; x_wconf 84' lang='lat' dir='ltr'><strong>Licet</strong></span> <span class='ocrx_word' id='word_1_415' title='bbox 1417 3823 1507 3884; x_wconf 90' lang='lat' dir='ltr'><strong>enim</strong></span> <span class='ocrx_word' id='word_1_416' title='bbox 1542 3824 1640 3885; x_wconf 89' lang='lat' dir='ltr'><strong>nobis</strong></span> <span class='ocrx_word' id='word_1_417' title='bbox 1671 3825 1772 3901; x_wconf 89' lang='lat' dir='ltr'><strong>judi-</strong></span> 
     </span>
    </p>
   </div>
   <div class='ocr_carea' id='block_1_24' title="bbox 119 3919 1814 4002">
    <p class='ocr_par' dir='ltr' id='par_1_25' title="bbox 1 3895 1814 4002">
     <span class='ocr_line' id='line_1_41' title="bbox 119 3919 1814 4002; baseline -0.001 -18.13"><span class='ocrx_word' id='word_1_418' title='bbox 119 3925 179 3995; x_wconf 81' lang='lat' dir='ltr'><strong>xit,</strong></span> <span class='ocrx_word' id='word_1_419' title='bbox 205 3925 349 4002; x_wconf 86' lang='lat' dir='ltr'><strong>quaudo,</strong></span> <span class='ocrx_word' id='word_1_420' title='bbox 377 3925 464 3985; x_wconf 88' lang='lat' dir='ltr'><strong>sicut</strong></span> <span class='ocrx_word' id='word_1_421' title='bbox 488 3924 611 3991; x_wconf 87' lang='lat' dir='ltr'><strong>dicitur</strong></span> <span class='ocrx_word' id='word_1_422' title='bbox 637 3924 672 3984; x_wconf 89' lang='lat' dir='ltr'><strong>in</strong></span> <span class='ocrx_word' id='word_1_423' title='bbox 699 3923 848 4000; x_wconf 83' lang='lat' dir='ltr'><strong>Epistola</strong></span> <span class='ocrx_word' id='word_1_424' title='bbox 876 3924 917 3984; x_wconf 89' lang='lat' dir='ltr'><strong>ad</strong></span> <span class='ocrx_word' id='word_1_425' title='bbox 976 3935 1055 3981; x_wconf 87' lang='lat' dir='ltr'><strong>care</strong></span> <span class='ocrx_word' id='word_1_426' title='bbox 1082 3919 1261 3992; x_wconf 82' lang='lat' dir='ltr'><strong>danobis,</strong></span> <span class='ocrx_word' id='word_1_427' title='bbox 1302 3921 1435 3981; x_wconf 91' lang='lat' dir='ltr'><strong>scilicet</strong></span> <span class='ocrx_word' id='word_1_428' title='bbox 1469 3920 1641 3982; x_wconf 88' lang='lat' dir='ltr'><strong>nobiscum</strong></span> <span class='ocrx_word' id='word_1_429' title='bbox 1671 3925 1773 3999; x_wconf 82' lang='lat' dir='ltr'><strong>justi·</strong></span> <span class='ocrx_word' id='word_1_430' title='bbox 1812 3987 1814 3992; x_wconf 65' lang='grc'>,</span> 
     </span>
    </p>
   </div>
   <div class='ocr_carea' id='block_1_25' title="bbox 120 4017 1773 4100">
    <p class='ocr_par' dir='ltr' id='par_1_26' title="bbox 120 4017 1773 4100">
     <span class='ocr_line' id='line_1_42' title="bbox 120 4017 1773 4100; baseline -0.001 -19"><span class='ocrx_word' id='word_1_431' title='bbox 120 4023 334 4083; x_wconf 73' lang='lat' dir='ltr'><strong>Cttlossenses</strong></span> <span class='ocrx_word' id='word_1_432' title='bbox 362 4021 406 4100; x_wconf 82' lang='lat'><strong>(2,</strong></span> <span class='ocrx_word' id='word_1_433' title='bbox 425 4019 477 4099; x_wconf 82' lang='grc'>14)</span> <span class='ocrx_word' id='word_1_434' title='bbox 496 4041 504 4080; x_wconf 76' lang='lat'>2</span> <span class='ocrx_word' id='word_1_435' title='bbox 520 4022 672 4081; x_wconf 76' lang='lat' dir='ltr'><strong>«Dolens</strong></span> <span class='ocrx_word' id='word_1_436' title='bbox 697 4019 783 4097; x_wconf 93' lang='lat' dir='ltr'><strong>quod</strong></span> <span class='ocrx_word' id='word_1_437' title='bbox 797 4021 919 4082; x_wconf 78' lang='lat' dir='ltr'><strong>adver·</strong></span> <span class='ocrx_word' id='word_1_438' title='bbox 972 4017 1050 4089; x_wconf 90' lang='lat' dir='ltr'><strong>tias,</strong></span> <span class='ocrx_word' id='word_1_439' title='bbox 1064 4017 1098 4078; x_wconf 90' lang='lat' dir='ltr'><strong>et</strong></span> <span class='ocrx_word' id='word_1_440' title='bbox 1110 4031 1212 4094; x_wconf 91' lang='lat' dir='ltr'><strong>opera</strong></span> <span class='ocrx_word' id='word_1_441' title='bbox 1233 4017 1403 4092; x_wconf 80' lang='lat' dir='ltr'><strong>conterre3</strong></span> <span class='ocrx_word' id='word_1_442' title='bbox 1421 4017 1500 4096; x_wconf 88' lang='lat' dir='ltr'><strong>quia</strong></span> <span class='ocrx_word' id='word_1_443' title='bbox 1515 4018 1543 4079; x_wconf 91' lang='lat' dir='ltr'><strong>si</strong></span> <span class='ocrx_word' id='word_1_444' title='bbox 1560 4034 1626 4078; x_wconf 92' lang='lat' dir='ltr'><strong>non</strong></span> <span class='ocrx_word' id='word_1_445' title='bbox 1637 4018 1773 4094; x_wconf 71' lang='lat' dir='ltr'><strong>iudica-</strong></span> 
     </span>
    </p>
   </div>
   <div class='ocr_carea' id='block_1_26' title="bbox 3 4114 1771 4292">
    <p class='ocr_par' dir='ltr' id='par_1_27' title="bbox 3 4114 1771 4292">
     <span class='ocr_line' id='line_1_43' title="bbox 3 4114 1771 4200; baseline -0.001 -22"><span class='ocrx_word' id='word_1_446' title='bbox 3 4120 10 4200; x_wconf 68' lang='lat' dir='ltr'>s</span> <span class='ocrx_word' id='word_1_447' title='bbox 119 4133 178 4179; x_wconf 90' lang='lat' dir='ltr'><strong>sus</strong></span> <span class='ocrx_word' id='word_1_448' title='bbox 202 4134 266 4183; x_wconf 85' lang='lat' dir='ltr'><strong>nos</strong></span> <span class='ocrx_word' id='word_1_449' title='bbox 283 4121 356 4180; x_wconf 86' lang='lat' dir='ltr'><strong>erat</strong></span> <span class='ocrx_word' id='word_1_450' title='bbox 385 4118 645 4194; x_wconf 83' lang='lat' dir='ltr'><strong>chirographum</strong></span> <span class='ocrx_word' id='word_1_451' title='bbox 668 4117 805 4191; x_wconf 87' lang='lat' dir='ltr'><strong>decreti,</strong></span> <span class='ocrx_word' id='word_1_452' title='bbox 831 4117 917 4194; x_wconf 91' lang='lat' dir='ltr'><strong>quod</strong></span> <span class='ocrx_word' id='word_1_453' title='bbox 972 4114 1119 4175; x_wconf 88' lang='lat' dir='ltr'><strong>rerimus</strong></span> <span class='ocrx_word' id='word_1_454' title='bbox 1147 4131 1208 4175; x_wconf 91' lang='lat' dir='ltr'><strong>nos</strong></span> <span class='ocrx_word' id='word_1_455' title='bbox 1245 4114 1280 4175; x_wconf 94' lang='lat' dir='ltr'><strong>in</strong></span> <span class='ocrx_word' id='word_1_456' title='bbox 1309 4116 1465 4196; x_wconf 84' lang='lat' dir='ltr'><strong>aequitate</strong></span> <span class='ocrx_word' id='word_1_457' title='bbox 1497 4137 1504 4174; x_wconf 76' lang='grc' dir='ltr'><strong><em>ε</em></strong></span> <span class='ocrx_word' id='word_1_458' title='bbox 1531 4131 1606 4176; x_wconf 90' lang='lat' dir='ltr'><strong>cum</strong></span> <span class='ocrx_word' id='word_1_459' title='bbox 1640 4115 1771 4193; x_wconf 86' lang='lat' dir='ltr'><strong>tempus</strong></span> 
     </span>
     <span class='ocr_line' id='line_1_44' title="bbox 3 4212 1771 4292; baseline -0.001 -16"><span class='ocrx_word' id='word_1_460' title='bbox 3 4228 6 4234; x_wconf 88' lang='grc'><strong>’</strong></span> <span class='ocrx_word' id='word_1_461' title='bbox 121 4217 194 4278; x_wconf 88' lang='lat' dir='ltr'><strong>erat</strong></span> <span class='ocrx_word' id='word_1_462' title='bbox 221 4218 426 4278; x_wconf 87' lang='lat' dir='ltr'><strong>contrarium</strong></span> <span class='ocrx_word' id='word_1_463' title='bbox 452 4216 560 4290; x_wconf 89' lang='lat' dir='ltr'><strong>nobis,</strong></span> <span class='ocrx_word' id='word_1_464' title='bbox 587 4218 621 4277; x_wconf 91' lang='lat' dir='ltr'><strong>et</strong></span> <span class='ocrx_word' id='word_1_465' title='bbox 648 4215 758 4292; x_wconf 90' lang='lat' dir='ltr'><strong>ipsum</strong></span> <span class='ocrx_word' id='word_1_466' title='bbox 782 4215 859 4276; x_wconf 92' lang='lat' dir='ltr'><strong>tulit</strong></span> <span class='ocrx_word' id='word_1_467' title='bbox 878 4214 919 4275; x_wconf 91' lang='lat' dir='ltr'><strong>de</strong></span> <span class='ocrx_word' id='word_1_468' title='bbox 972 4213 1150 4288; x_wconf 91' lang='lat' dir='ltr'><strong>acceperit,</strong></span> <span class='ocrx_word' id='word_1_469' title='bbox 1162 4212 1312 4288; x_wconf 76' lang='lat' dir='ltr'><strong>iustitias</strong></span> <span class='ocrx_word' id='word_1_470' title='bbox 1328 4215 1473 4286; x_wconf 90' lang='lat' dir='ltr'><strong>nostras,</strong></span> <span class='ocrx_word' id='word_1_471' title='bbox 1489 4215 1524 4276; x_wconf 90' lang='lat' dir='ltr'><strong>et</strong></span> <span class='ocrx_word' id='word_1_472' title='bbox 1539 4229 1651 4290; x_wconf 89' lang='lat' dir='ltr'><strong>opera,</strong></span> <span class='ocrx_word' id='word_1_473' title='bbox 1669 4215 1771 4275; x_wconf 90' lang='lat' dir='ltr'><strong>etiam</strong></span> 
     </span>
    </p>
   </div>
   <div class='ocr_carea' id='block_1_27' title="bbox 119 4308 1775 4583">
    <p class='ocr_par' dir='ltr' id='par_1_28' title="bbox 119 4308 1775 4583">
     <span class='ocr_line' id='line_1_45' title="bbox 120 4308 1773 4388; baseline 0 -16"><span class='ocrx_word' id='word_1_474' title='bbox 120 4313 241 4384; x_wconf 85' lang='lat' dir='ltr'><strong>medio,</strong></span> <span class='ocrx_word' id='word_1_475' title='bbox 256 4313 397 4388; x_wconf 86' lang='lat' dir='ltr'><strong>altlgeus</strong></span> <span class='ocrx_word' id='word_1_476' title='bbox 411 4314 493 4373; x_wconf 91' lang='lat' dir='ltr'><strong>illud</strong></span> <span class='ocrx_word' id='word_1_477' title='bbox 516 4313 620 4374; x_wconf 88' lang='lat' dir='ltr'><strong>cruci.</strong></span> <span class='ocrx_word' id='word_1_478' title='bbox 641 4329 660 4372; x_wconf 76' lang='lat' dir='ltr'><strong>a</strong></span> <span class='ocrx_word' id='word_1_479' title='bbox 679 4315 781 4374; x_wconf 84' lang='lat' dir='ltr'><strong>Facto</strong></span> <span class='ocrx_word' id='word_1_480' title='bbox 805 4311 919 4372; x_wconf 84' lang='lat' dir='ltr'><strong>chiro·</strong></span> <span class='ocrx_word' id='word_1_481' title='bbox 950 4323 953 4332; x_wconf 91' lang='grc'>·</span> <span class='ocrx_word' id='word_1_482' title='bbox 972 4308 1012 4369; x_wconf 89' lang='lat' dir='ltr'><strong>de</strong></span> <span class='ocrx_word' id='word_1_483' title='bbox 1026 4324 1149 4384; x_wconf 87' lang='lat' dir='ltr'><strong>genere</strong></span> <span class='ocrx_word' id='word_1_484' title='bbox 1161 4309 1324 4371; x_wconf 93' lang='lat' dir='ltr'><strong>bonorum</strong></span> <span class='ocrx_word' id='word_1_485' title='bbox 1340 4309 1426 4372; x_wconf 86' lang='lat' dir='ltr'><strong>tacta</strong></span> <span class='ocrx_word' id='word_1_486' title='bbox 1449 4312 1522 4388; x_wconf 88' lang='lat' dir='ltr'><strong>ipse</strong></span> <span class='ocrx_word' id='word_1_487' title='bbox 1534 4312 1708 4388; x_wconf 90' lang='lat' dir='ltr'><strong>judicabit.</strong></span> <span class='ocrx_word' id='word_1_488' title='bbox 1725 4315 1773 4372; x_wconf 90' lang='grc' dir='ltr'><strong>ΒΘ</strong></span> 
     </span>
     <span class='ocr_line' id='line_1_46' title="bbox 119 4403 1774 4488; baseline -0.001 -19"><span class='ocrx_word' id='word_1_489' title='bbox 119 4411 248 4486; x_wconf 83' lang='lat' dir='ltr'><strong>grapho</strong></span> <span class='ocrx_word' id='word_1_490' title='bbox 274 4410 437 4470; x_wconf 86' lang='lat' dir='ltr'><strong>diuiditur</strong></span> <span class='ocrx_word' id='word_1_491' title='bbox 462 4410 545 4472; x_wconf 91' lang='lat' dir='ltr'><strong>illud</strong></span> <span class='ocrx_word' id='word_1_492' title='bbox 574 4411 609 4470; x_wconf 92' lang='lat' dir='ltr'><strong>in</strong></span> <span class='ocrx_word' id='word_1_493' title='bbox 635 4411 717 4472; x_wconf 89' lang='lat' dir='ltr'><strong>duas</strong></span> <span class='ocrx_word' id='word_1_494' title='bbox 743 4411 866 4487; x_wconf 89' lang='lat' dir='ltr'><strong>partes,</strong></span> <span class='ocrx_word' id='word_1_495' title='bbox 884 4413 918 4470; x_wconf 89' lang='lat' dir='ltr'><strong>et</strong></span> <span class='ocrx_word' id='word_1_496' title='bbox 969 4406 1108 4481; x_wconf 89' lang='lat' dir='ltr'><strong>judicic,</strong></span> <span class='ocrx_word' id='word_1_497' title='bbox 1124 4403 1210 4484; x_wconf 87' lang='lat' dir='ltr'><strong>quod</strong></span> <span class='ocrx_word' id='word_1_498' title='bbox 1225 4407 1314 4469; x_wconf 85' lang='lat' dir='ltr'><strong>nunc</strong></span> <span class='ocrx_word' id='word_1_499' title='bbox 1331 4411 1390 4479; x_wconf 89' lang='lat' dir='ltr'><strong>est,</strong></span> <span class='ocrx_word' id='word_1_500' title='bbox 1401 4408 1482 4470; x_wconf 93' lang='lat' dir='ltr'><strong>dicit</strong></span> <span class='ocrx_word' id='word_1_501' title='bbox 1498 4409 1605 4469; x_wconf 88' lang='lat' dir='ltr'><strong>isaias</strong></span> <span class='ocrx_word' id='word_1_502' title='bbox 1620 4409 1683 4486; x_wconf 81' lang='grc'>(11,</span> <span class='ocrx_word' id='word_1_503' title='bbox 1697 4409 1752 4488; x_wconf 82' lang='lat'><strong>26)</strong></span> <span class='ocrx_word' id='word_1_504' title='bbox 1763 4431 1774 4482; x_wconf 51' lang='lat'><strong>:¹</strong></span> 
     </span>
     <span class='ocr_line' id='line_1_47' title="bbox 120 4503 1775 4583; baseline -0.002 -15"><span class='ocrx_word' id='word_1_505' title='bbox 120 4507 226 4568; x_wconf 91' lang='lat' dir='ltr'><strong>altera</strong></span> <span class='ocrx_word' id='word_1_506' title='bbox 254 4506 390 4566; x_wconf 90' lang='lat' dir='ltr'><strong>illarum</strong></span> <span class='ocrx_word' id='word_1_507' title='bbox 415 4505 471 4574; x_wconf 86' lang='lat' dir='ltr'><strong>uui</strong></span> <span class='ocrx_word' id='word_1_508' title='bbox 509 4506 595 4580; x_wconf 89' lang='lat' dir='ltr'><strong>parti</strong></span> <span class='ocrx_word' id='word_1_509' title='bbox 626 4507 780 4578; x_wconf 87' lang='lat' dir='ltr'><strong>traditur,</strong></span> <span class='ocrx_word' id='word_1_510' title='bbox 808 4506 918 4569; x_wconf 86' lang='lat' dir='ltr'><strong>altera</strong></span> <span class='ocrx_word' id='word_1_511' title='bbox 972 4504 1118 4565; x_wconf 75' lang='lat' dir='ltr'><strong>«Reduc</strong></span> <span class='ocrx_word' id='word_1_512' title='bbox 1144 4521 1196 4565; x_wconf 89' lang='lat' dir='ltr'><strong>mo</strong></span> <span class='ocrx_word' id='word_1_513' title='bbox 1226 4506 1260 4565; x_wconf 94' lang='lat' dir='ltr'><strong>in</strong></span> <span class='ocrx_word' id='word_1_514' title='bbox 1291 4506 1499 4572; x_wconf 88' lang='lat' dir='ltr'><strong>memoriam,</strong></span> <span class='ocrx_word' id='word_1_515' title='bbox 1527 4508 1561 4566; x_wconf 90' lang='lat' dir='ltr'><strong>et</strong></span> <span class='ocrx_word' id='word_1_516' title='bbox 1583 4503 1775 4583; x_wconf 90' lang='lat' dir='ltr'><strong>judicemur</strong></span> 
     </span>
    </p>
   </div>
   <div class='ocr_carea' id='block_1_28' title="bbox 1 4601 1773 4972">
    <p class='ocr_par' dir='ltr' id='par_1_29' title="bbox 1 4595 1773 4972">
     <span class='ocr_line' id='line_1_48' title="bbox 119 4601 1772 4681; baseline -0.001 -17.133"><span class='ocrx_word' id='word_1_517' title='bbox 119 4603 218 4664; x_wconf 90' lang='lat' dir='ltr'><strong>alteri</strong></span> <span class='ocrx_word' id='word_1_518' title='bbox 234 4601 496 4673; x_wconf 80' lang='lat' dir='ltr'><strong>commendatur,</strong></span> <span class='ocrx_word' id='word_1_519' title='bbox 510 4603 547 4662; x_wconf 92' lang='lat' dir='ltr'><strong>ut</strong></span> <span class='ocrx_word' id='word_1_520' title='bbox 559 4603 824 4680; x_wconf 85' lang='lat' dir='ltr'><strong>quandocunque</strong></span> <span class='ocrx_word' id='word_1_521' title='bbox 838 4619 919 4681; x_wconf 79' lang='lat' dir='ltr'><strong>par·</strong></span> <span class='ocrx_word' id='word_1_522' title='bbox 973 4601 1093 4661; x_wconf 93' lang='lat' dir='ltr'><strong>simul:</strong></span> <span class='ocrx_word' id='word_1_523' title='bbox 1111 4605 1223 4674; x_wconf 85' lang='lat' dir='ltr'><strong>narra,</strong></span> <span class='ocrx_word' id='word_1_524' title='bbox 1241 4603 1271 4662; x_wconf 92' lang='lat' dir='ltr'><strong>si</strong></span> <span class='ocrx_word' id='word_1_525' title='bbox 1287 4603 1363 4678; x_wconf 90' lang='lat' dir='ltr'><strong>quid</strong></span> <span class='ocrx_word' id='word_1_526' title='bbox 1380 4602 1495 4670; x_wconf 91' lang='lat' dir='ltr'><strong>habes,</strong></span> <span class='ocrx_word' id='word_1_527' title='bbox 1512 4605 1548 4664; x_wconf 93' lang='lat' dir='ltr'><strong>ut</strong></span> <span class='ocrx_word' id='word_1_528' title='bbox 1562 4601 1772 4680; x_wconf 72' lang='lat' dir='ltr'><strong>iustificeris,</strong></span> 
     </span>
     <span class='ocr_line' id='line_1_49' title="bbox 7 4697 1773 4776; baseline -0.002 -14"><span class='ocrx_word' id='word_1_529' title='bbox 7 4715 11 4724; x_wconf 86' lang='grc'><strong>’</strong></span> <span class='ocrx_word' id='word_1_530' title='bbox 119 4703 170 4762; x_wconf 87' lang='lat' dir='ltr'><strong>tes</strong></span> <span class='ocrx_word' id='word_1_531' title='bbox 198 4700 266 4760; x_wconf 85' lang='lat' dir='ltr'><strong>illae</strong></span> <span class='ocrx_word' id='word_1_532' title='bbox 294 4699 406 4760; x_wconf 89' lang='lat' dir='ltr'><strong>allatae</strong></span> <span class='ocrx_word' id='word_1_533' title='bbox 435 4698 578 4770; x_wconf 61' lang='lat' dir='ltr'><strong>luerint*</strong></span> <span class='ocrx_word' id='word_1_534' title='bbox 596 4701 628 4760; x_wconf 88' lang='lat' dir='ltr'><strong>et</strong></span> <span class='ocrx_word' id='word_1_535' title='bbox 656 4701 830 4772; x_wconf 87' lang='lat' dir='ltr'><strong>adunatae,</strong></span> <span class='ocrx_word' id='word_1_536' title='bbox 859 4700 919 4761; x_wconf 87' lang='lat' dir='ltr'><strong>liat</strong></span> <span class='ocrx_word' id='word_1_537' title='bbox 974 4697 1094 4774; x_wconf 86' lang='lat' dir='ltr'><strong>Arguit</strong></span> <span class='ocrx_word' id='word_1_538' title='bbox 1122 4702 1232 4760; x_wconf 88' lang='lat' dir='ltr'><strong>autem</strong></span> <span class='ocrx_word' id='word_1_539' title='bbox 1256 4700 1497 4776; x_wconf 86' lang='lat' dir='ltr'><strong>praesumentes</strong></span> <span class='ocrx_word' id='word_1_540' title='bbox 1520 4699 1560 4760; x_wconf 90' lang='lat' dir='ltr'><strong>de</strong></span> <span class='ocrx_word' id='word_1_541' title='bbox 1586 4699 1713 4776; x_wconf 84' lang='lat' dir='ltr'><strong>jndicio</strong></span> <span class='ocrx_word' id='word_1_542' title='bbox 1737 4699 1773 4760; x_wconf 90' lang='lat' dir='ltr'><strong>in</strong></span> 
     </span>
     <span class='ocr_line' id='line_1_50' title="bbox 9 4795 1773 4876; baseline -0.002 -17"><span class='ocrx_word' id='word_1_543' title='bbox 9 4812 11 4820; x_wconf 63' lang='lat'><strong><em>⁴</em></strong></span> <span class='ocrx_word' id='word_1_544' title='bbox 119 4799 232 4868; x_wconf 91' lang='lat' dir='ltr'><strong>ratum</strong></span> <span class='ocrx_word' id='word_1_545' title='bbox 252 4796 340 4873; x_wconf 90' lang='lat' dir='ltr'><strong>qnod</strong></span> <span class='ocrx_word' id='word_1_546' title='bbox 366 4811 500 4872; x_wconf 85' lang='lat' dir='ltr'><strong>pereas</strong></span> <span class='ocrx_word' id='word_1_547' title='bbox 523 4796 648 4857; x_wconf 87' lang='lat' dir='ltr'><strong>tactum</strong></span> <span class='ocrx_word' id='word_1_548' title='bbox 667 4799 728 4858; x_wconf 88' lang='lat' dir='ltr'><strong>est.</strong></span> <span class='ocrx_word' id='word_1_549' title='bbox 758 4800 841 4859; x_wconf 89' lang='lat' dir='ltr'><strong>Data</strong></span> <span class='ocrx_word' id='word_1_550' title='bbox 867 4798 920 4860; x_wconf 90' lang='lat' dir='ltr'><strong>est</strong></span> <span class='ocrx_word' id='word_1_551' title='bbox 952 4851 953 4859; x_wconf 72' lang='grc'>,</span> <span class='ocrx_word' id='word_1_552' title='bbox 972 4795 1118 4858; x_wconf 84' lang='lat' dir='ltr'><strong>Jeremia</strong></span> <span class='ocrx_word' id='word_1_553' title='bbox 1135 4795 1179 4875; x_wconf 77' lang='lat'><strong>(2,</strong></span> <span class='ocrx_word' id='word_1_554' title='bbox 1194 4795 1247 4876; x_wconf 85' lang='lat'><strong>29)</strong></span> <span class='ocrx_word' id='word_1_555' title='bbox 1261 4817 1269 4856; x_wconf 76' lang='grc' dir='ltr'><strong><em>ε</em></strong></span> <span class='ocrx_word' id='word_1_556' title='bbox 1285 4813 1304 4856; x_wconf 79' lang='lat' dir='ltr'><strong>c</strong></span> <span class='ocrx_word' id='word_1_557' title='bbox 1318 4795 1401 4868; x_wconf 87' lang='lat' dir='ltr'><strong>Quid</strong></span> <span class='ocrx_word' id='word_1_558' title='bbox 1423 4797 1525 4858; x_wconf 84' lang='lat' dir='ltr'><strong>uultis</strong></span> <span class='ocrx_word' id='word_1_559' title='bbox 1541 4813 1669 4858; x_wconf 90' lang='lat' dir='ltr'><strong>mecum</strong></span> <span class='ocrx_word' id='word_1_560' title='bbox 1680 4795 1773 4876; x_wconf 90' lang='lat' dir='ltr'><strong>judi-</strong></span> 
     </span>
     <span class='ocr_line' id='line_1_51' title="bbox 1 4879 1579 4972; baseline -0.002 -16"><span class='ocrx_word' id='word_1_561' title='bbox 1 4879 8 4948; x_wconf 63' lang='grc' dir='ltr'><em>Τ</em></span> <span class='ocrx_word' id='word_1_562' title='bbox 121 4895 285 4971; x_wconf 89' lang='lat' dir='ltr'><strong>siquidem</strong></span> <span class='ocrx_word' id='word_1_563' title='bbox 310 4894 365 4954; x_wconf 77' lang='lat' dir='ltr'><strong>lex</strong></span> <span class='ocrx_word' id='word_1_564' title='bbox 399 4893 525 4954; x_wconf 90' lang='lat' dir='ltr'><strong>homini</strong></span> <span class='ocrx_word' id='word_1_565' title='bbox 549 4894 658 4970; x_wconf 89' lang='lat' dir='ltr'><strong>primo</strong></span> <span class='ocrx_word' id='word_1_566' title='bbox 678 4894 714 4954; x_wconf 91' lang='lat' dir='ltr'><strong>in</strong></span> <span class='ocrx_word' id='word_1_567' title='bbox 736 4895 914 4972; x_wconf 83' lang='lat' dir='ltr'><strong>paradis03</strong></span> <span class='ocrx_word' id='word_1_568' title='bbox 972 4891 1290 4955; x_wconf 76' lang='lat' dir='ltr'><strong>ciocoutenderel»</strong></span> <span class='ocrx_word' id='word_1_569' title='bbox 1508 4885 1510 4890; x_wconf 72' lang='grc'><strong>’</strong></span> <span class='ocrx_word' id='word_1_570' title='bbox 1578 4895 1579 4898; x_wconf 76' lang='grc'>’</span> 
     </span>
    </p>
   </div>
   <div class='ocr_carea' id='block_1_29' title="bbox 119 4989 1774 5168">
    <p class='ocr_par' dir='ltr' id='par_1_30' title="bbox 119 4989 1774 5168">
     <span class='ocr_line' id='line_1_52' title="bbox 119 4989 1774 5069; baseline 0.001 -17"><span class='ocrx_word' id='word_1_571' title='bbox 119 4991 653 5068; x_wconf 87' lang='lat' dir='ltr'><strong>haecscilicet:Quocunquedie</strong></span> <span class='ocrx_word' id='word_1_572' title='bbox 677 4993 718 5054; x_wconf 90' lang='lat' dir='ltr'><strong>de</strong></span> <span class='ocrx_word' id='word_1_573' title='bbox 741 4993 832 5069; x_wconf 89' lang='lat' dir='ltr'><strong>ligno</strong></span> <span class='ocrx_word' id='word_1_574' title='bbox 857 4991 917 5054; x_wconf 90' lang='lat' dir='ltr'><strong>tali</strong></span> <span class='ocrx_word' id='word_1_575' title='bbox 951 5009 953 5026; x_wconf 66' lang='lat'><strong>,</strong></span> <span class='ocrx_word' id='word_1_576' title='bbox 1014 4991 1283 5052; x_wconf 87' lang='lat' dir='ltr'><strong>Dedistrictione</strong></span> <span class='ocrx_word' id='word_1_577' title='bbox 1311 4991 1421 5052; x_wconf 90' lang='lat' dir='ltr'><strong>autem</strong></span> <span class='ocrx_word' id='word_1_578' title='bbox 1437 4989 1686 5068; x_wconf 78' lang='lat' dir='ltr'><strong>judicii‚quam</strong></span> <span class='ocrx_word' id='word_1_579' title='bbox 1702 5009 1774 5055; x_wconf 92' lang='lat' dir='ltr'><strong>me·</strong></span> 
     </span>
     <span class='ocr_line' id='line_1_53' title="bbox 121 5086 1770 5168; baseline 0 -19"><span class='ocrx_word' id='word_1_580' title='bbox 121 5089 315 5160; x_wconf 88' lang='lat' dir='ltr'><strong>comederis,</strong></span> <span class='ocrx_word' id='word_1_581' title='bbox 346 5090 500 5154; x_wconf 90' lang='lat' dir='ltr'><strong>morieris</strong></span> <span class='ocrx_word' id='word_1_582' title='bbox 525 5087 663 5166; x_wconf 62' lang='lat' dir='ltr'><strong>(dem,</strong></span> <span class='ocrx_word' id='word_1_583' title='bbox 693 5089 757 5168; x_wconf 83' lang='lat'>17).</span> <span class='ocrx_word' id='word_1_584' title='bbox 780 5091 916 5151; x_wconf 76' lang='lat' dir='ltr'><strong>Factum</strong></span> <span class='ocrx_word' id='word_1_585' title='bbox 971 5087 1135 5149; x_wconf 91' lang='lat' dir='ltr'><strong>tuendum</strong></span> <span class='ocrx_word' id='word_1_586' title='bbox 1173 5089 1217 5148; x_wconf 90' lang='lat' dir='ltr'><strong>sit</strong></span> <span class='ocrx_word' id='word_1_587' title='bbox 1257 5086 1339 5147; x_wconf 90' lang='lat' dir='ltr'><strong>illud</strong></span> <span class='ocrx_word' id='word_1_588' title='bbox 1364 5087 1476 5148; x_wconf 91' lang='lat' dir='ltr'><strong>subire</strong></span> <span class='ocrx_word' id='word_1_589' title='bbox 1516 5103 1591 5149; x_wconf 90' lang='lat' dir='ltr'><strong>cum</strong></span> <span class='ocrx_word' id='word_1_590' title='bbox 1619 5090 1770 5161; x_wconf 88' lang='lat' dir='ltr'><strong>Domine,</strong></span> 
     </span>
    </p>
   </div>
   <div class='ocr_carea' id='block_1_30' title="bbox 1 5181 1775 5362">
    <p class='ocr_par' dir='ltr' id='par_1_31' title="bbox 1 5181 1775 5362">
     <span class='ocr_line' id='line_1_54' title="bbox 121 5181 1774 5281; baseline 0.001 -34.932"><span class='ocrx_word' id='word_1_591' title='bbox 121 5187 171 5246; x_wconf 88' lang='lat' dir='ltr'><strong>est</strong></span> <span class='ocrx_word' id='word_1_592' title='bbox 186 5186 272 5246; x_wconf 88' lang='lat' dir='ltr'><strong>uude</strong></span> <span class='ocrx_word' id='word_1_593' title='bbox 286 5186 544 5263; x_wconf 87' lang='lat' dir='ltr'><strong>chirographum</strong></span> <span class='ocrx_word' id='word_1_594' title='bbox 557 5209 564 5262; x_wconf 90' lang='lat'><strong>;</strong></span> <span class='ocrx_word' id='word_1_595' title='bbox 580 5186 612 5247; x_wconf 90' lang='lat' dir='ltr'><strong>et</strong></span> <span class='ocrx_word' id='word_1_596' title='bbox 633 5187 740 5248; x_wconf 88' lang='lat' dir='ltr'><strong>diviso</strong></span> <span class='ocrx_word' id='word_1_597' title='bbox 755 5187 825 5258; x_wconf 90' lang='lat' dir='ltr'><strong>illo,</strong></span> <span class='ocrx_word' id='word_1_598' title='bbox 840 5188 917 5249; x_wconf 86' lang='lat' dir='ltr'><strong>data</strong></span> <span class='ocrx_word' id='word_1_599' title='bbox 978 5183 1165 5281; x_wconf 78' lang='lat' dir='ltr'><strong>ostenditur</strong></span> <span class='ocrx_word' id='word_1_600' title='bbox 1185 5200 1245 5262; x_wconf 89' lang='lat' dir='ltr'><strong>per</strong></span> <span class='ocrx_word' id='word_1_601' title='bbox 1268 5183 1469 5246; x_wconf 89' lang='lat' dir='ltr'><strong>Malachiam</strong></span> <span class='ocrx_word' id='word_1_602' title='bbox 1488 5181 1534 5263; x_wconf 71' lang='lat'><strong>&#39;(3,</strong></span> <span class='ocrx_word' id='word_1_603' title='bbox 1550 5187 1570 5245; x_wconf 82' lang='lat'><strong>2</strong></span> <span class='ocrx_word' id='word_1_604' title='bbox 1585 5188 1617 5247; x_wconf 91' lang='lat' dir='ltr'><strong>et</strong></span> <span class='ocrx_word' id='word_1_605' title='bbox 1628 5185 1661 5264; x_wconf 90' lang='lat'><strong>3)</strong></span> <span class='ocrx_word' id='word_1_606' title='bbox 1675 5207 1684 5246; x_wconf 73' lang='lat' dir='ltr'><strong>s</strong></span> <span class='ocrx_word' id='word_1_607' title='bbox 1699 5189 1774 5262; x_wconf 91' lang='lat' dir='ltr'><strong>ipse</strong></span> 
     </span>
     <span class='ocr_line' id='line_1_55' title="bbox 1 5280 1775 5362; baseline 0 -20"><span class='ocrx_word' id='word_1_608' title='bbox 1 5280 7 5342; x_wconf 69' lang='grc' dir='ltr'>Γ</span> <span class='ocrx_word' id='word_1_609' title='bbox 121 5285 172 5344; x_wconf 89' lang='lat' dir='ltr'><strong>ost</strong></span> <span class='ocrx_word' id='word_1_610' title='bbox 188 5298 343 5358; x_wconf 88' lang='lat' dir='ltr'><strong>unapars</strong></span> <span class='ocrx_word' id='word_1_611' title='bbox 358 5284 498 5358; x_wconf 91' lang='lat' dir='ltr'><strong>homini,</strong></span> <span class='ocrx_word' id='word_1_612' title='bbox 516 5299 593 5360; x_wconf 89' lang='lat' dir='ltr'><strong>pars</strong></span> <span class='ocrx_word' id='word_1_613' title='bbox 607 5283 713 5345; x_wconf 89' lang='lat' dir='ltr'><strong>altera</strong></span> <span class='ocrx_word' id='word_1_614' title='bbox 729 5283 860 5347; x_wconf 91' lang='lat' dir='ltr'><strong>diabolo</strong></span> <span class='ocrx_word' id='word_1_615' title='bbox 875 5285 917 5346; x_wconf 91' lang='lat' dir='ltr'><strong>ad</strong></span> <span class='ocrx_word' id='word_1_616' title='bbox 972 5283 1071 5362; x_wconf 90' lang='lat' dir='ltr'><strong>quasi</strong></span> <span class='ocrx_word' id='word_1_617' title='bbox 1096 5282 1184 5358; x_wconf 90' lang='lat' dir='ltr'><strong>ignis</strong></span> <span class='ocrx_word' id='word_1_618' title='bbox 1208 5282 1371 5357; x_wconf 84' lang='lat' dir='ltr'><strong>conflans,</strong></span> <span class='ocrx_word' id='word_1_619' title='bbox 1404 5283 1436 5344; x_wconf 88' lang='lat' dir='ltr'><strong>et</strong></span> <span class='ocrx_word' id='word_1_620' title='bbox 1455 5282 1551 5359; x_wconf 91' lang='lat' dir='ltr'><strong>quasi</strong></span> <span class='ocrx_word' id='word_1_621' title='bbox 1584 5283 1688 5345; x_wconf 88' lang='lat' dir='ltr'><strong>herba</strong></span> <span class='ocrx_word' id='word_1_622' title='bbox 1708 5281 1775 5342; x_wconf 89' lang='lat' dir='ltr'><strong>lul-</strong></span> 
     </span>
    </p>
   </div>
   <div class='ocr_carea' id='block_1_31' title="bbox 158 5531 1392 5631">
    <p class='ocr_par' dir='ltr' id='par_1_32' title="bbox 158 5531 1392 5631">
     <span class='ocr_line' id='line_1_56' title="bbox 158 5531 1392 5631; baseline 0.001 -20"><span class='ocrx_word' id='word_1_623' title='bbox 158 5557 167 5622; x_wconf 90' lang='grc'><strong>(</strong></span> <span class='ocrx_word' id='word_1_624' title='bbox 174 5555 199 5626; x_wconf 91' lang='grc'>1)</span> <span class='ocrx_word' id='word_1_625' title='bbox 216 5553 295 5628; x_wconf 76' lang='lat' dir='ltr'><strong>Apud</strong></span> <span class='ocrx_word' id='word_1_626' title='bbox 306 5556 397 5614; x_wconf 88' lang='lat' dir='ltr'><strong>Gloss.</strong></span> <span class='ocrx_word' id='word_1_627' title='bbox 409 5556 470 5614; x_wconf 88' lang='lat' dir='ltr'><strong>ord.</strong></span> <span class='ocrx_word' id='word_1_628' title='bbox 488 5557 516 5614; x_wconf 93' lang='lat' dir='ltr'><strong>in</strong></span> <span class='ocrx_word' id='word_1_629' title='bbox 529 5557 604 5617; x_wconf 90' lang='lat' dir='ltr'><strong>huuc</strong></span> <span class='ocrx_word' id='word_1_630' title='bbox 616 5558 720 5618; x_wconf 90' lang='lat' dir='ltr'><strong>locum.</strong></span> <span class='ocrx_word' id='word_1_631' title='bbox 949 5531 950 5536; x_wconf 8' lang='grc' dir='ltr'>ἵ</span> <span class='ocrx_word' id='word_1_632' title='bbox 1009 5557 1050 5631; x_wconf 75' lang='lat' dir='ltr'><strong>(l)</strong></span> <span class='ocrx_word' id='word_1_633' title='bbox 1065 5557 1151 5616; x_wconf 84' lang='lat' dir='ltr'><strong>ICor.</strong></span> <span class='ocrx_word' id='word_1_634' title='bbox 1167 5556 1210 5624; x_wconf 86' lang='lat' dir='ltr'><strong>lii,</strong></span> <span class='ocrx_word' id='word_1_635' title='bbox 1232 5555 1275 5613; x_wconf 81' lang='lat' dir='ltr'><strong>ca.</strong></span> <span class='ocrx_word' id='word_1_636' title='bbox 1389 5573 1392 5580; x_wconf 91' lang='lat'>·</span> 
     </span>
    </p>
   </div>
   <div class='ocr_carea' id='block_1_32' title="bbox 0 0 2064 6389">
    <p class='ocr_par' dir='ltr' id='par_1_33' title="bbox 0 0 2064 6389">
     <span class='ocr_line' id='line_1_57' title="bbox 0 0 2064 6389; baseline 0 0"><span class='ocrx_word' id='word_1_637' title='bbox 0 0 2064 6389; x_wconf 95' lang='lat' dir='ltr'><strong> </strong></span> 
     </span>
    </p>
   </div>
  </div>
 </body>
</html>
