4226 6406
177 235 241 298 513
751 233 1072 298 PROLEGOMENA.
1088 263 1129 280 -
1143 231 1252 295 viri.
1765 236 1824 297 514

179 394 267 472 quiae
289 391 330 454 ad
353 408 428 455 eum
450 393 572 463 locum,
584 394 619 455 in
633 409 698 472 quo
718 409 807 456 nunc
826 411 899 456 cum
920 409 971 464 ea,
1027 397 1123 455 rtosa
1137 396 1291 465 dominc,
1306 393 1341 458 iu
1356 392 1469 469 sugam
1484 394 1642 471 compulit
1656 395 1824 472 nequissi-

179 507 244 570 qua
257 505 318 568 par
328 494 390 564 est,
400 493 614 554 veneratione
628 492 975 567 asservantur,trans-
1029 505 1118 551 mum
1133 491 1297 568 spiritum,
1315 491 1498 569 strepente
1518 508 1556 552 se
1574 493 1679 554 sensit
1693 491 1822 554 libera-

178 589 256 650 latae
280 595 368 660 sunt,
394 589 450 666 qui
471 589 532 651 tuit
560 605 667 650 annus
696 589 867 666 proximus
896 575 981 649 ante
1028 587 1109 646 tum.
1133 588 1279 664 Cumque
1297 587 1478 664 lugientem
1503 588 1598 649 illum
1617 589 1733 651 videre
1758 607 1822 652 cu-

178 685 307 748 obitnm
327 689 423 763 ¹ejus3
455 686 496 746 ab
523 687 612 748 omni
643 686 782 748 fratrum
811 686 974 762 regimine
1028 683 1132 758 peret,
1149 684 1263 746 oculos
1278 685 1443 760 aperiens,
1460 687 1563 747 totam
1577 685 1680 758 illam,
1706 687 1822 764 inqua

179 798 316 860 prorsus
332 781 503 847 absolutus
518 785 568 846 est
582 787 618 844 Β.
631 783 808 856 Antonius,
821 783 982 859 iactaque·
1028 779 1171 842 cubabat
1193 781 1361 855 cellulam,
1384 783 1522 858 superni
1546 772 1683 844 luminis
1703 784 1821 860 splen-

179 880 212 942 ei
233 883 285 942 est
306 881 475 956 generalis
493 881 638 959 potestas
662 880 799 942 verbum
819 880 878 942 Dei
894 879 973 940 ubi·
1029 875 1164 938 donibus
1176 877 1344 955 perfusam
1358 880 1542 956 conspexit.

179 992 321 1054 cumque
341 976 443 1040 vellet
463 978 678 1056 praedicandi.
703 980 783 1038 Cum
805 977 910 1053 igitur
933 991 973 1037 eo
1069 977 1215 1051 Pergens
1230 975 1348 1037 deinde
1370 975 1405 1036 in
1428 979 1580 1053 suscepto
1594 994 1653 1056 per
1668 979 1821 1051 Quadra-

178 1076 338 1151 tempore,
355 1089 420 1151 quo
434 1075 612 1136 conciones
627 1090 705 1136 suas
719 1073 817 1154 (quas
834 1075 874 1135 de
889 1075 975 1136 tem-
1028 1069 1190 1144 gesimam
1225 1070 1445 1132 concionandi
1476 1070 1590 1133 labore
1624 1088 1664 1133 ao
1699 1073 1820 1145 studio,

179 1185 261 1247 pore
283 1170 418 1251 vocant)
443 1172 651 1248 conscripsit,
680 1173 802 1234 Paduae
826 1172 974 1252 moratus
1029 1166 1185 1243 populum
1210 1165 1328 1228 habuit
1339 1166 1495 1230 audiendi
1512 1169 1622 1246 ipsum
1639 1170 1821 1247 cupidissi-

179 1267 313 1343 fuisset3
327 1268 529 1346 multamque
542 1283 623 1346 erga
635 1284 672 1330 se
686 1269 810 1332 civium
829 1268 927 1330 tidem
942 1271 975 1330 et
1029 1280 1136 1339 mum;
1157 1264 1204 1328 ita
1219 1266 1256 1326 ut
1270 1266 1421 1328 certatim
1437 1266 1565 1328 cunctis
1586 1267 1627 1328 ad
1647 1282 1723 1328 eum
1743 1283 1825 1330 oon·
1885 1339 1889 1344 ,

179 1364 446 1430 benevolentiam
469 1369 559 1429 esset
582 1368 740 1444 expertus
764 1387 771 1428 ε
795 1367 880 1428 mira
895 1381 975 1442 erga
1030 1361 1209 1424 fluentibus
1225 1353 1411 1440 oportuerit
1433 1361 1643 1441 quotidianas
1660 1365 1695 1426 in
1710 1366 1822 1428 eccle-

180 1477 239 1524 eos
251 1462 425 1525 devotione
437 1462 589 1536 affectus,
607 1464 714 1540 primo
729 1463 894 1528 libertatis
906 1479 975 1524 suae
1031 1459 1090 1521 siis
1114 1460 1274 1522 stationes
1298 1461 1412 1522 indici.
1440 1461 1503 1523 sed
1519 1477 1593 1522 cum
1609 1462 1747 1524 nimiam
1762 1479 1825 1524 au-

181 1575 282 1622 cursu
296 1560 338 1622 ad
353 1576 410 1622 eos
427 1576 464 1622 se
485 1561 638 1622 conferre
656 1561 814 1623 decrevit.
830 1562 977 1636 Cumque
1032 1555 1175 1618 ditonum
1196 1556 1416 1634 frequentiam
1442 1559 1661 1621 ecclesiarum
1680 1559 1824 1621 ambitus

180 1671 221 1718 eo
244 1659 467 1734 pervenisset,
490 1658 652 1721 Ostiensis
674 1659 779 1736 episc.
801 1673 877 1720 eum
892 1658 976 1720 hcr—
1031 1669 1098 1715 non
1111 1655 1259 1731 caperet3
1276 1655 1465 1732 compulsus
1476 1656 1576 1718 estad
1592 1657 1825 1734 patentessesc

181 1754 269 1816 tatus
288 1756 350 1828 est,
369 1756 406 1819 ut
429 1755 608 1819 conciones
635 1755 675 1817 de
694 1756 824 1818 Sanctis
846 1770 977 1833 quoque
1032 1766 1165 1828 campos
1179 1751 1374 1826 transferre,
1395 1753 1494 1830 atque
1508 1754 1556 1816 ita
1568 1755 1726 1816 salutaris
1741 1755 1825 1817 doc-

181 1851 370 1915 ooniiceret.
391 1853 505 1930 ltaque
519 1852 570 1913 illi
582 1868 708 1915 morem
722 1854 888 1928 gesturus,
906 1856 975 1914 Pa·
1031 1847 1129 1910 trinae
1140 1848 1252 1926 pluvia
1264 1848 1304 1911 de
1317 1851 1455 1927 spiritus
1465 1850 1669 1914 abundantia
1680 1852 1825 1928 irrigare

182 1948 256 2010 duae
270 1949 377 2011 voluit
388 1950 423 2011 in
438 1949 521 2011 illud
537 1966 620 2026 opus
635 1950 836 2012 incumbere.
850 1950 913 2012 Sed
927 1967 977 2011 sa-

182 2062 240 2106 cro
251 2047 522 2123 Quadragesimae
535 2048 735 2111 adventante
750 2049 908 2125 tempore,
923 2048 976 2108 vi-

182 2143 263 2204 dens
278 2143 330 2206 vir
344 2145 404 2206 Dei
416 2144 534 2206 adessa
548 2147 678 2222 tempus
701 2143 929 2224 acceptabile(
950 2144 975 2224 ),

182 2240 216 2302 et
241 2241 312 2302 dies
338 2241 472 2316 salutis3
499 2242 581 2302 illud
605 2258 687 2319 opus
709 2243 899 2314 intermisit,
920 2244 976 2304 to-

181 2338 318 2414 tumque
343 2353 378 2399 se
399 2339 439 2399 ad
465 2338 649 2400 docendum
664 2354 724 2417 pro
744 2339 904 2400 concione
918 2355 979 2417 pc-

183 2433 308 2509 pulum,
319 2437 391 2511 ejus
400 2449 569 2496 sermones
579 2435 720 2497 mirifice
729 2435 906 2507 sitientem,
923 2451 979 2512 ap-

183 2530 315 2606 plicuit;
331 2531 466 2609 illisque
478 2532 822 2609 quadragintadiebus
832 2534 978 2611 quotidie

182 2627 398 2690 concionatus
408 2629 468 2702 est,
481 2645 548 2690 non
558 2629 631 2692 sine
644 2631 822 2692 multorum
835 2631 978 2692 admira-

183 2724 285 2786 tione.
301 2726 480 2788 Eratonim
501 2729 620 2788 natura
646 2727 873 2805 corpulentus,
894 2730 979 2790 etea

185 2838 286 2884 causa
301 2823 459 2900 perpetuo
470 2823 643 2886 laborabat
661 2825 872 2887 incommoda
886 2826 979 2887 vale-

183 2919 299 2982 tudine
316 2941 323 2980 ε
339 2921 485 2982 attamen
497 2936 565 2998 praa
573 2919 773 2998 infatigabili
790 2922 978 2984 animarum

184 3017 267 3088 zelo,
297 3017 525 3094 praedicando,
551 3017 717 3090 docendo,
748 3018 978 3082 confessiones

184 3113 415 3188 auscultando,
437 3115 621 3192 saepissime
638 3132 746 3193 usque
764 3116 805 3178 ad
822 3117 904 3178 solis
919 3133 979 3178 oc-

185 3209 343 3284 cubitum,
354 3213 490 3289 jejunus
506 3211 731 3290 permanebat.

464 3407 601 3469 CAPUT
626 3409 699 3469 XII.

185 3549 347 3609 Diabolus
360 3549 478 3610 cirum
491 3550 651 3611 sanctum
665 3551 862 3624 praefocare
875 3565 979 3613 corto-

226 3645 296 3718 την,
312 3645 614 3718 frequentissimos
628 3650 673 3709 cd
686 3650 778 3710 titius
791 3661 979 3710 concursus

1034 1945 1232 2008 sitibundos.
1247 1947 1417 2009 Conilrrxit
1438 1950 1548 2010 autem
1573 1963 1613 2010 eo
1635 1964 1678 2011 ex
1706 1950 1826 2012 vicinis

1032 2043 1181 2114 urbibus,
1198 2046 1329 2117 castris,
1347 2046 1452 2122 pagis,
1467 2047 1642 2108 innumera
1655 2062 1756 2124 prope
1771 2047 1828 2108 ho-

1033 2142 1159 2202 minum
1183 2142 1370 2211 multitudo,
1398 2143 1540 2205 salutem
1565 2159 1659 2205 suam
1676 2145 1711 2205 in
1734 2143 1828 2206 illius

1033 2237 1195 2311 doctrina,
1221 2255 1278 2316 spe
1303 2255 1369 2300 non
1382 2240 1481 2302 dubia
1502 2241 1680 2302 collocans.
1699 2244 1827 2318 Surge-

1032 2335 1113 2399 bant
1138 2337 1333 2414 intempesta
1358 2339 1466 2410 nocte,
1490 2339 1605 2400 etalii
1629 2339 1714 2400 alios
1740 2339 1829 2401 nite-

1032 2430 1154 2496 bantur
1174 2433 1395 2504 antevertere,
1412 2435 1629 2512 accensisque
1646 2435 1828 2496 luminari·

1032 2528 1105 2604 bus,
1118 2530 1160 2590 ad
1170 2531 1290 2604 locum,
1307 2530 1363 2592 ubi
1376 2533 1449 2593 erat
1464 2531 1613 2594 facturus
1623 2531 1759 2593 verbum
1769 2532 1829 2593 Vir

1033 2625 1103 2697 Dei,
1121 2641 1250 2686 summa
1264 2627 1475 2688 contentione
1496 2625 1729 2704 properabant.
1749 2629 1830 2689 Cer-

1034 2738 1114 2784 nere
1137 2723 1208 2784 illic
1235 2725 1307 2786 arat
1325 2723 1462 2793 milites,
1489 2725 1659 2786 matronas
1686 2725 1827 2797 nobiles,
1861 2749 1869 2755 ·

1034 2820 1154 2882 mediis
1174 2822 1282 2884 noctis
1299 2822 1447 2884 tenebris
1462 2817 1642 2884 adcurrer'e
1656 2844 1663 2884 :
1677 2825 1710 2884 et
1724 2823 1836 2900 quiin

1034 2917 1171 2980 multam
1195 2919 1302 2980 lucem
1323 2919 1416 2996 prius
1447 2921 1587 2982 stertere
1616 2921 1827 2992 consuerant,

1034 3015 1159 3093 absque
1174 3017 1242 3078 ullo
1255 3017 1354 3080 taedio
1365 3016 1418 3078 vel
1439 3017 1591 3094 molestia
1607 3017 1828 3080 concionatu-

1034 3129 1107 3174 rum
1131 3113 1251 3190 vigiles
1273 3115 1461 3191 expectare.
1487 3114 1702 3191 Deponebant
1716 3118 1828 3177 autem

1034 3227 1149 3273 omnes
1162 3212 1337 3274 cultiorem
1354 3211 1517 3284 habitum,
1534 3216 1568 3274 et
1585 3228 1658 3290 quae
1673 3213 1715 3274 ad
1728 3229 1830 3275 orna-

1034 3313 1103 3374 tum
1114 3313 1265 3389 spectare
1275 3311 1488 3386 videbantur;
1504 3313 1746 3390 utebanturque
1758 3328 1830 3374 ves·

1033 3409 1122 3471 tibus
1144 3409 1324 3486 religiosis.
1351 3411 1426 3487 lpse
1450 3426 1580 3488 quoque
1603 3411 1743 3473 antistes
1763 3413 1830 3472 Pa-

1033 3506 1174 3580 duanus,
1192 3523 1266 3568 cum
1282 3507 1372 3569 clero
1394 3523 1466 3579 suo,
1486 3509 1604 3569 Virum
1626 3509 1686 3568 Dei
1711 3507 1829 3570 devote

1034 3619 1188 3682 sequens,
1205 3603 1377 3681 formaque
1391 3604 1485 3680 gregi
1498 3620 1558 3666 suo
1569 3605 1676 3666 iactus
1689 3621 1731 3666 ex
1748 3605 1827 3665 ani-

1034 3699 1830 3780 mo(2)‚omnessuoegregiaebumilitatisexem·

226 3741 438 3803 mimum·
1034 3798 1100 3876 plo,
1117 3799 1157 3859 ad
1173 3799 1330 3860 accurate
1341 3797 1575 3860 oscultandum
1587 3799 1750 3860 incitavit.
1766 3803 1829 3861 lta·

225 3888 388 3953 Viditboo
401 3891 434 3953 et
444 3890 565 3954 invidit
575 3891 741 3969 malignus
755 3894 896 3968 daemon,
908 3911 980 3971 per·
1035 3911 1098 3972 que
1107 3895 1181 3957 viro
1190 3895 1249 3956 Dei
1261 3895 1528 3972 loquente,tanto
1539 3895 1581 3958 ab
1597 3896 1749 3957 omnibus
1762 3900 1828 3960 stu·
1884 3889 1886 3894 ’
1936 3905 1944 3912 “

187 3988 305 4064 petuus
326 3987 488 4050 bonorum
512 3990 697 4053 studiorum
719 3991 824 4055 bostis
853 4013 860 4052 :
890 3995 924 4054 et
944 3995 980 4055 ut
1034 3993 1090 4055 dio
1105 3991 1346 4064 attendebatur,
1361 3993 1397 4055 ut
1411 3993 1446 4053 in
1461 3993 1607 4070 trigenta
1626 3995 1679 4056 vel
1695 4009 1734 4056 eo
1750 4011 1826 4058 am-

81 4107 86 4118 ·
186 4085 295 4146 virum
314 4087 464 4148 sanctum
489 4091 771 4166 asuoprcposito
785 4089 976 4161 deterreret,
1035 4090 1123 4168 plius
1139 4089 1310 4152 hominum
1332 4089 1491 4163 millibus,
1517 4092 1575 4153 vix
1598 4107 1749 4154 murmur
1770 4093 1829 4154 ali·
1947 4141 1949 4146 .

186 4183 359 4244 nocturnis
373 4175 585 4246 illusionibus
601 4185 743 4248 infestus
765 4188 796 4248 ei
810 4186 882 4249 tuit.
898 4190 978 4250 Rem
1035 4189 1354 4266 quodautstrepitus
1366 4189 1558 4252 sentiretur.
1569 4188 1738 4251 Tabernas
1749 4207 1828 4253 suas

186 4293 253 4339 non
274 4281 533 4343 commentitiam
555 4282 675 4356 refero,
701 4300 800 4361 quam
828 4285 899 4362 ipse
928 4285 980 4347 vir
1035 4285 1237 4348 mercatores
1263 4301 1330 4348 non
1349 4286 1506 4348 volebant
1532 4289 1645 4364 patere
1673 4289 1828 4366 cuiquam

186 4375 245 4436 Dei
262 4391 338 4438 oum
359 4377 467 4439 adhuc
489 4379 617 4443 viveret
636 4381 767 4443 cuidam
790 4381 885 4444 tratri
900 4397 981 4443 nar·
1035 4383 1077 4446 ad
1091 4383 1249 4446 emendas
1266 4399 1405 4454 merces,
1431 4385 1497 4446 nisi
1512 4385 1605 4461 prius
1630 4386 1736 4448 sancti
1756 4387 1827 4447 Viri

185 4473 284 4535 ravit.
297 4475 403 4537 Nocte
418 4475 561 4552 quadam
577 4493 681 4540 sacrae
697 4479 978 4555 Quadragesimae,
1035 4481 1194 4544 concione
1210 4481 1372 4553 absoluta,
1387 4482 1470 4544 adeo
1485 4482 1657 4544 fervebant
1671 4483 1762 4544 illius
1773 4499 1831 4544 au·

184 4570 221 4630 in
236 4571 374 4632 exordio
390 4587 517 4640 earum,
534 4589 616 4650 quas
636 4575 781 4638 diximus
802 4578 911 4638 virum
920 4578 980 4638 Dei
1036 4579 1148 4640 diendi
1162 4579 1339 4641 desiderio.
1354 4579 1514 4640 Foeminae
1529 4597 1572 4640 ex
1586 4580 1707 4656 pietate
1722 4581 1755 4640 et
1765 4580 1828 4641 de-

183 4667 265 4728 tuno
276 4669 462 4745 suscepisse
473 4671 743 4748 occupationum,
760 4673 847 4736 iessa
861 4674 981 4736 labori·
1035 4677 1169 4738 votione
1198 4676 1422 4753 praecidebant
1450 4675 1621 4738 forficibus
1648 4677 1829 4754 particulas

185 4762 249 4824 bus
262 4764 420 4839 membra,
438 4769 546 4828 somni
558 4767 721 4831 beneficio
742 4771 895 4832 nonnihil
920 4788 980 4834 re·
1036 4774 1180 4836 etunica
1194 4777 1278 4851 ejus,
1295 4789 1355 4850 pro
1370 4773 1522 4850 reliquiis
1537 4788 1594 4834 eas
1607 4773 1783 4846 habiturae,
1798 4777 1831 4838 et

186 4875 303 4922 creare
317 4862 459 4926 volebat.
479 4867 564 4926 Ecce
587 4867 697 4928 autem
712 4867 862 4944 impurus
878 4871 980 4931 Satan
1036 4871 1090 4932 cui
1104 4869 1246 4933 dabatur
1257 4871 1451 4947 contingere
1459 4869 1624 4932 fimbriam
1638 4872 1839 4934 vestimenti·

186 4957 292 5030 adest,
302 4959 553 5024 ethominisDei
561 4964 684 5039 guttur,
693 4965 823 5026 tantari
832 4967 980 5043 compri-
1036 4971 1120 5045 ejus,
1135 4967 1164 5029 is
1187 4967 1321 5030 beatum
1345 4983 1381 5028 se
1403 4967 1638 5030 arbitrabatur.
1665 4971 1839 5032 Concione

186 5055 258 5127 mit,
273 5058 311 5117 ut
323 5057 387 5118 nisi
403 5056 562 5120 divinitus
574 5061 762 5123 retardatus
773 5064 871 5136 esset,
893 5063 981 5126 baud
1036 5067 1184 5144 peracta,
1196 5065 1238 5127 ab
1250 5065 1421 5128 hominum
1442 5065 1640 5127 irruentium
1650 5067 1684 5128 vi
1699 5067 1832 5130 delendi

185 5151 631 5232 dubiosumpraeiooaturus
648 5157 759 5220 tuerit.
777 5160 982 5224 Atillebea·
1036 5163 1095 5224 vix
1120 5162 1241 5240 potuit3
1280 5162 1349 5223 nisi
1377 5161 1513 5224 fortium
1540 5164 1689 5225 virorum
1716 5167 1830 5242 septus

185 5249 980 5330 tissimaamatrisDeinomeninvooansetfronti
1037 5259 1214 5337 praesidiis,
1240 5259 1292 5320 vel
1319 5259 1406 5335 fugae
1433 5260 1692 5336 oportunitatem
1709 5261 1832 5322 callide

92 5415 98 5426 ,
188 5363 257 5408 suae
286 5347 430 5410 viviticat
463 5352 579 5414 Crucis
606 5353 738 5428 signum
767 5355 980 5432 imprimens3
1037 5357 1238 5434 exploraret,
1255 5356 1308 5418 vel
1323 5356 1574 5420 turbistandem
1586 5357 1830 5425 recedentibus,

187 5443 352 5520 simulque
369 5445 565 5524 depromens
577 5450 734 5528 hymnum
751 5452 855 5526 illum,
873 5456 984 5529 Octo·
1037 5455 1121 5516 citra
1136 5454 1322 5516 molestiam
1334 5453 1398 5532 ipsi
1415 5471 1545 5534 quoque
1561 5453 1653 5516 abire
1665 5455 1789 5516 liceret.

226 5548 267 5621 (l)
288 5549 315 5606 ll
334 5550 409 5621 Cor,
423 5565 461 5622 vr,
477 5552 504 5608 2.
1075 5557 1116 5632 (i)
1137 5559 1248 5628 lPetr.,
1264 5574 1293 5629 v,
1310 5559 1336 5616 5.

334 5697 448 5742 aimon.
467 5701 539 5745 roua
555 5689 602 5747 vl.
700 5739 709 5754 .
1622 5693 1655 5750 ll
1751 5717 1764 5724 -
