4152 6388
71 265 146 328 aaa
619 223 728 326 rias
749 264 893 326 aalma.
910 293 951 310 -
964 261 1194 326 arlsnonmr
1668 266 1730 326 aec

72 424 158 486 tera
180 421 359 494 anmoins,
388 437 462 500 quea
494 422 665 486 continent
690 423 792 486 verba
818 439 879 486 sua
935 425 1107 497 ministris,
1133 425 1191 503 qui
1219 424 1382 504 posteum
1409 424 1518 496 erunt,
1544 423 1578 486 et
1598 423 1730 487 caeteris

74 521 215 582 sancta.
247 521 426 596 Propterea
464 535 582 582 moneo
617 537 732 586 omues
760 521 879 584 fratres
935 522 1127 584 custodibus
1136 524 1168 584 et
1179 522 1386 598 guardinam,
1401 521 1456 598 qui
1472 524 1559 594 sunt,
1572 523 1606 584 et
1618 524 1727 595 erunt,

74 635 190 690 meos,
206 618 239 679 et
252 618 288 678 in
303 617 433 679 Christo
449 617 610 690 conforto,
628 621 790 696 quatenus
807 618 882 680 ubi-
937 621 973 680 ut
984 619 1047 679 boc
1062 618 1221 696 seriptum
1234 619 1389 690 habeant,
1404 620 1595 694 operentur,
1609 621 1642 680 oi
1658 620 1731 681 siu-

76 730 229 792 cumque
254 714 445 776 invenerint
472 714 586 776 divina
615 715 717 776 verba
745 717 879 794 scripta,
937 716 1029 776 diose
1064 717 1235 792 reponant.
1266 717 1305 778 ili
1327 731 1429 777 exoro
1457 717 1559 792 ipsos
1587 717 1623 777 ut
1657 734 1730 794 quae

77 813 175 874 siout
187 815 337 889 possunt,
354 814 576 887 venerantum
606 813 639 874 et
658 815 818 890 quantum
840 812 880 874 ad
938 813 1061 890 scripta
1072 816 1149 876 sunt
1162 813 1195 874 in
1204 828 1255 884 ee,
1270 813 1412 876 sollicite
1425 813 1549 876 iaciant
1557 814 1729 886 custodiri,

77 925 142 972 eos
160 909 298 986 spectat,
319 908 348 968 si
367 924 434 970 non
454 909 530 970 sunt
550 910 695 986 reposita
713 909 809 978 bene,
827 909 881 970 vei
937 925 976 971 ac
1000 909 1193 988 diligentius
1209 909 1391 972 observari.
1406 913 1445 972 Et
1464 912 1644 972 secundum
1667 912 1731 974 be-

76 1007 262 1068 inboneste
274 1006 561 1084 jacereutinloco
582 1006 694 1084 aliquo
717 1007 879 1084 dispersa,
937 1007 1138 1085 nsplacitum
1149 1006 1384 1084 omnipotentis
1395 1009 1465 1076 Dei,
1476 1025 1576 1074 nunc,
1588 1025 1730 1088 semper,

76 1103 294 1180 recolligant,
312 1105 345 1166 et
359 1104 534 1181 reponant,
551 1104 754 1166 honorantes
768 1105 804 1165 in
815 1119 883 1166 ser·
937 1105 1042 1166 donoc
1066 1105 1168 1167 luerit
1191 1105 1334 1166 mundus
1358 1105 1431 1176 iste,
1451 1105 1693 1168 benedictinos
1711 1123 1732 1170 a

77 1201 241 1264 monibus
262 1202 449 1274 Dominum,
467 1203 524 1279 qui
545 1202 676 1264 locutus
697 1203 758 1264 est.
777 1203 882 1264 Multa
937 1203 1089 1274 Domino,
1119 1203 1176 1280 qui
1199 1200 1347 1264 feceritis
1371 1202 1452 1276 ista;
1469 1203 1502 1264 et
1517 1203 1554 1263 iu
1572 1205 1732 1266 aeternum

79 1300 177 1362 onim
198 1299 450 1362 sanctificantur
464 1314 524 1375 per
545 1299 646 1362 verba
668 1301 739 1372 Dei,
756 1301 790 1361 et
810 1299 882 1360 vir-
938 1301 1097 1362 Dominus
1112 1299 1156 1362 sit
1169 1299 1351 1362 vobiscum.
1367 1302 1483 1362 Amen.

80 1397 156 1459 tute
171 1396 349 1458 verborum
362 1397 485 1458 Christi
499 1397 615 1458 altaris
635 1397 813 1460 coniicitur
828 1412 885 1458 sa-

82 1495 306 1556 cramentum.
334 1495 500 1558 Goniiteor
514 1495 677 1571 praeterea
692 1497 760 1556 Deo
778 1494 881 1566 Patri,
1188 1521 1392 1582 EPISTOLA
1405 1521 1478 1581 XII·

83 1594 119 1654 et
134 1592 234 1664 Filio,
251 1591 284 1652 et
297 1591 436 1669 Spiritui
452 1593 585 1664 Sancte,
602 1593 635 1654 et
648 1592 754 1654 beatae
767 1592 883 1654 Maria
1399 1655 1405 1668 ,

83 1689 257 1766 perpetuae
285 1689 427 1764 Virgini,
455 1689 489 1750 ot
515 1688 668 1750 omnibus
695 1689 819 1750 sanctis
848 1687 885 1748 in
1064 1656 1116 1716 Ad
1131 1653 1327 1716 Saoer‘mes
1343 1654 1447 1715 ‘mus
1463 1655 1611 1715 ordinis·

84 1787 183 1858 coelo,
195 1786 229 1848 et
241 1786 275 1846 in
288 1789 391 1857 terra,
405 1786 439 1848 et
452 1787 605 1862 generali
619 1787 773 1847 ministro
783 1785 884 1863 hujus
940 1781 1083 1841 Fratribus
1099 1783 1170 1852 suis,
1191 1782 1242 1840 sed
1264 1778 1406 1856 praecipue
1429 1783 1635 1854 sacerdotibus,
1651 1799 1730 1842 sum-

86 1884 263 1960 refigionis
284 1886 419 1955 nom,
440 1884 526 1945 sicut
546 1881 731 1946 venerabili
750 1883 884 1944 domino
974 1886 1054 1930 mum
1064 1871 1251 1930 Eucharistiae
1261 1870 1400 1929 bonorem
1410 1879 1439 1930 et
1447 1873 1636 1930 reverentiam
1650 1888 1731 1930 com·

86 1998 174 2054 meo,
190 1982 224 2043 et
242 1981 395 2042 omnibus
411 1980 639 2042 sacerdotibus
650 1979 785 2042 Ordinis
802 1996 883 2041 nos·
974 1959 1105 2061 mendi&
1136 1961 1332 2034 1111019311Πῆ
1362 1960 1465 2034 (11111118
1490 1959 1519 2018 id
1547 1961 1732 2034 i⁰ffl¹¹⁰d⁰⁸¹s

88 2079 146 2149 tri,
175 2078 209 2140 et
232 2077 385 2140 omnibus
411 2079 489 2139 aliis
507 2077 666 2140 iratribus
686 2079 767 2140 meis
782 2078 886 2138 bone-
976 2055 1108 2122 pf⁰p⁰¹¹¹¹
1121 2049 1173 2119 m·

86 2177 197 2248 dictis,
214 2177 326 2238 omnia
341 2177 477 2252 peccata
494 2191 579 2238 mea.
597 2178 634 2236 In
652 2175 885 2237 multisoilen-
980 2177 1017 2236 ln
1034 2175 1169 2237 nomine
1190 2177 1314 2237 sanctae
1340 2175 1513 2237 Trinitatis
1537 2176 1570 2237 ot
1596 2193 1733 2240 summm
1794 2205 1799 2228 ι

85 2275 204 2336 dimea
216 2275 311 2351 gravi
326 2274 433 2350 culpa,
451 2273 643 2351 specialiter
657 2273 743 2350 quod
766 2275 883 2348 Regu·
941 2273 1089 2345 unitatiS,
1113 2273 1223 2335 Patris
1235 2274 1268 2335 et
1280 2273 1369 2346 Filii,
1393 2276 1427 2335 ot
1442 2273 1587 2350 Spiritus
1606 2274 1731 2346 Sancti,

86 2372 166 2444 lam,
183 2387 281 2449 quam
307 2370 448 2434 Domino
468 2370 617 2447 promisi,
646 2385 713 2431 non
737 2371 882 2443 servavi,
939 2385 1049 2432 amen.

87 2485 150 2532 nec
165 2469 322 2543 cilicium,
345 2467 432 2530 sicut
456 2469 583 2544 Regula
607 2468 775 2544 praecepit,
799 2468 881 2540 dixi,
980 2466 1185 2530 Reverendis
1208 2467 1242 2528 et
1262 2467 1401 2528 multum
1421 2467 1599 2544 diligendis
1618 2465 1734 2529 iratri-

89 2567 161 2629 sive
174 2567 390 2643 negligentia,
407 2567 479 2626 sive
494 2564 698 2627 infirmitatis
721 2580 802 2627 meae
826 2581 885 2628 oc-
939 2563 1001 2626 bus
1029 2564 1211 2647 universis,
1239 2564 1390 2640 generali
1416 2564 1570 2626 ministro
1599 2565 1733 2630 Ordinis

88 2665 236 2737 cesione,
261 2664 332 2728 sivo
361 2663 439 2740 quia
459 2663 617 2740 ignorans
633 2678 704 2724 sum
721 2662 882 2726 atidiota.
939 2662 1106 2724 Minorum
1129 2661 1263 2722 domino
1284 2677 1356 2732 suo,
1378 2663 1411 2724 et
1425 2661 1554 2723 caeteris
1570 2662 1733 2724 ministris

90 2762 232 2839 Ideoque
249 2777 308 2838 per
331 2761 443 2823 omnia
466 2776 537 2833 oro,
563 2761 649 2822 sicut
663 2776 808 2836 possum,
825 2776 886 2836 ge-
939 2759 1165 2836 genaralibua
1183 2759 1239 2838 qul
1261 2760 1335 2836 post
1356 2774 1431 2820 eum
1447 2761 1555 2831 erunt,
1572 2763 1604 2821 et
1620 2761 1733 2821 omni-

89 2860 237 2922 neralom
253 2858 422 2920 dominum
438 2874 547 2919 meum
563 2857 763 2928 ministrum,
786 2859 822 2919 ut
833 2857 885 2919 ia·
938 2857 999 2918 bus
1011 2857 1185 2929 ministris
1197 2856 1230 2918 et
1239 2855 1442 2929 custodibus,
1459 2858 1493 2918 et
1506 2857 1733 2920 sacerdotibus

87 2957 156 3018 ciat
183 2956 344 3033 Regulam
369 2954 411 3018 ab
442 2955 595 3017 omnibus
622 2954 823 3018 observari:
852 2956 886 3017 et
940 2954 1159 3016 fraternitatis
1182 2953 1349 3031 ejusdem,
1374 2954 1409 3014 in
1437 2955 1568 3018 Christo
1597 2955 1734 3016 humili-

85 3053 204 3117 clerici
228 3054 340 3115 dicant
366 3052 512 3115 cilicium
531 3068 606 3114 cum
630 3052 806 3115 devotione
825 3069 884 3114 co-
939 3051 1012 3124 bus,
1036 3053 1069 3114 at
1087 3051 1241 3113 omnibus
1262 3051 1468 3128 simplicibus
1491 3055 1524 3114 et
1549 3052 1735 3114 obedionti-

88 3167 163 3214 ram
187 3154 266 3220 Deo,
292 3153 328 3214 ut
353 3151 482 3228 possint
501 3165 561 3227 por
586 3150 747 3214 unitatem
765 3150 884 3212 mentis
939 3149 1012 3222 bus,
1027 3149 1144 3226 primis
1159 3149 1193 3210 et
1203 3148 1394 3210 novissimis
1403 3148 1506 3212 irater
1519 3151 1731 3222 Franciscus,

88 3251 224 3327 placore
248 3251 325 3336 Deo,¹
342 3251 376 3310 et
398 3264 465 3309 non
489 3265 563 3310 cum
586 3247 773 3310 lascivitate
793 3248 884 3310 vocis
940 3245 1341 3324 bomoviiisetcaducus,
1354 3249 1732 3325 resterparvusserrus,

88 3361 189 3408 aures
201 3347 313 3423 populi
326 3344 532 3421 demulcere;
549 3346 582 3407 et
597 3361 663 3407 non
677 3345 884 3407 attendentes
940 3345 1080 3406 salutem
1103 3345 1139 3404 in
1163 3360 1203 3406 oo
1222 3345 1280 3422 qui
1298 3344 1449 3418 redemit,
1472 3346 1506 3406 ot
1524 3345 1606 3407 lavit
1620 3363 1680 3408 nos
1696 3347 1730 3408 in

87 3444 265 3506 melodiam
280 3444 383 3514 vocis,
400 3443 458 3503 sed
475 3444 727 3506 consonantiam
749 3444 883 3516 mentia,
939 3443 1103 3518 sanguiue
1125 3457 1196 3514 suc,
1213 3442 1373 3504 Dominus
1390 3445 1489 3505 Jesus
1511 3444 1662 3505 Christus
1678 3445 1733 3506 al-

89 3545 128 3602 ut
141 3557 206 3603 vox
222 3539 400 3602 concordet
412 3540 526 3614 menti,
541 3556 635 3602 mens
650 3555 730 3603 roro
745 3556 885 3602 concor-
939 3540 1088 3602 tissimus
1102 3540 1220 3614 Filius,
1238 3554 1359 3602 nomen
1370 3540 1433 3610 illi,
1447 3540 1504 3617 qui
1515 3542 1565 3604 est
1575 3541 1732 3604 benedic-

88 3636 145 3698 det
171 3638 249 3698 Deo.
267 3638 334 3712 ligo
351 3635 440 3697 enim
467 3635 623 3712 promitto
649 3634 721 3696 baee
745 3635 886 3697 tirmiter
939 3637 1188 3700 tusinsaecula.
1203 3639 1320 3698 Arnon

89 3732 267 3804 custodire,
277 3733 370 3794 sicut
384 3731 514 3794 dederit
526 3731 608 3793 mibi
618 3732 760 3808 gratiam
773 3734 882 3793 Deus:
979 3733 1099 3797 Audite
1111 3734 1248 3806 domini,
1264 3734 1338 3806 iiiii,
1352 3733 1385 3794 et
1406 3732 1526 3796 iratres
1541 3735 1619 3809 mei,
1637 3736 1731 3798 auri-

88 3831 163 3892 baec
174 3829 343 3902 iratribus,
360 3830 417 3907 qui
429 3844 558 3890 mecum
573 3831 661 3900 sunt,
677 3828 884 3891 observanda
938 3831 1001 3894 bus
1021 3831 1182 3908 percipite
1205 3829 1307 3893 rerba
1331 3845 1416 3892 mea.
1442 3831 1603 3894 inclinate
1629 3849 1731 3896 aures

86 3926 217 3990 tradam
226 3927 262 3988 in
275 3927 397 4000 cilicie,
407 3927 440 3988 et
450 3926 582 3988 caeteris
594 3925 671 3988 aliis
680 3926 880 3988 constitutis.
939 3927 1051 3991 cordis
1065 3927 1180 3996 vestri,
1194 3929 1228 3988 et
1242 3925 1372 3988 obedite
1384 3927 1459 3988 roci
1473 3927 1552 3988 iiiiii
1567 3929 1638 3990 Dei.
1650 3932 1732 3992 Ser-

89 4025 293 4102 Quicumque
317 4025 428 4087 autom
454 4023 595 4086 fratrum
615 4024 687 4086 bano
705 4023 885 4086 observare
938 4025 1061 4088 vateiu
1081 4025 1150 4086 toto
1174 4023 1274 4086 corde
1300 4025 1411 4086 vestro
1435 4024 1590 4087 mandata
1613 4029 1686 4104 ejus
1701 4031 1735 4090 et

90 4123 270 4194 noluerint,
295 4137 362 4184 non
390 4124 487 4184 teneo
511 4137 568 4182 eos
601 4121 794 4194 catholicos,
822 4137 884 4184 nec
939 4123 1165 4200 eonciliaejus
1180 4121 1327 4198 perlecta
1337 4122 1446 4184 mente
1464 4122 1735 4200 impletecond-

90 4218 211 4282 iratres
223 4234 330 4296 meos3
346 4218 424 4281 nolo
447 4219 548 4280 otiam
571 4218 662 4298 ipsos
677 4219 802 4292 vidoro,
820 4235 883 4281 nac
938 4221 1055 4283 temini
1071 4219 1112 4292 ei,
1130 4220 1289 4297 quoniam
1308 4219 1426 4294 bonus
1443 4221 1476 4282 et
1490 4221 1637 4285 exaltate
1658 4239 1733 4288 eum

89 4316 192 4394 loqui,
204 4317 310 4378 donec
322 4315 552 4393 poenitentiam
564 4317 704 4394 egerint.
721 4319 792 4378 Hoc
808 4317 883 4378 dico
938 4319 974 4379 in
984 4316 1140 4395 operibus
1155 4318 1287 4381 vestris.
1300 4321 1481 4396 Tamquam
1497 4318 1575 4380 liliis
1588 4337 1624 4382 se
1637 4321 1732 4384 nobis

88 4413 130 4476 de
145 4413 296 4476 omnibus
312 4413 398 4485 aliis,
411 4414 468 4491 qui
479 4413 631 4489 vagando
644 4413 780 4486 radunt,
795 4416 884 4491 post·
939 4415 1314 4478 offertDomimusDeus.
1325 4417 1732 4495 Deprecoritaqueomnes

90 4510 198 4588 posita
217 4511 353 4588 Regulae
375 4509 552 4587 disciplina
568 4532 576 4572 ε
594 4511 751 4588 quoniam
770 4512 884 4574 Domi·
939 4513 1058 4584 iratres
1080 4529 1155 4574 cum
1175 4512 1289 4574 osculo
1303 4513 1434 4589 pedum,
1449 4514 1482 4574 et
1503 4530 1577 4574 cum
1593 4517 1732 4579 caritate

89 4625 153 4670 nus
168 4609 281 4670 nostor
294 4611 391 4671 Jesus
406 4608 559 4669 Christus
570 4608 661 4669 dedit
675 4609 777 4672 vitam
788 4625 882 4670 suam
938 4627 1003 4688 qua
1018 4625 1162 4687 possum,
1175 4612 1211 4672 ut
1223 4625 1354 4670 ornnem
1368 4611 1602 4682 reverentiam,
1619 4614 1653 4674 et
1664 4629 1732 4674 om·

88 4721 132 4768 ne
146 4705 298 4784 perderet
310 4705 515 4768 sanctissimi
530 4705 639 4768 Patris
648 4705 881 4769 obedientiam.
938 4724 1013 4770 nem
1043 4708 1214 4780 bonorem,
1238 4708 1539 4784 quantumcumque
1565 4709 1728 4784 poteritis,

90 4807 158 4880 Ego
168 4803 479 4866 iraterFranciscus
492 4802 688 4874 bomoviiis,
698 4806 730 4864 et
746 4802 883 4880 indigna
938 4804 1124 4868 exhibeatis
1146 4805 1278 4880 corpori
1293 4805 1326 4866 et
1338 4804 1493 4880 sanguini
1513 4807 1643 4867 Domini
1657 4824 1731 4870 nos·

90 4901 243 4963 creatura
270 4899 402 4962 Domini
429 4899 500 4972 Dei,
526 4899 600 4961 dico
626 4915 685 4977 per
708 4901 882 4963 Dominum
937 4903 981 4964 tri
992 4905 1073 4966 lesu
1087 4902 1222 4973 Christi,
1235 4901 1356 4978 inque,
1369 4917 1443 4978 quar
1456 4901 1491 4962 in
1505 4903 1599 4964 coelis
1611 4907 1644 4968 et
1655 4923 1729 4983 quae

88 5004 202 5064 lesum
228 4999 395 5060 Christum
421 4998 570 5076 generali
601 4998 753 5060 ministro
780 4999 882 5060 totius
936 5001 972 5062 in
988 4997 1418 5076 terrissuntpaoinoaiaet
1432 5001 1648 5064 reconciliata
1663 5021 1730 5066 om·

89 5096 263 5174 religionis
283 5097 418 5167 nostrae,
444 5099 477 5157 ei
499 5094 653 5156 omuibus
668 5096 882 5173 generalibus
937 5097 1288 5176 nipotentiDeo.Rogo
1301 5095 1402 5158 etiam
1414 5097 1598 5161 inDomluo
1612 5117 1728 5165 omnes

125 5245 165 5318 (i)
181 5245 262 5328 lianc
277 5243 432 5328 Epistolnm
452 5241 558 5301 babent
569 5245 759 5328 communiter
770 5260 880 5303 ornnes.
937 5245 984 5304 lib.
998 5247 1025 5314 Ξ,
1039 5261 1102 5318 cap.
1117 5243 1166 5315 ii3
1177 5241 1347 5329 ‘liebolledm
1363 5243 1411 5302 lib.
1426 5245 1454 5315 Ξ,
1467 5261 1531 5318 cap.
1547 5247 1596 5318 ic;
1608 5257 1636 5306 et
1649 5259 1725 5309 uter-

91 5319 210 5375 Pisaocs
233 5314 304 5397 libro
346 5329 418 5371 rimo
441 5315 881 5389 donf.li‚spars1mperpiura
937 5332 992 5389 que
1009 5317 1100 5374 codex
1120 5319 1210 5373 Assrs.
1232 5316 1302 5372 Sunt
1327 5323 1422 5373 lamen
1437 5332 1472 5374 ex
1494 5319 1549 5386 bis,
1588 5321 1728 5392 uiputant

89 5388 191 5471 capita.
217 5388 308 5442 Frrm.
323 5331 344 5443 f
353 5393 435 5459 part,
457 5383 504 5443 iol.
522 5388 566 5444 ii.
589 5387 712 5468 Menum.
736 5389 883 5471 utriusque
937 5395 1070 5470 scriptam
1088 5385 1176 5444 fuisso
1197 5387 1281 5444 alicui
1299 5389 1526 5472 congregationi.
1540 5333 1586 5447 req
1603 5394 1727 5464 capitulo

90 5457 404 5585 ‘attia-“itini
417 5455 583 5585 iiiiii
598 5456 880 5600 'iitiiiitii
937 5457 1742 5594 iilitittUiiiiiiiimqdbiitl'diiiriiiilii·

90 5545 221 5666 ¹lllliliertoa,
239 5570 312 5656 libro
326 5596 462 5666 meando,
478 5611 542 5670 cap.
564 5571 595 5668 7⁹3
609 5599 790 5669 Mutinensi
809 5572 881 5672 parts
937 5599 1144 5673 procedentem
1159 5607 1188 5656 et
1199 5599 1353 5658 lieboliedo
1364 5543 1439 5657 fiune
1454 5572 1584 5674 praiigit.
