4114 6396
325 303 402 367 10³1

324 458 516 541 redemptor
535 461 641 524 lsrael
661 463 796 524 sanetus
812 465 895 540 ejus,
910 462 951 524 ad
966 465 1116 524 contem·

324 562 471 639 ptibilem
487 559 646 633 animam,
661 559 702 620 ad
726 559 951 621 abominatam
973 561 1115 636 gentem,

323 658 366 719 ad
381 673 514 718 servum
527 657 773 718 dominorum».
788 657 940 717 Christus
951 671 1031 731 ergo
1042 671 1118 716 con-

323 753 517 832 temptibilis
544 754 702 830 apparuit
730 754 766 813 in
792 768 916 825 carne;
942 755 975 815 ot
998 754 1117 815 merito

322 853 420 913 vocat
428 853 561 926 gentem
570 850 805 922 abominatam,
813 851 891 927 quia
904 853 922 912 J
925 867 984 911 esu
995 851 1116 912 christi

321 949 479 1010 recusant
497 948 683 1009 servitium.
712 947 751 1008 Et
771 946 857 1008 bene
881 948 962 1008 dicit
985 961 1116 1008 servum

321 1045 543 1115 dominorum,
568 1047 647 1121 quia
673 1045 751 1120 quot
777 1045 929 1105 homines
957 1047 1046 1115 sunt,
1069 1045 1119 1105 tot

322 1143 530 1203 dominorum
555 1157 591 1202 se
624 1141 704 1202 iecit
728 1155 878 1214 servum,
915 1142 971 1218 qui
1005 1144 1117 1202 tamen

321 1239 596 1300 illum-recusant.
621 1239 661 1298 Et
681 1238 772 1298 misit
785 1253 905 1314 aquam
924 1239 959 1297 in
981 1239 1115 1314 pelvim,

322 1337 357 1398 et
374 1337 458 1398 lavit
482 1335 599 1412 pedes.
625 1335 737 1396 Petris
763 1337 813 1396 ost
834 1351 893 1394 vas
922 1349 1115 1406 concavum,

322 1433 449 1495 habens
463 1432 563 1505 labia,
581 1434 674 1494 etest
689 1432 866 1503 tinnulum,
880 1433 914 1493 et
925 1447 1114 1508 repansum.

322 1533 434 1593 Pelvis
460 1532 512 1593 est
538 1546 596 1592 cor
621 1530 782 1601 hominis,
810 1529 897 1606 quod
924 1528 1021 1590 debet
1044 1544 1117 1590 esse

322 1630 418 1706 quasi
438 1643 621 1689 concavum
648 1642 706 1705 per
729 1626 951 1687 humilitatem
973 1627 1014 1688 ad
1029 1626 1118 1686 reei-

320 1725 475 1803 piendam
500 1741 620 1802 aquam
639 1724 776 1799 gratiae;
796 1723 964 1784 tinnulum
980 1739 1039 1799 per
1051 1739 1116 1798 ge-

322 1824 437 1884 mitum
458 1821 740 1898 compunctionis;
767 1820 891 1881 habere
917 1819 1017 1890 labia,
1039 1820 1117 1896 quia

320 1935 423 1982 sonus
446 1918 710 1994 compunctionis
735 1918 770 1976 iu
785 1933 844 1978 ore
858 1916 956 1979 debet
974 1933 1115 1992 sonare;

319 2018 353 2079 et
366 2031 441 2077 esse
459 2030 638 2092 repansum
652 2029 711 2090 per
726 2014 954 2076 dilatationem
966 2015 1116 2076 caritatis

321 2113 362 2174 ad
377 2116 493 2184 Deum,
510 2112 597 2173 etad
618 2111 818 2188 proximum.
836 2111 961 2172 Deinde
976 2112 1068 2179 lavit,
1085 2113 1117 2172 et

321 2209 420 2288 pedes
436 2210 550 2280 linteo,
573 2225 637 2286 quo
649 2209 722 2270 erat
740 2209 950 2284 praecinctus,
965 2209 1115 2272 extersit.

320 2307 383 2370 Sed
395 2307 474 2384 quid
490 2307 551 2380 est,
568 2305 654 2382 qnod
669 2309 755 2366 Deus
767 2307 907 2369 extersit
918 2305 1031 2378 linteo,
1042 2323 1116 2367 curu

318 2419 406 2482 aqua
429 2403 545 2466 sordes
568 2403 730 2464 ablueritt
744 2403 821 2464 ldeo
846 2403 923 2480 qnia
951 2403 1118 2465 inhaerent

319 2501 471 2579 quaedam
500 2501 616 2562 sordes
647 2500 797 2576 pedibus,
828 2517 901 2578 quae
936 2516 1022 2578 aqua
1049 2517 1116 2562 nou

318 2600 501 2660 diluuntur.
520 2597 575 2659 Sic
589 2597 740 2674 quaedam
760 2597 875 2658 sordes
891 2597 1114 2669 diluebantur,

320 2696 450 2758 scilicet
462 2695 567 2771 culpae
583 2710 643 2772 per
658 2695 907 2772 poenitentiam:
930 2695 988 2756 sed
1001 2695 1117 2757 sordes

319 2809 426 2871 poeuae
460 2809 526 2854 non
555 2794 709 2868 poterant
742 2793 873 2868 penitus
900 2793 1117 2854 mundissime

320 2891 415 2963 dilui,
432 2891 497 2950 nisi
511 2890 623 2951 carnis
646 2890 770 2952 Christi
786 2890 940 2967 passione
958 2891 1117 2967 tanquam

322 2989 425 3050 linteo
446 2989 673 3064 tergerentur;
698 2988 786 3048 unde
805 2987 867 3050 Job
883 2987 927 3066 (6,
943 2991 1008 3050 2et
1021 2989 1065 3066 3),
1082 2989 1117 3049 in

319 3101 461 3163 persona
478 3087 686 3156 Sanctorum,
704 3085 973 3164 quitenebantur
994 3087 1117 3162 captivi

321 3185 355 3242 in
369 3183 471 3244 limbo
485 3183 621 3253 inserui,
638 3181 723 3242 dixit
740 3198 781 3243 :c
797 3183 931 3243 Utinam
956 3183 1118 3259 appende-

320 3282 437 3340 rentur
451 3281 585 3354 peccata
605 3293 689 3348 mea,
707 3279 827 3354 quibus
842 3280 928 3340 iram
951 3280 1069 3348 merui,
1085 3283 1118 3342 et

320 3375 504 3445 calamitas,
535 3391 633 3451 quam
660 3375 780 3450 patior,
804 3376 838 3435 in
860 3377 995 3438 statera.
1017 3377 1117 3448 Quasi

323 3487 426 3534 arena
442 3472 545 3532 maris
557 3472 627 3532 haec
638 3474 774 3547 gravior
788 3475 966 3549 appareret
977 3491 1006 3534 a.
1023 3475 1118 3536 Unde

321 3571 403 3631 dicit
423 3570 604 3644 Gregorius
620 3568 668 3649 (1)
683 3591 691 3629 ε
709 3571 839 3632 Statera
861 3571 897 3630 in
923 3587 1023 3632 manu
1047 3575 1117 3633 Pa-

320 3669 382 3730 tris
397 3666 444 3746 (2)
461 3666 611 3727 Christus
628 3667 754 3727 habens
774 3667 903 3728 lancem
925 3669 1119 3731 misericor-

322 3765 396 3837 diae,
410 3767 443 3826 et
452 3765 594 3842 iustitiae
610 3785 617 3823 :
639 3763 890 3836 misericordiae,
907 3767 985 3842 qnia
998 3783 1120 3842 pecca-

320 3863 391 3924 tum
414 3876 474 3939 per
501 3861 767 3922 misericordiam
788 3861 919 3936 laxans,
949 3863 1022 3924 leve
1044 3879 1118 3926 esse

324 3958 655 4034 ostenditzjustitiae,
681 3958 758 4034 quia
788 3958 1012 4020 calamitatem
1041 3977 1117 4022 mo·

321 4056 437 4117 riendo
453 4053 565 4130 gravis
586 4069 659 4114 esse
677 4053 833 4130 ponderis
853 4055 1008 4118 ostendit.
1028 4059 1117 4118 San-

322 4153 378 4225 cti,
395 4152 559 4228 quierant
571 4151 606 4210 iu
619 4149 746 4222 Limbo,
767 4151 882 4214 sordes
892 4169 999 4228 poenaa
1015 4154 1120 4216 hahe-

321 4248 413 4318 bant,
443 4263 518 4324 quae
537 4261 603 4306 non
629 4247 841 4322 tergerentur
866 4249 933 4309 nisi
961 4252 1118 4326 passione

322 4345 457 4416 Christi,
482 4344 538 4420 qui
559 4344 651 4420 ipsos
672 4343 829 4406 liberavit
842 4344 883 4405 ab
902 4348 993 4407 omni
1008 4365 1117 4424 praua,

322 4441 524 4504 conterendo
549 4442 599 4502 eis
616 4440 803 4504 claritatem
819 4443 952 4504 aeternae
965 4445 1117 4507 visionis.

323 4539 418 4603 Unde
442 4539 593 4616 sequitur
612 4554 619 4599 :
638 4555 658 4598 tt
679 4539 807 4602 Etenim
832 4540 978 4604 firmavit
1005 4543 1118 4604 orbem

321 4641 433 4710 terrae,
449 4637 506 4714 qui
522 4651 587 4697 non
609 4636 870 4700 commovebitur
881 4655 909 4698 ».
925 4639 973 4700 hd
990 4641 1052 4702 hoo
1063 4642 1119 4702 la-

321 4736 371 4797 vit
399 4736 432 4796 et
457 4735 608 4804 extersit,
635 4735 672 4795 ut
693 4733 841 4796 firmaret
865 4736 977 4798 orbem
1006 4741 1117 4810 terrae,

322 4831 409 4894 idest
418 4845 553 4892 carnem
567 4830 726 4902 nostram,
744 4847 817 4907 quae
831 4831 1066 4895 orbiculariter
1080 4835 1120 4896 de

322 4931 412 4990 terra
426 4927 467 4989 ad
482 4929 606 4989 terram
619 4928 761 4989 vertitur
776 4929 948 4991 moriendo
963 4933 1122 4993 :extersit

323 5025 476 5086 omnibus
500 5024 706 5102 poeualitatis
725 5025 890 5099 sordibus,
911 5029 949 5088 ut
963 5027 1121 5091 intulero

361 5191 527 5268 (litteral,
544 5192 563 5248 l.
581 5193 643 5260 Vll,
660 5193 688 5248 in
701 5207 765 5266 cap.
779 5193 796 5250 1
808 5193 871 5262 lob,
889 5209 916 5251 n.
931 5195 957 5250 1.

361 5263 402 5333 (1)
419 5264 527 5320 statera
544 5263 572 5317 iu
590 5277 676 5320 mauu
699 5265 790 5321 Patris
807 5271 861 5321 etc.
884 5268 915 5322 ln
937 5264 1004 5322 edit.
1030 5268 1119 5326 Maur.

326 5333 428 5399 Paria,
445 5337 513 5386 tom.
540 5333 562 5398 l,
579 5331 633 5387 col.
660 5333 722 5400 111,
745 5335 787 5390 sic
804 5335 908 5416 legitur
923 5351 929 5391 :
944 5355 954 5384 ι
968 5337 1036 5404 Quis
1051 5339 1122 5395 alius

326 5413 440 5462 staterae
455 5401 581 5467 nomine,
596 5403 651 5457 nisi
665 5405 714 5459 Del
728 5412 756 5460 et
769 5404 916 5462 hommum
930 5407 1068 5466 Mediator
1077 5423 1123 5464 ex-

326 5471 477 5550 primitur?
492 5472 540 5542 qui
554 5471 589 5528 ad
603 5473 779 5550 pensandum
793 5475 858 5532 vite
873 5482 977 5533 nostre
990 5479 1120 5538 meritum

327 5543 414 5606 venit',
432 5557 466 5600 ac
486 5557 582 5598 secum
601 5543 740 5612 justitiam
755 5545 839 5602 simul
855 5553 883 5603 et
897 5547 1122 5606 misericordiam

327 5614 427 5674 detulit
449 5631 457 5671 :
479 5611 530 5670 sed
555 5611 757 5671 misericordia
781 5615 864 5672 lance
889 5617 1120 5691 preponderans,

752 305 784 363 S.
806 302 981 364 ANTONII
1009 303 1197 364 PADUANI
1226 303 1365 366 OPERA
1390 302 1536 365 OMNIA.

1896 301 1976 363 lota

1171 463 1312 524 ulterius
1333 479 1400 525 non
1420 461 1619 524 moveretur.
1641 459 1714 532 Vel,
1739 459 1899 530 vertitur,
1917 459 1976 520 sed

1171 563 1282 622 tamen
1309 561 1507 634 firmabitur,
1532 555 1664 636 quando
1689 557 1935 632 abstergentur
1958 573 1976 615 a

1172 658 1267 718 uobis
1280 674 1395 720 omnes
1407 657 1522 719 sordes
1536 655 1753 716 infirmitatis.

1392 925 1533 984 SERMO
1561 923 1746 982 CLXXVII.

1367 1065 1408 1120 Dc
1423 1061 1572 1134 multiplici
1587 1059 1694 1116 ultione
1709 1061 1770 1117 Dei

1170 1203 1264 1260 Deus
1282 1199 1452 1260 ultionum
1475 1199 1643 1257 Dominus
1659 1213 1670 1254 .·
1684 1198 1776 1256 Deus
1798 1195 1978 1256 ultionum

1341 1297 1445 1356 tibere
1464 1293 1544 1368 epit.
1562 1292 1665 1370 (Psal.
1682 1294 1733 1363 93,
1750 1290 1797 1371 1.)

1214 1433 1394 1498 Pluraliter
1415 1433 1497 1495 dicit
1516 1455 1524 1493 ε
1541 1437 1634 1495 Deus
1648 1434 1830 1504 rationum,
1851 1433 1895 1494 ad
1921 1449 1980 1494 os-

1170 1531 1381 1604 tendendum,
1409 1533 1522 1610 plures
1555 1530 1701 1593 ultiones
1730 1531 1790 1592 Dei
1822 1547 1917 1602 esse,
1946 1535 1980 1592 et

1172 1629 1333 1702 diversas,
1363 1628 1483 1706 quibus
1521 1629 1705 1689 ulciscitur.
1738 1627 1857 1689 Prima
1891 1628 1977 1689 ultio

1172 1726 1284 1788 divina
1311 1728 1363 1788 est
1385 1741 1455 1786 suae
1476 1724 1678 1800 cognitionis
1701 1722 1909 1797 subtractio,
1936 1723 1978 1784 de

1172 1839 1235 1899 qua
1251 1823 1374 1884 dicitur
1389 1821 1494 1900 (Psal.
1510 1827 1542 1894 7,
1557 1819 1612 1900 7):
1628 1823 1787 1896 naar-pe,
1809 1825 1976 1891 Domine,

1171 1923 1208 1982 tn
1229 1925 1285 1982 tra
1307 1921 1377 1990 tun,
1402 1920 1488 1981 idest
1515 1933 1636 1979 exerce
1662 1918 1825 1979 ultionem
1855 1921 1978 1980 contra

1171 2018 1325 2078 inimicos
1342 2019 1426 2090 tuos,
1443 2016 1476 2077 et
1496 2015 1658 2087 exaltare,
1676 2015 1763 2075 idest
1781 2015 1877 2076 altus
1903 2015 1979 2076 effi-

1172 2131 1259 2189 cere,
1275 2115 1308 2176 et
1322 2113 1511 2189 incognitus
1524 2111 1682 2180 inimicis,
1695 2113 1731 2173 ut
1744 2115 1777 2172 te
1794 2129 1867 2173 non
1882 2113 1980 2173 intel-

1171 2212 1287 2288 ligant.
1316 2211 1468 2273 Secunda
1497 2210 1548 2271 est
1572 2209 1635 2269 zeli
1664 2208 1809 2282 ablatio;
1836 2209 1882 2270 de
1911 2227 1978 2286 qua

1172 2309 1356 2370 Ezechielis
1379 2307 1444 2388 (16,
1460 2309 1501 2368 42
1514 2309 1547 2368 et
1560 2305 1613 2386 43)
1629 2329 1636 2366 :
1656 2323 1674 2367 t
1691 2308 1901 2384 Requiescet
1925 2309 1980 2367 in·

1172 2407 1320 2482 dignatio
1337 2421 1409 2468 mea
1424 2406 1458 2465 in
1473 2408 1517 2477 te,
1533 2406 1567 2466 et
1581 2403 1753 2465 auferetur
1766 2404 1866 2465 zelus
1883 2421 1978 2465 meus

1172 2519 1190 2564 a
1211 2505 1256 2574 te,
1274 2505 1307 2565 et
1319 2504 1499 2580 quiescam,
1517 2517 1579 2562 nec
1601 2501 1729 2561 irascar
1743 2501 1897 2577 amplius
1914 2523 1923 2560 ι
1940 2518 1978 2562 eo

1172 2601 1258 2678 quod
1282 2616 1348 2662 nou
1373 2600 1476 2660 tueris
1496 2598 1670 2660 recordata
1690 2598 1823 2658 dierum
1838 2599 1980 2659 adoles

1172 2698 1290 2758 centias
1312 2699 1389 2770 tuae,
1410 2700 1445 2758 et
1465 2695 1653 2772 provocasti
1676 2709 1728 2754 me
1755 2693 1790 2754 in
1817 2695 1978 2755 omnibus

1172 2795 1235 2855 his.
1250 2811 1269 2854 a
1284 2798 1363 2856 llaec
1375 2795 1426 2856 est
1440 2809 1562 2869 magna
1575 2791 1774 2867 indignatio,
1793 2808 1875 2869 quae
1892 2793 1979 2854 tollit

1171 2893 1289 2964 zelum,
1307 2907 1403 2970 quem
1418 2890 1515 2952 debet
1530 2890 1654 2951 habere
1670 2890 1803 2966 gratiae,
1821 2905 1888 2950 nos
1902 2907 1980 2966 per-

1173 2989 1332 3053 mittendo
1352 2989 1492 3066 implere
1512 2987 1679 3049 desideria
1703 2986 1817 3047 cordis
1843 2989 1977 3062 nostri3

1174 3087 1260 3148 unde
1280 3109 1287 3146 :
1305 3088 1350 3148 Et
1368 3089 1484 3148 dtmt'st
1504 3100 1562 3146 eos
1583 3087 1771 3146 seeundum
1796 3087 1980 3146 desiderio

1171 3189 1449 3254 cardiacorum,
1479 3183 1575 3244 ibunt
1601 3185 1638 3242 tn
1667 3181 1980 3243 adlatoenttombus

1171 3286 1255 3344 suis.
1272 3280 1374 3360 (Psal.
1389 3281 1439 3351 80,
1458 3276 1523 3358 13.)

1212 3380 1323 3440 Tertia
1337 3379 1419 3438 ultio
1432 3379 1493 3445 est,
1509 3375 1595 3454 quod
1611 3377 1823 3452 peccatorem
1837 3375 1979 3438 dimittit

1172 3477 1207 3536 in
1232 3491 1333 3536 manu
1357 3475 1497 3545 inimici,
1523 3476 1560 3533 ut
1582 3473 1687 3548 possit
1709 3474 1743 3532 in
1761 3487 1841 3532 eum
1870 3473 1979 3534 libere

1172 3573 1374 3649 degrassari.
1397 3571 1491 3633 Unde
1506 3569 1690 3631 Ezechielis
1706 3567 1771 3646 (21,
1789 3571 1832 3629 15
1847 3571 1886 3631 et
1903 3569 1979 3648 1e):

1172 3673 1243 3731 ‹ln
1263 3669 1416 3732 omnihus
1431 3668 1536 3745 portis
1552 3682 1667 3729 eorum
1686 3665 1763 3726 dedi
1784 3667 1978 3727 conturba-

1172 3770 1296 3829 tionem
1309 3766 1413 3843 gladii
1429 3766 1530 3838 aouti,
1539 3767 1573 3825 et
1587 3763 1693 3824 limati
1707 3763 1748 3823 ad
1761 3762 1976 3838 fulgendum,
2055 3805 2056 3848 q

1173 3865 1286 3926 amicti
1302 3864 1342 3925 ad
1354 3864 1489 3925 caederu.
1502 3863 1564 3922 ilic
1578 3863 1630 3922 est
1641 3860 1774 3936 gladius
1788 3861 1978 3922 occisionis
2055 3875 2056 3900 t

1173 3977 1313 4037 magnae,
1344 3961 1400 4039 qui
1425 3959 1658 4034 obstupescere
1687 3955 1778 4029 lacit,
1808 3958 1845 4018 et
1877 3959 1979 4019 corde

1173 4059 1355 4133 tabescere,
1383 4060 1416 4119 et
1439 4056 1637 4132 multiplicat
1659 4055 1788 4116 ruinas.
1814 4069 1835 4113 s
1860 4057 1977 4117 Nota:

1173 4156 1285 4218 «Dedi
1312 4153 1599 4216 conturbationem
1626 4151 1728 4228 gladii
1751 4152 1858 4222 acuti,
1878 4155 1915 4214 et
1934 4153 1977 4213 li-

1173 4253 1253 4316 mati
1266 4253 1307 4314 ad
1324 4251 1530 4329 fulgendum,
1543 4250 1655 4311 amicti
1671 4249 1711 4310 ad
1728 4247 1869 4309 caedem.
1884 4267 1906 4308 r
1920 4251 1979 4311 Hic

1174 4353 1225 4414 est
1247 4351 1378 4428 gladius
1402 4349 1528 4411 diaboli
1550 4348 1697 4417 limatus,
1713 4345 1800 4406 idest
1824 4345 1979 4422 fulgidus
2054 4397 2055 4424 ,

1174 4463 1234 4526 per
1246 4447 1512 4516 delectationem,
1532 4445 1588 4520 qui
1602 4442 1716 4504 turbat
1730 4442 1847 4518 portas
1871 4446 1978 4519 quin.
2054 4451 2055 4480 t

1174 4561 1238 4622 que
1253 4559 1409 4605 sensuum
1425 4541 1586 4619 corporis.
1600 4541 1748 4601 Amictus
1764 4539 1806 4599 ad
1824 4540 1977 4601 caedem:
2054 4539 2055 4582 t

1174 4642 1319 4703 occultat
1350 4641 1440 4702 enim
1477 4638 1688 4714 supplicium,
1724 4638 1757 4696 et
1792 4638 1979 4711 praetendit

1175 4737 1260 4816 quod
1277 4738 1429 4800 delectat.
1448 4736 1616 4812 Sequitur,
1632 4734 1807 4809 alloquens
1824 4733 1977 4808 gladium

1176 4835 1288 4915 (ibid,
1303 4833 1419 4913 21,1u)
1438 4857 1445 4894 :
1461 4836 1676 4902 «Exacuere,
1692 4830 1776 4891 vade
1788 4831 1832 4890 ad
1852 4831 1979 4892 dexte-

1175 4949 1258 5004 ram,
1276 4933 1348 4993 sive
1368 4931 1409 4993 ad
1429 4931 1614 5002 sinistram,
1639 4941 1850 5005 quocumque
1876 4928 1978 4990 faciei

1175 5031 1241 5092 tuae
1254 5031 1306 5094 est
1321 5029 1498 5106 appetitus.
1514 5029 1620 5088 »Haec
1631 5027 1684 5087 est
1698 5039 1819 5100 magna
1836 5025 1892 5086 ira
1906 5026 1976 5096 Dei,

1176 5199 1275 5270 culpas
1288 5205 1400 5260 nostras
1411 5192 1555 5269 parcendo
1565 5192 1711 5276 levigavit.
1723 5193 1755 5248 ln
1770 5193 1976 5250 manuetenhn

1178 5271 1277 5336 Patris,
1299 5267 1380 5342 quasi
1404 5275 1508 5324 statera
1531 5265 1595 5321 miri
1614 5262 1773 5320 libraminis
1787 5259 1893 5328 iactus,
1911 5263 1975 5318 hinc

1178 5341 1205 5396 in
1220 5354 1251 5395 se
1262 5339 1452 5396 calamitatem
1477 5343 1615 5403 nostram,
1630 5341 1659 5391 et
1678 5333 1755 5389 illinc
1770 5341 1890 5406 peccata
1911 5347 1973 5388 sus-

1178 5410 1282 5492 pendit.
1298 5408 1353 5466 Sed
1368 5405 1807 5480 gravispouderiseelamitatem
1825 5403 1976 5460 moriendo

1177 5481 1308 5548 innotuit,
1324 5487 1352 5536 et
1367 5479 1442 5551 apud
1466 5475 1690 5534 misericordiam
1711 5474 1774 5532 lese
1788 5487 1854 5530 esse
1868 5487 1972 5544 pecca·

1177 5558 1235 5608 tum
1249 5549 1403 5608 relaxando
1415 5549 1592 5606 monstrarit.
