4184 6410
201 321 204 328 '
253 342 258 353 ι
297 309 357 370 687
445 373 447 378 ,
720 303 754 371 S.
777 308 952 372 hNnoNll
980 301 1168 372 P'ADUANI
1199 309 1339 372 OPERA.
1367 299 1523 372 omnin}
1879 309 1943 373 688

300 483 371 530 ram
387 483 495 537 suum,
510 467 659 530 dicentes
676 469 919 530 :clirravimus
930 483 950 529 a
962 469 1019 530 vla
1034 483 1094 530 ve-
1148 468 1194 530 ris
1207 469 1388 544 tergamus,
1401 469 1566 530 etiterum
1580 463 1789 546 requirentes
1803 481 1891 542 eum,
1906 471 1944 532 ln

299 565 423 637 nitatis,
438 566 623 643 etjustitim
639 565 751 626 lumen
771 581 837 628 non
857 565 971 628 illuxit
985 564 1091 626 nobis.
1148 565 1245 627 horto
1273 566 1494 638 inveniemus,
1530 566 1618 626 sicut
1643 566 1717 643 ipsa
1745 565 1875 628 invenit
1906 567 1942 628 in

299 663 519 724 Transierunt
545 663 657 725 omnia
686 663 774 726 sicut
795 662 924 734 umbra,
952 663 984 724 et
1008 663 1095 724 sicut
1141 663 1245 724 ,horto
1262 663 1449 724 Dominum.
1472 665 1509 723 ln
1532 663 1635 724 horto
1659 663 1806 724 inveniri
1823 665 1940 737 voluit,

298 759 443 820 nuncius
459 776 672 837 praeourrens
685 758 733 838 (l)
749 763 782 824 et
794 760 881 822 siout
895 761 1004 831 navis,
1020 775 1093 838 quoe
1149 763 1186 820 ut
1200 758 1399 832 ostenderet,
1416 759 1502 836 qnod
1518 760 1660 821 amissas
1684 760 1719 820 in
1739 759 1837 822 horto
1851 760 1942 822 deli-

299 857 483 932 pertransit
497 857 713 920 fluctuantem
727 874 859 936 aquam,
886 859 920 919 et
937 857 1024 918 sicut
1038 872 1094 918 sa·
1148 856 1218 916 cias
1233 856 1451 919 restauraret.
1468 858 1548 918 Item
1574 856 1615 918 ad
1641 856 1837 929 docendum,
1854 858 1943 934 quod

299 952 382 1028 gitta
408 953 442 1015 in
466 955 575 1016 locum
597 955 797 1017 destinatum
813 955 947 1016 emissa.
964 953 1095 1015 »Tenn-
1148 953 1235 1015 sicut
1249 953 1448 1015 hortulanus
1475 955 1565 1015 eirea
1586 954 1752 1015 culturam
1777 953 1864 1016 horti
1890 956 1943 1016 est

299 1050 429 1128 poralia
462 1051 588 1113 umbrae
630 1053 867 1131 comparantur
911 1051 1092 1128 eleganter.
1149 1050 1324 1122 sollicitus,
1339 1051 1376 1112 ut
1394 1051 1539 1112 fructum
1554 1050 1667 1122 faciat,
1684 1051 1733 1112 sio
1748 1051 1840 1114 circa
1855 1051 1941 1114 hor-

299 1149 1092 1227 Quiasioutnihilvaniusumbra,etquieamam·
1145 1150 1213 1209 turn
1223 1148 1473 1210 mentisnostrae
1483 1148 1588 1210 simus
1598 1148 1736 1210 solliciti
1745 1148 1939 1226 plantando,

271 1313 273 1324 Ι
298 1246 466 1322 plectitur,
478 1247 527 1308 sio
542 1247 627 1308 nihil
647 1249 767 1310 vanius
781 1246 1030 1324 temporalibus,
1057 1251 1091 1308 et
1145 1245 1178 1306 et
1189 1244 1372 1308 inserendo
1383 1261 1458 1306 eum
1475 1246 1572 1308 novis
1587 1244 1781 1318 virtutibus,
1798 1246 1940 1308 utfruc-

299 1343 384 1404 nihil
397 1345 539 1406 solidum
552 1346 642 1406 tenet
653 1345 709 1422 qui
720 1343 1090 1420 eaampleotitur.Unde
1144 1342 1197 1404 tus
1212 1340 1375 1404 bonorum
1397 1358 1535 1420 operum
1559 1343 1688 1405 reddat.
1705 1346 1742 1404 ln
1757 1331 1818 1406 tali
1834 1343 1942 1420 siqui·

299 1441 526 1502 Ecclesiastioi
540 1440 604 1520 (34,
616 1442 676 1522 2);
703 1444 839 1514 «Quasi
854 1441 1092 1520 quipersequi-
1145 1438 1219 1500 dem
1244 1439 1340 1502 horto
1371 1439 1543 1503 invenitur
1576 1441 1749 1502 Dominus.
1784 1441 1878 1502 Unde
1905 1441 1941 1502 in

297 1540 353 1599 tur
372 1539 519 1612 ventum,
546 1539 581 1600 et
606 1540 824 1618 apprehendit
853 1540 1017 1612 umbram,
1042 1539 1091 1600 sio
1146 1537 1293 1598 Cantiois
1310 1557 1318 1596 ι
1335 1538 1406 1608 Quo
1417 1536 1500 1598 abiit
1514 1537 1655 1598 dilectus
1675 1539 1774 1599 tuusl
1799 1537 1940 1600 dilectus

298 1635 354 1712 qui
370 1635 510 1697 attendit
524 1636 565 1697 ad
579 1637 651 1699 visa
667 1637 851 1698 mendacia.
868 1655 886 1698 s
902 1637 963 1709 Qui
978 1636 1092 1714 sequi-
1146 1649 1242 1696 meus
1255 1633 1427 1695 descendit
1445 1634 1480 1694 in
1501 1634 1633 1696 hortum
1649 1650 1746 1696 suum
1772 1634 1815 1696 ad
1836 1651 1938 1698 ereo-

298 1733 499 1795 turventum
516 1748 581 1795 non
598 1733 698 1796 faciet
715 1736 849 1796 ventum
867 1735 989 1796 reverti
1006 1751 1014 1794 :
1030 1749 1092 1796 ne-
1147 1730 1198 1792 las
1214 1729 1262 1810 (3)
1276 1733 1463 1794 aromatum
1475 1729 1523 1810 (4)
1534 1731 1622 1794 idest
1634 1732 1939 1794 virtutumodorem

299 1844 365 1906 que
381 1830 455 1906 quis
472 1831 593 1906 poterit
606 1831 678 1892 dies
689 1833 760 1908 jam
774 1832 917 1908 elapsos,
934 1831 987 1894 vel
1002 1833 1090 1893 tem-
1147 1829 1278 1903 gratum
1304 1828 1514 1904 spirantium.
1543 1831 1633 1890 Bene
1669 1845 1750 1904 ergo
1791 1828 1942 1892 dicitur:

300 1927 464 2003 poralium
503 1929 681 1989 transitum
723 1943 899 1990 revocare.
939 1931 1090 1992 Nuncius
1146 1928 1453 1998 munerequaerit.

300 2038 510 2100 praecurrens
527 2023 683 2086 dicuntur
694 2026 758 2087 ista
773 2026 983 2102 temporalia,
995 2026 1090 2103 quasi
1184 2023 1224 2084 Ei
1239 2021 1439 2094 utnotiflcet,
1450 2037 1491 2084 ao
1502 2023 1581 2100 quid
1595 2024 1755 2101 requirat,
1766 2023 1939 2101 adjungit:

298 2119 423 2180 doloris
435 2120 551 2191 futuri,
567 2123 600 2184 et
615 2122 820 2185 confusionis
836 2124 914 2185 sunt
927 2118 1089 2200 praenun-
1149 2119 1188 2180 ut
1202 2122 1339 2181 videam
1354 2121 1564 2193 voluptatem
1579 2124 1730 2196 Domim,
1747 2122 1782 2184 et
1796 2123 1941 2184 videndo

298 2217 365 2278 cia.
390 2218 483 2279 Unde
508 2221 604 2280 risen
618 2222 733 2282 dolore
747 2223 958 2294 miscebitur,
974 2223 1009 2282 et
1023 2235 1090 2282 eco-
1145 2215 1302 2278 delecter.
1331 2217 1425 2278 Sicut
1449 2218 1537 2278 enim
1563 2218 1711 2281 exterior
1732 2219 1849 2282 oculus
1872 2235 1940 2282 non

297 2321 412 2376 trema
438 2319 557 2392 gaudit
592 2319 704 2378 luctus
729 2319 871 2391 occupat
897 2316 961 2398 (2).
995 2319 1090 2381 Siout
1146 2313 1354 2376 illuminatur
1378 2313 1444 2375 nisi
1465 2315 1578 2376 videat
1607 2332 1614 2372 ε
1643 2315 1693 2377 sio
1715 2331 1777 2378 nec
1800 2317 1941 2380 interior

297 2413 410 2482 mets,
439 2412 502 2472 eto.
529 2412 635 2473 Navis
648 2414 786 2490 exponit
800 2429 836 2474 se
850 2413 996 2474 inimicis
1006 2415 1087 2487 suis,
1145 2409 1330 2472 delectatur
1356 2410 1423 2473 nisi
1449 2411 1572 2486 videat,
1598 2412 1685 2475 idest
1708 2429 1776 2476 non
1800 2413 1942 2492 percipit

297 2507 703 2582 scilicetvento,etmari,
718 2511 930 2573 etventusin
946 2513 1091 2589 rupeset
1145 2506 1397 2570 delectationem
1432 2524 1569 2572 summae
1605 2509 1843 2586 beatitudinis,
1873 2511 1939 2572 nisi

297 2607 413 2665 cautes
440 2605 595 2682 impellit,
618 2609 652 2668 et
676 2623 768 2668 mare
791 2607 975 2684 submergit
1002 2630 1010 2669 ε
1040 2610 1089 2670 sio
1145 2621 1204 2682 per
1236 2605 1549 2682 contemplationem
1573 2621 1647 2669 eam
1667 2609 1848 2671 intueatur.
1874 2611 1938 2670 So-

297 2701 406 2776 gloria
426 2701 525 2778 hujus
549 2704 664 2764 saeculi
679 2707 731 2766 est
744 2706 840 2780 quasi
862 2707 960 2767 navis
985 2721 1090 2783 expo·
1144 2702 1257 2779 quitur
1269 2702 1450 2764 secundum
1464 2703 1566 2765 aliam
1577 2705 1721 2768 litteram
1735 2703 1852 2785 (shut
1861 2721 1940 2782 pro-

297 2797 362 2859 sita
377 2801 477 2861 vento
500 2800 705 2872 tentationis,
726 2804 760 2864 et
787 2803 936 2878 periculo
955 2805 1089 2866 aeternae
1143 2803 1238 2875 tegar
1259 2815 1280 2860 a
1297 2801 1420 2878 templo
1436 2802 1552 2862 sancto
1568 2804 1652 2878 ejus.
1675 2804 1746 2866 Hoc
1763 2803 1804 2865 ad
1819 2803 1938 2865 stolam

297 2893 532 2957 damnationis.
557 2900 604 2959 nt
623 2901 713 2960 sicui
731 2899 871 2975 sagitta.
901 2901 1028 2977 Sagitta
1054 2902 1089 2964 in
1144 2898 1293 2973 corporis
1317 2898 1473 2974 pertinet,
1497 2898 1532 2958 in
1554 2914 1619 2976 qua
1640 2899 1766 2976 septem
1785 2901 1940 2962 conside—

296 2991 401 3054 sltum
416 2994 519 3055 missa
534 2995 600 3057 cilo
618 2995 751 3068 decidit,
768 2998 846 3074 quia
860 2999 1007 3060 mortuas
1022 2999 1088 3060 ha·
1144 2996 1262 3055 rantur
1275 2994 1508 3058 beatitudines.
1522 2997 1746 3074 Speciositas;
1762 2998 1851 3060 unde
1867 2997 1937 3058 lul-

296 3089 351 3152 bet
367 3107 524 3167 pennas:
552 3094 601 3154 sio
631 3093 739 3170 gloria
760 3096 874 3155 mundi
898 3097 1032 3168 transit,
1057 3099 1090 3158 et
1143 3090 1268 3168 genunt
1275 3093 1370 3168 J'usti,
1384 3093 1472 3156 siout
1496 3094 1557 3156 sol.
1571 3095 1732 3170 Agilitas;
1756 3096 1844 3158 unde
1863 3097 1940 3158 tan-

296 3187 386 3249 cadit
409 3188 449 3249 de
473 3187 576 3262 sacili,
599 3191 678 3268 quia
707 3193 837 3254 mortua
858 3191 958 3254 habet
975 3209 1086 3270 opera.
1144 3205 1242 3266 quam
1264 3188 1418 3252 scintillae
1446 3192 1483 3252 in
1519 3191 1731 3254 arundineto.
1758 3196 1854 3255 Hanc
1881 3209 1939 3255 os-

298 3287 421 3346 Pennae
436 3286 522 3348 vivae
537 3289 616 3348 sunt
628 3287 716 3350 bona
730 3293 970 3367 opera,quaein
985 3292 1089 3352 altum
1145 3287 1250 3349 tendit
1290 3287 1470 3361 Dominus,
1507 3305 1583 3350 oum
1620 3289 1803 3354 ambulavit
1837 3306 1939 3368 super

296 3380 337 3442 de
353 3380 445 3442 sacili
469 3381 669 3458 diriguntur,
689 3387 723 3447 et
745 3385 872 3448 iaciunt
895 3388 1028 3450 evolare
1047 3387 1088 3448 ad
1144 3385 1261 3446 undas.
1289 3385 1456 3460 Libertum
1471 3388 1508 3448 ut
1531 3386 1636 3449 libere
1652 3389 1798 3450 transire
1820 3389 1937 3466 possit,

296 3479 457 3541 aeternam
476 3479 714 3544 beatitudinem
737 3483 947 3546 obtinendam
966 3505 973 3545 ι
1000 3487 1089 3548 Bene
1144 3497 1208 3559 quo
1222 3481 1376 3544 voluerit.
1393 3485 1487 3545 Hanc
1501 3483 1619 3546 habuit
1639 3485 1802 3547 Dominus
1823 3486 1864 3548 de
1883 3501 1940 3548 se·

199 3577 203 3586 ⁴
296 3575 534 3652 ergodioitur:
554 3581 757 3655 cenezaeus
772 3585 964 3643 alienatae.
1144 3580 1259 3656 pulcro
1294 3580 1411 3642 exiens
1444 3581 1571 3654 clauso,
1604 3583 1638 3644 et
1676 3583 1717 3644 ad
1755 3582 1937 3662 discipulos

335 3675 429 3735 Hanc
442 3689 503 3734 nos
514 3672 670 3737 debemus
689 3678 818 3739 tantum
842 3694 992 3754 quaerere
1014 3696 1088 3742 oum
1143 3675 1270 3739 loribus
1292 3678 1417 3738 clausis
1441 3678 1644 3754 ingrediens.
1666 3681 1837 3757 Voluptas,
1863 3697 1936 3758 quae

296 3770 505 3846 Magdalena.
524 3775 682 3844 Quaesivit
692 3775 781 3835 enim
795 3775 902 3852 primo
913 3777 1089 3839 Dominum
1143 3775 1208 3836 erit
1236 3775 1270 3836 in
1292 3775 1471 3837 concordia
1498 3776 1694 3851 harmoniae,
1716 3793 1789 3856 quea
1811 3779 1876 3840 erit
1901 3779 1936 3843 in

295 3867 331 3929 in
347 3871 510 3946 sepulcro,
532 3873 566 3932 et
584 3886 650 3933 non
672 3873 801 3935 invenit
820 3873 887 3934 nisi
903 3875 1086 3936 sudarium.
1143 3873 1377 3949 conjunctione
1423 3874 1584 3950 corporis,
1621 3875 1655 3937 et
1692 3876 1825 3948 enimse,
1862 3891 1936 3953 quea

296 3967 495 4044 Requisivit,
517 3969 551 4030 et
572 3969 700 4032 invenit
720 3971 756 4031 in
780 3971 875 4033 horto
897 3973 1086 4034 Dominum.
1143 3971 1277 4032 notatur
1300 3970 1357 4031 ubi
1383 3971 1526 4032 dicitur:
1547 3973 1694 4049 Emerge
1716 3975 1933 4048 psalterium,

296 4065 489 4135 Quaeramus
502 4067 536 4128 et
549 4081 621 4138 nos,
637 4066 1087 4144 utpostquaminvenerimus
1141 4068 1175 4128 et
1202 4069 1337 4130 cithara
1353 4066 1421 4147 (6);
1438 4067 1485 4130 ibi
1510 4069 1599 4130 enirn
1627 4083 1687 4146 pro
1717 4069 1885 4146 psalterio,
1903 4073 1936 4132 et

296 4161 480 4230 sudarium,
503 4163 624 4224 iterum
657 4164 845 4242 quaerentes
876 4165 1087 4228 inveniamus
1142 4164 1272 4226 cithara
1287 4179 1366 4226 caro
1381 4165 1593 4241 intelligitur.
1611 4166 1705 4228 Siout
1718 4167 1855 4228 enimin
1868 4168 1933 4239 his,

294 4257 403 4332 ipsum
419 4258 605 4318 Dominum.
622 4261 659 4319 ln
674 4259 811 4320 sudario
835 4263 970 4323 notatur
979 4262 1084 4334 labor,
1141 4263 1174 4322 et
1188 4277 1231 4322 ex
1245 4261 1299 4322 his
1314 4260 1443 4323 duobus
1458 4262 1605 4325 maxima
1619 4263 1909 4326 resonatmelodia
1925 4282 1933 4321 ε

294 4357 329 4415 ei
340 4352 465 4416 laboris
478 4356 665 4417 renovatio.
683 4358 762 4418 Post
772 4357 919 4420 laborem
935 4360 1023 4420 enim
1035 4375 1088 4420 su·
1141 4358 1189 4420 sio
1223 4373 1266 4419 ex
1292 4359 1528 4434 conjunctione
1556 4360 1726 4437 corporis,
1756 4363 1789 4423 et
1813 4362 1935 4424 animae

294 4450 424 4526 damus,
452 4453 485 4514 et
506 4467 580 4514 cum
596 4454 731 4516 sudario
747 4454 900 4516 sudorem
917 4456 1085 4533 abstergi·
1140 4456 1286 4517 maxima
1298 4455 1694 4532 percipieturdeleotatio.
1708 4459 1933 4536 incorruptio;

292 4565 380 4622 mus,
397 4553 435 4611 ut
448 4551 489 4611 ad
504 4550 653 4613 laborem
669 4551 789 4613 iterum
808 4553 990 4616 validiores
1005 4571 1084 4616 sur·
1140 4553 1217 4631 quia
1247 4559 1327 4614 tuno
1355 4554 1420 4615 erit
1442 4553 1564 4615 mulier
1591 4555 1713 4616 amicta
1738 4555 1820 4618 sole.
1843 4557 1934 4618 Siout

291 4663 420 4722 gamus.
442 4649 620 4710 sudarium
636 4649 739 4725 igitur
761 4649 897 4727 reliquit
923 4654 1085 4729 quoerenti
1140 4650 1228 4712 enim
1244 4650 1366 4712 solaris
1388 4649 1505 4712 radius
1529 4651 1558 4712 si
1573 4653 1791 4728 percutiatur,
1810 4654 1843 4715 et
1859 4654 1934 4716 tun·

292 4745 512 4822 Magdalenae,
541 4748 578 4808 ut
596 4747 762 4817 innueret,
789 4748 887 4825 quod,
908 4749 937 4810 sl
953 4765 1085 4827 quaera—
1139 4747 1248 4818 datur,
1274 4761 1342 4809 non
1371 4747 1514 4819 laeditur,
1543 4748 1596 4809 vel
1622 4750 1858 4826 corrumpitur,
1885 4751 1934 4812 sio

290 4858 365 4903 mus
390 4845 566 4906 Dominum
588 4860 663 4906 oum
685 4843 811 4920 labore,
832 4845 920 4907 idest
933 4862 1085 4910 macera·
1139 4859 1201 4906 neo
1228 4860 1348 4921 corpus
1379 4845 1601 4921 glorificatum
1635 4846 1703 4908 ullo
1732 4847 1831 4910 modo
1856 4863 1934 4909 cor-

193 4993 195 5002 .
289 4941 383 5006 tione
397 4943 520 5015 earnis,
537 4944 571 5004 et
595 4941 758 5005 bonorum
774 4959 912 5022 operum
928 4944 1085 5024 frequen·
1138 4943 1248 5018 rumpi
1276 4942 1416 5019 poterit.
1446 4942 1639 5016 Fortitudo;
1664 4943 1744 5022 quia
1774 4945 1857 5005 nihil
1883 4943 1934 5007 eis

289 5038 428 5110 tatione,
445 5040 653 5102 Dominicam
670 5041 856 5103 recolentes
880 5042 1081 5119 passionem,
1137 5039 1259 5118 poterit
1288 5039 1457 5103 resistere.
1492 5039 1743 5117 Immortalitas;
1775 5041 1862 5103 unde
1900 5045 1937 5106 et

289 5149 355 5210 qua
369 5135 529 5212 tanquam
542 5137 678 5198 sudario
694 5137 849 5199 sudorem
868 5139 976 5200 nostri
986 5138 1082 5200 labo·
1137 5152 1227 5198 mors
1242 5152 1309 5198 non
1324 5136 1389 5198 erit
1404 5136 1503 5198 ultra.

240 5385 243 5393 Ι
324 5315 366 5387 (l)
383 5317 485 5376 versio
497 5319 595 5377 draca
609 5321 695 5390 LXX,
712 5321 799 5396 vulg.
813 5337 992 5396 percurrens.
1174 5321 1215 5393 (a)
1231 5320 1392 5380 Secundum
1408 5321 1493 5378 aliem
1505 5319 1638 5404 litteram,
1653 5328 1707 5378 eto.
1724 5321 1808 5450 Atmd
1819 5323 1847 5382 S.
1863 5323 1933 5383 llis·

336 5390 365 5456 2)
383 5391 465 5446 Prov.
481 5390 524 5458 lt,
542 5391 584 5448 la.
1137 5407 1298 5522 rongmum,
1315 5393 1507 5450 commentar.
1523 5407 1553 5450 m
1567 5393 1710 5451 Psalmum
1726 5393 1743 5451 2
1759 5436 1771 5452 ..

290 5467 293 5474 ⁴
336 5463 363 5530 3)
381 5461 465 5533 Vulg.
484 5459 620 5517 areolam.
1172 5463 1182 5535 (

322 5532 362 5603 tl)
373 5533 453 5590 cant.
469 5533 497 5600 d,
515 5532 564 5601 ¹⁷3
579 5541 607 5589 et
621 5533 648 5589 5,
667 5533 690 5590 p
1203 5463 1301 5533 ›Psal
1316 5463 1360 5534 50,
1377 5463 1404 5520 9.
