4158 6380
181 295 239 358 116
531 249 535 252 ’
650 319 671 350 ,-
742 243 1065 367 rnonnoouaua.
1087 301 1255 365 -1111,
1377 329 1380 333 -
1704 305 1817 404 *aso

173 454 210 516 et
232 453 268 514 in
293 453 481 528 exemplum
505 453 582 516 aliis
607 453 845 529 demonstrata,
872 459 966 520 tanta
1021 458 1106 522 dixit
1125 459 1166 522 ad
1187 475 1262 536 eum
1288 479 1296 520 2
1324 461 1452 528 Frater,
1477 473 1537 523 ora
1563 461 1750 534 Dominum,
1777 462 1816 524 ut
1926 446 1929 454 ¹

175 550 385 614 certitudinis
412 533 564 612 claritate
592 552 738 616 ostendit
763 555 968 630 evangelicae
1021 556 1133 618 mitius
1148 557 1255 619 tecum
1271 559 1365 632 agat3
1382 572 1516 618 manum
1529 558 1618 620 enim
1629 573 1724 620 suam
1739 557 1814 634 plus

175 646 391 723 porrectionis
405 647 532 723 apicem
548 649 582 710 to
594 649 738 712 dualiter
750 651 964 722 conclusisse,
1021 652 1130 714 debito
1155 668 1255 729 super
1277 656 1310 716 16
1331 669 1473 728 gravare
1493 655 1636 716 videtur.
1663 657 1733 726 Quo
1752 671 1815 716 au-

175 745 212 805 ut
234 743 549 804 demonstrationem
575 744 662 806 hanc
685 746 877 808 christianae
905 763 965 808 sa·
1021 748 1100 822 dito,
1126 750 1180 812 vir
1200 752 1335 812 sanctus
1355 767 1429 812 cum
1458 751 1583 828 ejulatu
1607 751 1813 824 exclamans,

173 838 308 915 pientiae
317 840 425 901 intuae
436 840 547 902 carnis
557 841 695 917 pulvere
704 844 967 915 exaratamnul·
1020 847 1068 908 ait
1082 867 1089 905 :
1105 847 1180 908 Nisi
1203 863 1375 910 noscerem
1397 848 1432 910 in
1457 849 1490 910 16
1513 849 1697 926 simplicem
1712 849 1811 926 puri-

173 936 466 998 116161616161116
485 936 966 1022 1111611111111161611116116
1019 944 1131 1015 tatem,
1157 945 1250 1004 tuum
1275 958 1319 1006 ex
1338 946 1418 1007 tunc
1441 945 1655 1008 abhorrerem
1671 959 1812 1008 consor-

173 1032 356 1108 impugnet,
372 1032 482 1094 nullus
493 1047 572 1094 1616
586 1033 722 1096 humilis
735 1036 963 1113 parvipendat,
1019 1040 1112 1111 tium,
1130 1041 1186 1118 qui
1201 1056 1301 1102 ausus
1316 1040 1419 1105 fueris
1435 1041 1524 1104 circa
1545 1055 1598 1106 me
1626 1043 1813 1120 (1111111111-

173 1143 248 1190 cum
272 1128 413 1211 sitrere
435 1128 596 1192 divinitus
621 1147 792 1209 expressa,
816 1135 849 1196 61
874 1133 965 1196 omni
1020 1137 1566 1216 diciareprehensihiliajudicare.
1583 1143 1622 1202 nt
1632 1140 1711 1202 11661
1722 1141 1813 1204 totus

173 1225 367 1302 acceptione
382 1227 557 1304 condigna.
1020 1235 1107 1294 66661
1131 1235 1263 1297 attritus
1289 1235 1402 1310 gravis
1425 1235 1615 1312 prolixitate
1628 1235 1810 1312 languoris,

1019 1317 1198 1406 projiciens
1225 1345 1261 1392 se
1282 1331 1317 1392 in
1335 1331 1470 1404 terram,
1488 1347 1565 1394 ossa
1586 1331 1709 1393 debilia
1729 1333 1813 1394 duro

311 1435 318 1448 ·
1019 1441 1101 1582 uu
1112 1427 1813 1598 111111161111111

1087 1565 1095 1594 Ι
1225 1565 1232 1592 1
1388 1567 1396 1594 i
1797 1577 1804 1590 r

200 1631 560 1708 nepam-emmim,
576 1633 611 1696 et
632 1635 785 1697 transitu
800 1635 934 1698 morus,
1019 1615 1116 1680 uibus
1142 1617 1194 1678 his
1219 1618 1389 1680 doloribus
1413 1621 1508 1692 meis,
1534 1621 1643 1696 teque,
1671 1620 1716 1680 mi
1744 1622 1814 1682 Do-
1855 1689 1860 1700 ,

953 1710 957 1717 ’
1019 1714 1118 1786 mine,
1135 1729 1228 1789 rogo,
1242 1716 1279 1778 ut
1291 1716 1492 1792 centuplum,
1516 1717 1545 1777 si
1560 1716 1620 1778 tibi
1635 1717 1809 1794 placuerit,

211 1807 344 1868 Christo
355 1810 426 1884 jam
436 1809 539 1883 igitur
549 1811 639 1872 cruci
648 1811 798 1873 confixus
813 1813 965 1876 Francis·
1018 1809 1122 1872 addas
1137 1831 1146 1885 ς
1164 1811 1242 1887 quia
1266 1810 1329 1874 hoc
1343 1813 1409 1874 erit
1431 1812 1515 1873 mihi
1528 1813 1807 1890 acceptissimum,

173 1919 233 1965 cus
254 1904 322 1966 tam
346 1916 459 1978 carne,
485 1921 586 1986 quarn
608 1908 739 1985 spiritu,
768 1921 835 1970 non
856 1910 963 1972 solum
1017 1905 1221 1983 ntaliligons
1236 1922 1289 1968 me
1304 1908 1498 1971 dolorenon
1513 1925 1643 1986 parcus,
1660 1908 1808 1972 comtum
1893 1932 1896 1938 ·
1990 1931 1991 1943 ¹

174 2001 350 2078 saraphico
375 2019 488 2066 amore
504 2004 642 2068 ardebat
662 2005 697 2066 in
716 2008 830 2078 Deum,
847 2021 963 2069 rerum
1018 2005 1141 2067 sanctae
1155 2004 1336 2067 voluntatis
1352 2005 1545 2083 adimpletio
1560 2006 1605 2068 ait
1625 2006 1708 2068 mihi
1727 2018 1811 2068 oon-

173 2097 274 2160 etiam
284 2099 418 2162 sitiebat
432 2115 505 2162 cum
521 2102 651 2164 Christo
664 2103 824 2165 crucifixo
844 2105 963 2166 multi·
1018 2100 1137 2164 solatio
1150 2102 1359 2178 superplena.
1370 2102 1552 2167 Videbatur
1561 2105 1735 2180 propterea
1746 2103 1811 2166 111-

172 2194 322 2256 tudinem
346 2196 592 2259 salvandorum.
623 2199 780 2262 Faciebat
809 2200 960 2277 proinde,
1016 2197 1135 2268 tribus,
1148 2197 1338 2274 quodquasi
1351 2199 1565 2262 alterumioh
1578 2199 1739 2271 viderent,
1754 2200 1811 2260 cui

172 2292 329 2367 quoniam
354 2294 489 2370 propter
511 2297 741 2358 excrescentes
760 2296 796 2358 in
824 2296 962 2373 podibus
999 2309 1091 2366 ¹cum
1102 2295 1245 2369 languor
1257 2296 1422 2357 cresceret
1433 2295 1556 2368 carnis,
1568 2296 1738 2358 crescebat
1755 2296 1808 2358 ai-

171 2386 284 2449 claros
296 2389 467 2452 ambulare
478 2404 546 2452 non
558 2393 698 2468 poterat,
714 2409 834 2470 corpus
849 2408 962 2456 emor·
1017 2391 1085 2453 mul
1093 2391 1126 2452 61
1135 2391 1230 2466 vigor
1239 2391 1368 2452 mentis.
1376 2393 1450 2468 Ipse
1458 2393 1568 2454 autem
1577 2391 1703 2455 obitum
1712 2405 1808 2454 suurn

170 2483 264 2546 tuum
278 2501 338 2562 per
352 2487 503 2548 civitates
517 2490 551 2553 et
570 2491 681 2552 castra
698 2490 963 2558 circumvehunt
1016 2486 1114 2563 longe
1138 2489 1215 2550 ante
1236 2489 1414 2563 praescivit,
1431 2487 1550 2565 dieque
1568 2488 1729 2552 transitus
1744 2489 1818 2550 im·h

170 2580 213 2642 ad
225 2595 356 2644 crucem
370 2583 493 2648 Christi
504 2583 821 2649 serendamceeteros
832 2587 963 2648 anima·
1017 2584 1173 2656 minente,
1189 2585 1273 2647 dixit
1291 2584 1450 2646 iratribus
1465 2585 1517 2645 sui
1530 2585 1680 2661 corporis
1695 2585 1809 2648 taher-

170 2678 231 2738 ret.
249 2679 421 2740 Fratribus
435 2694 566 2758 quoque
580 2682 710 2746 dicebat
724 2705 732 2744 ε
747 2684 959 2760 Incipiamus,
1017 2681 1170 2742 naculum
1199 2681 1429 2758 deponendum
1453 2681 1488 2742 in
1508 2682 1671 2758 proximo,
1687 2697 1807 2758 quem-

170 2771 301 2846 1111166,
325 2777 452 2838 6611116
475 2779 614 2842 nomino
638 2782 705 2842 1166
731 2781 857 2853 nostro,
882 2783 961 2858 quia
1016 2777 1191 2840 admodum
1210 2777 1274 2840 sibi
1293 2779 1403 2841 luerat
1418 2779 1602 2840 revelatum
1621 2793 1642 2840 a
1661 2779 1804 2842 Christo.

170 2886 275 2948 usque
289 2884 378 2934 nunc
393 2889 510 2950 parum
525 2875 736 2952 proiecimus.
1016 2875 1096 2936 Cum
1115 2875 1227 2952 itaque
1248 2891 1308 2952 per
1327 2875 1499 2938 biennium
1521 2875 1563 2936 ab
1584 2875 1805 2951 impressione

210 2968 387 3043 Flagrahat
423 2971 523 3032 etlam
560 2972 727 3034 desiderio
764 2989 885 3050 magno
918 2974 960 3036 ad
1016 2970 1218 3046 stigmatum,
1235 2987 1323 3032 anno
1350 2970 1506 3032 videlicet
1531 2985 1552 3031 a
1580 2985 1804 3034 6111661161-

169 3065 367 3128 humilitatis
394 3068 504 3130 redire
534 3070 727 3145 primordia,
755 3071 791 3132 ut
819 3071 960 3148 leprosis
1015 3066 1109 3128 sione
1132 3067 1306 3142 vigesimo,
1332 3067 1444 3128 multis
1467 3066 1585 3130 fuisset
1608 3067 1807 3142 angustian-

169 3161 256 3225 sicut
282 3178 301 3224 a
330 3164 494 3241 principio
520 3167 735 3240 ministraret,
761 3183 957 3246 corpusque,
1014 3163 1098 3224 tium
1128 3163 1359 3226 infirmitatum
1391 3163 1574 3240 probativis
1594 3163 1807 3227 tunsionibus

164 3260 236 3334 jam
263 3275 331 3335 prae
355 3260 469 3322 labore
492 3263 687 3339 collapsum,
715 3266 889 3326 revocaret
916 3265 958 3326 ad
1015 3261 1271 3337 conquadratus,
1292 3261 1451 3338 tanquam
1477 3261 1564 3338 lapis
1587 3262 1623 3322 in
1650 3274 1807 3338 supernae

168 3355 343 3430 pristinam
365 3359 569 3422 servitutem.
595 3361 805 3436 Proponebat
828 3361 958 3425 Christo
1014 3357 1200 3420 Jerusalem
1213 3357 1354 3422 aedilicio
1368 3357 1591 3430 collocandus,
1606 3359 1639 3420 et
1647 3359 1806 3434 tanquam

168 3451 252 3514 duce
274 3470 311 3516 se
332 3452 496 3518 iacturum
510 3457 670 3532 ingentia,
684 3457 959 3522 etiatiscentlbns
1014 3453 1137 3519 ductile
1161 3469 1244 3531 opus
1269 3454 1328 3515 snb
1357 3455 1550 3532 multiplicis
1578 3455 1805 3518 tribulationis

169 3549 337 3622 membris,
350 3552 470 3627 spiritu
482 3552 578 3616 fortis
588 3551 784 3626 etiervidus,
793 3570 879 3618 noro
888 3571 961 3632 spe·
1014 3551 1134 3614 malleo
1148 3552 1188 3614 ad
1200 3551 1437 3628 perlectionem
1452 3553 1630 3627 adductum
1643 3553 1685 3613 ad
1701 3555 1808 3614 81116-
1843 3562 1856 3592 ··

169 3645 267 3708 rabat
275 3649 457 3712 certamine
466 3650 506 3710 de
515 3651 609 3714 hoste
616 3651 831 3728 triumphum.
841 3653 959 3730 Neque
1013 3650 1081 3710 tam
1096 3648 1236 3710 Mariam
1253 3649 1293 3708 de
1308 3649 1524 3710 Portiunoula
1549 3665 1586 3710 se
1600 3650 1726 3725 portari
1740 3664 1806 3724 po·

169 3743 258 3804 enirn
279 3745 486 3821 languorvel
501 3747 628 3811 desidia
650 3749 759 3810 locum
774 3748 884 3822 habet,
901 3750 957 3812 uhi
1014 3745 1129 3822 poscit,
1154 3747 1328 3820 quatenus,
1352 3745 1408 3806 uhi
1439 3747 1615 3821 acceperat
1653 3745 1810 3821 spiritum

169 3841 294 3904 amoris
310 3843 463 3906 stimulus
482 3859 613 3921 semper
633 3845 674 3906 ad
690 3847 817 3921 majora
835 3861 957 3923 perur-
1014 3842 1142 3917 gratiae,
1159 3841 1207 3902 ibi
1220 3841 1373 3904 redderet
1388 3841 1540 3916 spiritum
1553 3842 1808 3913 vitandorum

169 3938 235 4012 get.
251 3940 356 4004 Tanta
371 3940 481 4004 autem
492 3940 529 4002 in
550 3956 590 4002 eo
606 3941 717 4004 carnis
738 3941 780 4004 ad
805 3945 959 4019 spirltum
1014 3938 1131 4000 luisset
1146 3937 1524 4015 perductusutveritatis
1535 3939 1688 4014 exemplo
1699 3953 1808 4000 mons·

167 4035 444 4108 61116616611111,
466 4037 559 4102 tanta
585 4037 781 4102 obedientiae
803 4040 960 4116 prompti·
1013 4036 1128 4107 traret,
1145 4034 1231 4112 quod
1259 4035 1344 4096 nihil
1367 4035 1443 4098 erat
1464 4034 1516 4094 illi
1538 4049 1711 4097 commune
1732 4047 1808 4096 cum

166 4131 258 4200 tudo,
284 4133 368 4209 quod
392 4149 465 4196 cum
492 4134 550 4195 ille
573 4135 736 4197 niteretur
758 4135 799 4198 ad
825 4152 958 4198 omnem
1014 4133 1148 4205 mundo,
1164 4133 1200 4194 in
1221 4132 1280 4194 illa
1301 4131 1497 4194 infirmitate
1519 4131 1808 4207 tangamque

167 4230 375 4294 sanctitatem
389 4232 588 4307 pertingere,
599 4233 671 4309 ipsa
687 4248 755 4294 non
770 4233 876 4295 solum
891 4249 958 4298 non
1014 4229 1103 4291 omni
1126 4230 1281 4304 languori
1299 4230 1472 4301 conclusit,
1488 4228 1728 4307 superandam
1743 4228 1808 4289 hu·

166 4327 379 4402 repugnaret,
407 4327 464 4392 sed
495 4330 528 4392 et
551 4345 756 4407 praecurrere
782 4330 955 4394 niteretur.
1014 4341 1103 4388 mum
1131 4341 1167 4390 se
1194 4327 1302 4389 totum
1321 4328 1356 4388 in
1380 4327 1517 4404 spiritus
1546 4326 1676 4389 fervore
1701 4325 1810 4387 noda-

170 4424 211 4485 ut
222 4426 333 4486 autem
357 4425 429 4485 viro
449 4425 508 4486 Dei
523 4427 674 4488 cumulus
689 4427 882 4490 meritorum
900 4444 959 4490 ac-
1014 4428 1082 4487 tum
1095 4425 1286 4501 prostravit,
1301 4426 1462 4501 quatenus
1473 4425 1556 4486 hora
1567 4423 1627 4486 illa
1645 4425 1806 4496 extrema,

167 4521 343 4590 cresceret,
353 4535 426 4597 quae
436 4521 547 4584 omnia
559 4536 638 4583 1616
653 4523 687 4582 in
703 4523 863 4599 patientia
878 4540 960 4587 con·
1013 4521 1049 4582 in
1070 4537 1135 4598 qua
1158 4523 1289 4598 poterat
1308 4519 1417 4584 adbuc
1440 4521 1545 4582 hostis
1569 4520 1683 4589 irasci,
1699 4519 1808 4580 nudus
1894 4563 1896 4566 -

166 4620 385 4690 summantur,
410 4618 509 4695 coepit
534 4618 781 4682 infirmtiatihus
804 4621 958 4684 laborare
1013 4619 1196 4680 luctaretur
1208 4634 1282 4678 curn
1293 4617 1393 4678 nudo.

166 4717 235 4777 tam
245 4714 404 4789 grauiter,
421 4715 567 4778 utrixin
580 4731 619 4777 eo
631 4715 814 4778 membrum
824 4717 959 4795 aliquod
1052 4714 1225 4792 hecubana
1240 4713 1289 4775 sic
1307 4712 1342 4774 in
1356 4714 1457 4784 16111,
1479 4711 1614 4774 saccina
1634 4711 1727 4774 16616
1742 4711 1805 4773 de-

165 4811 634 4890 remaneretabsqueingenti
650 4813 816 4890 passionis
831 4813 956 4876 dolore.
1013 4812 1133 4889 posita,
1143 4810 1262 4873 faciem
1274 4809 1372 4872 solito
1384 4825 1476 4872 more
1491 4809 1616 4870 1611111
1627 4809 1662 4870 in
1673 4808 1805 4878 coelum,
1847 4873 1849 4880 ,
1901 4881 1906 4898 ,

165 4908 214 4970 Ad
237 4908 301 4969 hoc
324 4909 456 4970 tandem
474 4923 533 4986 per
553 4911 665 4971 varias
681 4911 714 4972 61
727 4909 903 4972 diuturnas
919 4928 959 4974 ac
1013 4911 1046 4971 61
1056 4909 1230 4971 intendens
1245 4907 1295 4968 illi
1305 4907 1423 4982 gloria
1435 4906 1536 4976 totus,
1552 4919 1653 4966 manu
1666 4906 1806 4967 sinisha

166 5005 341 5066 continuas
353 5005 568 5082 aegritudines
580 5006 739 5069 deductus
753 5009 815 5079 661,
828 5010 873 5080 ut,
884 5024 959 5072 oon·
1013 5006 1123 5067 dextri
1136 5004 1250 5066 lateris
1261 5004 1393 5074 vulnus,
1410 5019 1452 5064 ne
1469 5001 1651 5074 rideretur,
1665 5002 1804 5074 obtexit,

166 5102 306 5178 sumptis
318 5105 386 5178 jam
399 5103 566 5176 carnibus,
581 5105 675 5180 quasi
687 5105 758 5165 sola
771 5105 856 5166 cutis
872 5106 960 5167 ossi·
1014 5104 1047 5164 et
1056 5104 1105 5163 ait
1119 5102 1160 5162 ad
1175 5101 1316 5162 fratres:
1333 5102 1400 5174 ligo
1419 5099 1502 5177 quod
1524 5111 1633 5161 meum
1649 5100 1709 5172 est,
1721 5097 1803 5175 ieci3

164 5198 227 5259 bus
243 5198 436 5260 cohaereret.
454 5201 600 5276 Cumque
615 5199 708 5260 duris
729 5202 878 5278 corporis
894 5218 958 5265 an·
1013 5197 1809 5276 1161166111]66101111611661666111111611-

165 5295 300 5370 geretur
317 5295 499 5368 doloribus
522 5295 598 5356 illas
614 5313 692 5358 snas
706 5299 879 5373 angustias
893 5315 958 5360 non
1014 5296 1180 5359 mantibus
1193 5299 1305 5358 autem
1319 5295 1418 5356 sociis
1438 5295 1554 5362 sancti,
1571 5294 1627 5371 qui
1640 5293 1725 5354 miro
1740 5292 1809 5354 iue-

166 5405 338 5470 poenarum
363 5391 521 5454 censebat
546 5394 692 5462 nomine,
709 5395 765 5456 sed
793 5411 956 5456 sororum.
1013 5395 1090 5455 rant
1113 5393 1354 5470 compassionis
1377 5392 1444 5453 telo
1473 5389 1740 5468 percussionne
1766 5401 1808 5452 ex

206 5491 286 5549 Cum
299 5489 409 5549 autern
425 5489 525 5550 semel
542 5489 680 5564 gravius
692 5491 791 5552 solito
806 5473 958 5554 dolorum
1013 5492 1074 5564 eis,
1091 5505 1189 5570 quem
1212 5491 1264 5551 111
1291 5489 1349 5550 Dei
1371 5488 1592 5564 guardianum
1611 5503 1713 5546 suum
1734 5501 1808 5546 esse
1927 5479 1934 5496 “’

166 5586 343 5662 urgeretur
363 5586 500 5659 aculeis,
531 5587 665 5664 quidam
688 5589 794 5651 irater
815 5589 958 5667 simplex
1014 5587 1154 5656 dicebat,
1180 5588 1291 5648 votum
1316 5584 1424 5662 ipsius
1444 5585 1558 5646 divina
1581 5581 1809 5658 inspiratione
