4226 6406
158 293 219 352 ira
728 288 1228 360 recenseamus-vrri.
1495 251 1500 267 Χ
1744 290 1802 351 iri

157 449 307 522 lacerant
324 449 388 526 illi,
411 449 567 526 honores,
592 448 691 528 atque
712 447 951 522 divitiascon·
1003 450 1059 526 jus
1069 449 1121 512 rai
1131 447 1219 530 lama
1236 447 1383 526 undique
1400 461 1517 526 sparsa
1535 463 1666 517 omnem
1680 447 1804 528 Hispa-

158 546 328 610 tomnehat
352 548 509 620 omnino,
532 546 713 625 eademque
732 546 886 620 fortunae,
903 545 953 607 uti
1006 547 1099 608 uiam
1120 546 1290 618 excitavit,
1320 548 1357 607 ut
1377 545 1474 608 domo
1512 539 1804 622 proficiscerentur

158 647 246 716 suut,
261 645 433 707 bonaesse
445 660 544 718 vana,
559 643 703 722 fugacia,
717 644 849 706 terrena
862 643 954 706 dice·
1007 644 1104 706 multi
1121 643 1199 704 :sed
1215 643 1274 704 alii
1285 643 1423 704 visenda
1444 643 1485 705 ad
1502 659 1642 722 corpora
1658 647 1802 708 Sancto-

157 741 224 804 bat.
237 740 326 817 ¹Quid
340 741 505 803 dixerim?
525 741 700 803 Biennium
715 741 780 804 hac
793 741 829 801 in
842 755 952 818 pugna
1006 757 1082 806 rum
1104 739 1189 802 :alii
1208 740 1462 816 congratulandi
1489 757 1603 814 causa,
1634 743 1720 820 quod
1743 743 1802 804 in-

158 839 230 900 fuit.
248 839 394 900 Tandem
409 837 951 914 varohorumstimulisiatigatus3
1008 837 1095 914 taus,
1113 839 1163 898 sic
1189 837 1278 898 enim
1304 837 1499 915 principem,
1520 841 1709 916 proximum
1731 840 1803 916 rani

159 936 245 1014 quod
271 937 401 1008 esseut,
427 935 484 1012 qui
510 952 586 997 eum
610 936 757 1013 quotidie
782 935 953 996 molestius
1008 951 1075 998 non
1100 935 1209 1008 aetate,
1230 935 1287 996 sed
1311 935 1517 1012 principatus
1540 935 1713 1012 dignitate,
1735 952 1800 998 vo-

157 1033 372 1106 intestarent,
399 1033 477 1094 inde
502 1023 664 1095 abscessit
689 1034 826 1106 tacitus,
855 1034 954 1110 atque
1009 1035 1096 1105 cant,
1125 1047 1250 1108 sospes,
1281 1047 1450 1109 sanusque
1477 1031 1611 1094 rediret
1646 1035 1803 1096 Sanctum

158 1147 300 1210 pergens
324 1131 385 1202 ire,
409 1131 446 1193 ut
473 1128 515 1191 ab
541 1131 591 1192 eis
615 1145 714 1207 quam
736 1131 845 1206 louge,
867 1131 954 1192 sicut
1008 1145 1088 1192 vero
1112 1130 1263 1192 nostrum
1282 1129 1471 1206 Antonium·
1485 1129 1623 1190 incessit
1647 1131 1803 1206 cogitatio

158 1228 279 1290 mentis
290 1227 528 1304 proposito,ita
542 1227 643 1289 etiam
657 1227 731 1288 loco
745 1227 895 1300 distaret,
911 1227 953 1288 ad
1008 1227 1170 1305 quaedam,
1198 1229 1232 1288 et
1255 1242 1336 1288 cura
1350 1226 1583 1304 proficiscendi
1609 1225 1651 1286 ad
1676 1228 1804 1290 Barba·

158 1324 398 1386 monasterium
412 1325 542 1386 Sanctae
562 1323 677 1385 Crucis
695 1325 736 1386 de
754 1324 951 1386 colimbria:
1009 1339 1076 1398 ros,
1102 1323 1187 1402 quod
1216 1322 1364 1385 futurum
1390 1323 1541 1400 speraret
1566 1323 1804 1400 praedicatione

159 1422 329 1499 Hispaniae
349 1421 525 1484 civitasest
538 1423 572 1484 iu
588 1438 691 1498 regno
708 1422 858 1484 castellae
876 1421 952 1496 sita,
1009 1420 1187 1499 sua,quod,
1200 1422 1258 1482 aut
1268 1436 1415 1497 paganos
1430 1421 1638 1483 converterat
1651 1419 1693 1482 ad
1706 1421 1804 1484 fldem

159 1519 228 1580 illis
244 1519 375 1596 quidem
390 1519 529 1592 nesciis,¹
542 1519 599 1580 sed
623 1520 758 1582 Patrum
780 1519 954 1582 benacum
1010 1519 1143 1590 Christi,
1160 1516 1515 1595 autquemadmodum,
1528 1519 1802 1602 quosnomiuari,

159 1616 295 1678 licentia
316 1633 351 1676 se
377 1616 536 1678 traduxit.
563 1617 723 1678 canonici
747 1632 877 1694 quoque
896 1616 955 1686 ¹hic
1010 1616 1117 1676 sancti
1146 1614 1267 1676 iratres
1303 1614 1459 1692 quinque,
1487 1615 1629 1677 irritatis
1656 1613 1805 1691 gentium

159 1713 332 1789 regulares
347 1713 439 1786 illius
450 1713 555 1790 ipsius
570 1714 603 1775 at
615 1713 759 1786 habitus,
772 1716 805 1775 et
820 1713 954 1774 Ordinis
1009 1711 1141 1784 animis,
1158 1711 1354 1790 martyrium
1367 1727 1426 1788 pro
1438 1713 1704 1792 Christiucmine
1716 1715 1807 1792 pate·

161 1812 272 1886 erant;
302 1810 402 1890 idque
437 1811 592 1888 amplius,
629 1813 715 1888 quod
748 1811 816 1873 vita
846 1810 955 1872 severi
1007 1810 1112 1872 retur.
1141 1809 1267 1885 Quippe
1295 1807 1336 1868 ad
1361 1824 1435 1870 earu
1459 1824 1529 1870 rem
1555 1811 1588 1870 et
1609 1811 1756 1888 paratus,
1773 1812 1807 1874 et

160 1909 282 1980 essent,
299 1909 333 1969 et
346 1908 453 1968 sacris
466 1908 501 1968 in
518 1908 639 1969 litteris
654 1908 830 1979 doctiores.
847 1908 956 1968 Theo-
1010 1907 1180 1984 promptus
1195 1905 1319 1977 animo,
1335 1905 1511 1978 desiderio,
1528 1907 1699 1985 voluntate
1720 1909 1803 1970 erat.

160 2005 258 2081 legiae
281 2005 385 2080 igitur
401 2007 473 2082 jam
498 2004 604 2068 libero
623 2006 748 2090 auimo,
765 2006 799 2068 et
826 2005 955 2066 solutus
1011 2004 1074 2064 Sed
1099 2003 1340 2080 impediebatur
1366 2003 1473 2074 modo,
1501 2002 1586 2080 quod
1611 2019 1719 2084 neque
1745 2019 1808 2080 pa-

162 2085 305 2164 stimulis
327 2102 529 2173 amicorum,
557 2103 606 2164 uti
634 2102 798 2180 cupiebat,
831 2101 956 2164 studuit
1009 2102 1098 2166 trum
1114 2100 1245 2177 injussu
1264 2098 1357 2164 abire
1381 2101 1509 2172 liceret,
1527 2116 1634 2178 neque
1649 2102 1678 2162 si
1693 2101 1805 2167 licen-

161 2198 248 2276 apud
269 2199 373 2272 ist0s;
390 2201 423 2260 et
437 2215 501 2276 que
516 2215 630 2261 sacras
646 2199 687 2262 ad
708 2201 838 2263 litteras
858 2199 957 2275 perti-
1009 2198 1091 2260 tiam
1102 2198 1307 2274 impetraret,
1322 2214 1465 2274 quonam
1476 2198 1572 2260 -foret
1587 2198 1651 2260 sibi
1664 2215 1807 2276 pergen-

158 2296 290 2368 nerent,
307 2312 347 2356 ea
360 2312 435 2358 cum
450 2297 509 2358 hei
522 2297 642 2372 gratia,
654 2299 724 2358 tum
736 2298 957 2358 humanostu-
1009 2297 1101 2369 dum,
1124 2295 1236 2358 sciret.
1256 2297 1361 2372 Opem
1380 2298 1483 2367 Deus,
1498 2297 1554 2372 qui
1575 2297 1735 2358 mentium
1756 2297 1807 2360 est

161 2391 219 2453 dio
232 2393 353 2453 miriuu
365 2392 399 2452 in
409 2393 541 2453 modum
553 2393 728 2470 amplexus
744 2395 805 2456 est.
819 2393 956 2456 Juvenis
1011 2393 1174 2456 bonarum
1201 2408 1332 2469 semper
1357 2393 1500 2469 adjutor,
1530 2409 1627 2454 seruo
1653 2409 1712 2456 suo
1741 2409 1804 2456 cu-

155 2489 237 2560 erat
251 2489 378 2564 ingenii
392 2489 518 2565 optimi,
540 2490 664 2566 liuguae
686 2490 860 2568 expedite,
882 2505 956 2553 me·
1011 2491 1117 2568 pienti
1131 2489 1282 2564 honesta,
1299 2491 1332 2552 et
1344 2489 1567 2552 sauctadedit.
1580 2493 1652 2554 Hoc
1663 2506 1805 2568 namque

163 2585 281 2649 moriae
306 2586 487 2662 perpetuae,
517 2587 618 2649 studii
643 2587 803 2659 continui,
832 2587 957 2664 ‚vigiliae
1007 2589 1055 2653 ad
1068 2587 1318 2660 monasterium,
1335 2586 1422 2664 quod
1434 2590 1523 2650 esset
1535 2586 1663 2650 divitiis
1675 2590 1803 2665 potens,

162 2683 288 2754 multae,
305 2681 516 2744 abstinentiae
538 2699 679 2760 magnae,
701 2685 778 2748 vitae
802 2685 956 2758 austerae,
1009 2688 1045 2748 et
1063 2687 1156 2762 large
1173 2684 1361 2762 petentibus
1386 2683 1616 2761 eleemosynas
1632 2686 1804 2761 erogaret,

165 2779 453 2855 contemplationis
471 2780 631 2854 assiduae;
656 2782 759 2854 animi
780 2797 860 2846 vero
875 2781 957 2842 adeo
1010 2782 1190 2848 ueniebant
1207 2797 1297 2858 saepe
1309 2782 1475 2843 Minorum
1491 2797 1534 2844 ex
1548 2781 1671 2844 Ordine
1683 2783 1806 2851 iratres

162 2876 264 2948 mitis,
287 2875 396 2938 utillo
415 2877 451 2936 in
470 2879 636 2943 conuentu
651 2894 712 2942 nec
727 2879 880 2956 quietior,
897 2893 958 2950 nec
1013 2880 1090 2951 duo,
1109 2881 1146 2943 ut
1171 2894 1271 2956 quam
1292 2879 1465 2957 portarent
1488 2879 1600 2952 sociis,
1622 2880 1808 2957 eleemosy-

165 2973 382 3046 obadientior,
404 2973 439 3036 et
452 2973 566 3038 divina
580 2975 622 3036 ad
636 2961 768 3051 ¹officia³
787 2977 820 3046 et
834 2975 958 3053 quavis
1014 2993 1090 3038 nam
1111 2977 1336 3054 quaeritarent.
1350 2977 1508 3038 Homines
1529 2978 1626 3040 erant
1645 2978 1702 3040 isti
1717 2978 1806 3041 tama

165 3070 361 3136 admunera
376 3069 719 3150 obeundaquisquam
739 3075 844 3142 esset.
859 3073 959 3137 Nulla
1012 3074 1105 3146 boni,
1117 3074 1180 3144 ,sed
1192 3074 1296 3150 magis
1312 3075 1516 3150 paupertate,
1534 3075 1733 3146 ohedientia,
1752 3074 1807 3136 ob·

163 3167 265 3248 ineo
279 3183 411 3244 pompa,
432 3169 530 3238 nulla
551 3170 730 3232 ostentatio
754 3187 761 3231 :
783 3170 841 3234 sed
866 3171 959 3233 tanta
1014 3171 1455 3248 servationeregulae,quam
1464 3171 1809 3235 multislitterisvene
1883 3175 1926 3250 j

165 3267 239 3329 erat
252 3266 288 3326 iu
304 3280 342 3326 eo
356 3266 570 3341 verecundia,
593 3269 692 3345 atque
712 3268 831 3345 pudor,
850 3267 959 3344 utqui
1014 3269 1127 3345 randi;
1145 3284 1206 3333 nec
1224 3269 1340 3344 procul
1357 3268 1554 3334 habitabant
1573 3271 1676 3344 iude;
1697 3270 1807 3334 locum

165 3363 256 3424 esset
270 3361 493 3434 doctissimus,
510 3362 613 3426 terme
627 3366 757 3428 nescire
770 3365 899 3429 litteras
914 3365 961 3428 vi·
1014 3366 1149 3428 nomine
1189 3368 1344 3428 sanctum
1369 3367 1551 3440 Antonium
1574 3370 1706 3430 vocant.
1739 3371 1809 3432 Hos

165 3459 310 3524 deretur.
326 3461 469 3535 'tempus
491 3462 602 3525 autem
623 3477 664 3522 ea
689 3462 818 3525 ratione
840 3463 959 3527 distri-
1011 3463 1126 3541 itaque
1143 3463 1316 3538 venientes
1334 3463 1389 3540 pie
1412 3464 1593 3542 alloquitur
1613 3465 1808 3527 Feruaudus

165 3555 248 3628 huit,
265 3558 302 3618 ut
316 3555 401 3616 nihil
413 3572 474 3632 per
486 3557 724 3636 negligentiam
739 3559 897 3632 evolaret,
913 3559 961 3620 ni·
1014 3561 1138 3623 noster.
1154 3559 1336 3621 Consilium
1356 3561 1473 3638 aperit.
1490 3561 1662 3622 Auxilium
1677 3563 1807 3638 quaerit.
1907 3620 1914 3631 ,

167 3653 218 3714 hil
230 3669 289 3731 per
302 3653 483 3716 vanitatem
499 3655 658 3718 efflueret.
678 3657 815 3718 Naturae
828 3657 960 3734 quidem
1017 3656 1203 3720 Sataudam
1222 3657 1269 3719 ita
1289 3657 1446 3734 disponit,
1461 3673 1536 3718 cum
1557 3657 1660 3730 insito
1679 3659 1712 3720 ei
1730 3674 1809 3735 quo-

166 3750 200 3812 id
217 3749 314 3812 modo
334 3751 493 3828 temporis
515 3753 712 3829 exponebat,
731 3769 793 3817 nec
805 3753 959 3830 amplius,
1016 3754 1104 3827 dam,
1120 3754 1153 3816 et
1166 3753 1296 3828 ingenti
1309 3753 1447 3828 spiritus
1462 3753 1683 3826 fervore‚tum
1695 3756 1809 3816 consi-
1900 3797 1906 3804 -

166 3847 252 3924 quod
265 3850 323 3911 aut
335 3847 411 3920 cibi,
435 3848 624 3926 autquietis
639 3851 823 3912 necessitas
842 3851 980 3928 postu-·
1017 3851 1075 3922 lio,
1101 3852 1135 3911 et
1160 3849 1392 3912 adhortatione
1429 3850 1548 3911 horum
1572 3851 1725 3923 fratrum,
1752 3851 1809 3929 qui

166 3943 263 4006 leret.
279 3943 456 4021 Reliquum
469 3945 646 4022 colligebat
658 3947 776 4023 totum;
790 3947 889 4024 idque
903 3961 963 4008 ve-
1014 3947 1242 4010 mendicantes
1266 3945 1413 4022 quotidie
1434 3946 1641 4020 advenirent,
1657 3947 1810 4026 bonaque

167 4039 387 4117 tutiquadam
411 4041 495 4117 lege,
518 4044 576 4112 aut
599 4043 724 4106 divinis
750 4043 881 4118 ciliciis,
904 4043 963 4105 aut
1017 4045 1226 4120 cumgratia,
1242 4044 1424 4117 voluntate,
1445 4060 1610 4107 consensu
1630 4049 1808 4124 majorum,
1861 4069 1863 4076 ·

168 4139 332 4215 majorum
355 4137 564 4212 obedientiae,
584 4142 643 4202 aut
665 4141 885 4214 meditationi,
905 4141 963 4203 aut
1017 4143 1104 4220 quod
1136 4141 1253 4204 relicto
1288 4142 1504 4214 monasterio,
1534 4143 1661 4219 habitu,
1693 4143 1810 4206 ordine

167 4234 365 4312 disciplinae,
388 4237 446 4298 aut
460 4236 569 4300 studio
583 4238 771 4302 litterarum
785 4239 895 4303 dabat.
1017 4239 1171 4303 canonici
1198 4239 1388 4314 Regularis,
1420 4239 1461 4314 ad
1495 4255 1592 4318 quem
1622 4242 1811 4318 proximum

209 4335 293 4393 Dum
319 4331 422 4408 igitur
450 4336 517 4395 Deo
542 4335 686 4400 serviret
711 4337 748 4398 iu
783 4336 962 4398 colimbria
1016 4337 1137 4400 fratrea
1155 4336 1206 4396 illi
1228 4336 1394 4398 habebant
1418 4337 1527 4398 locum
1546 4339 1654 4401 sancti
1675 4340 1811 4401 antonii

168 4430 304 4491 sanctus
325 4432 439 4490 noster
461 4432 637 4505 Antonius,
661 4435 772 4498 evenit
797 4434 894 4504 forte,
926 4437 964 4496 ut
1017 4434 1185 4512 proiectus
1199 4433 1261 4495 est.
1277 4432 1434 4495 Ordinem
1453 4433 1511 4508 ibi,
1525 4435 1559 4496 et
1572 4434 1722 4496 habitum
1736 4435 1810 4498 lra-

169 4525 301 4598 Petrus,
319 4526 375 4602 qui
391 4530 482 4590 esset
498 4531 593 4604 regni
614 4531 764 4593 castellae
783 4531 905 4604 iulans,
923 4547 962 4594 ac
1016 4534 1106 4594 trum
1120 4531 1286 4592 Minorum
1300 4531 1442 4608 sumpsit
1457 4529 1511 4592 :id
1521 4533 1632 4592 tamen
1644 4534 1721 4594 aute
1736 4549 1811 4592 om·

168 4622 259 4699 regis
272 4623 385 4695 trater,
399 4625 597 4688 miraculose
610 4632 746 4694 sanatus
759 4631 853 4706 gravi
869 4646 962 4692 mor·
1017 4629 1074 4690 uia
1089 4629 1216 4705 pactus,
1232 4627 1319 4704 quod
1338 4627 1388 4688 ire
1401 4628 1441 4689 ad
1457 4627 1621 4688 Barbaros
1634 4629 1761 4699 liceret,
1776 4630 1813 4689 ut

168 4719 223 4792 bo,
249 4720 421 4784 Menochia
444 4737 463 4783 e
482 4722 616 4786 civitate
630 4725 764 4799 rediret,
785 4743 963 4804 secumque
1018 4724 1293 4804 quemadmodum
1307 4723 1419 4786 animo
1434 4725 1614 4796 statuisset,
1629 4725 1811 4794 acdeside·

169 4818 362 4896 apportaret
385 4817 544 4896 reliquias
569 4822 713 4900 quinqua
738 4823 889 4898 fratrum,
906 4825 963 4902 qui
1018 4823 1110 4884 rarat
1135 4823 1267 4898 integra
1294 4824 1418 4894 menta,
1444 4822 1502 4884 aut
1525 4823 1732 4884 converteret
1752 4823 1809 4882 in-

169 4915 337 4987 Miuorum
350 4930 392 4976 ex
407 4917 530 4981 Ordine
543 4918 649 4996 patris
666 4921 774 4984 sancti
793 4922 963 4992 Francisci
1018 4919 1133 4982 fideles
1161 4919 1203 4980 ad
1234 4918 1332 4980 tidem
1361 4917 1496 4990 Christi,
1530 4921 1588 4980 aut
1615 4921 1812 4997 martyrium
1906 4929 1910 4935 ’

165 5014 263 5090 jussu
278 5012 417 5089 proiecti
432 5014 661 5089 adhemarus,
683 5019 720 5081 ut
733 5019 964 5084 converterant
1019 5033 1078 5095 pro
1103 5019 1184 5080 lesu
1206 5015 1330 5078 Christi
1358 5015 1491 5076 nomine
1513 5018 1693 5093 pateretur.
1720 5019 1812 5080 Tunc
1881 5049 1884 5054 ·

163 5109 300 5180 infidas,
317 5125 376 5187 pro
391 5112 525 5174 nomine
541 5113 664 5176 Christi
676 5115 775 5192 paulo
791 5117 965 5182 antemur-
1019 5129 1158 5192 quoque¹
1185 5113 1327 5176 mutavit
1359 5128 1491 5186 nomen,
1526 5129 1587 5176 uec
1616 5117 1812 5177 Fernaudus

169 5207 294 5283 tyrium
316 5208 405 5284 passi
432 5210 538 5271 erant.
568 5211 654 5274 Mari
679 5228 822 5290 namque
853 5215 964 5279 inter·
1019 5210 1150 5284 deinde,
1167 5211 1203 5272 ut
1217 5210 1340 5272 soleret
1354 5210 1459 5287 prius,
1472 5211 1529 5272 sed
1544 5212 1812 5275 Antoniusilllus

171 5303 508 5382 aueumflispaniarn
516 5311 965 5386 prospectantBarhari.Ma-
1019 5309 1117 5371 eloci
1132 5307 1279 5380 nomine,
1298 5309 1458 5384 quantum
1477 5308 1643 5384 existimo,
1662 5310 1814 5387 appella-

170 5399 321 5462 roohium
338 5401 384 5462 ibi
397 5417 545 5480 regnum,
563 5410 595 5466 et
610 5408 710 5483 caput
728 5409 823 5484 regni
847 5409 964 5473 civitas
1018 5409 1072 5468 tus
1087 5407 1147 5468 est.
1165 5407 1279 5482 Neque
1295 5421 1374 5468 vero
1389 5406 1549 5469 adversor
1563 5407 1644 5481 illis,
1662 5407 1718 5484 qui
1736 5424 1812 5469 eum

171 5497 342 5560 Murochia
354 5501 405 5561 est
423 5523 430 5559 ε
447 5517 528 5596 gens
546 5505 790 5569 verounirersa
807 5505 981 5579 infidelis,
1020 5504 1186 5582 praesagio
1212 5502 1358 5580 quodam
1382 5505 1584 5580 appellatum
1619 5505 1810 5577 Antonium,

171 5593 328 5669 barbara,
342 5597 374 5657 et
389 5597 563 5664 christiani
577 5602 722 5666 nominis
733 5602 880 5666 inimica.
895 5607 967 5668 Hu—
1020 5602 1106 5680 quod
1117 5604 1205 5664 esset
1219 5603 1285 5666 alta
1294 5602 1480 5676 tonaturus,
1494 5605 1620 5680 putant.
1633 5603 1819 5684 autonium¹
