4158 6380
122 317 182 380 lla
695 313 1019 377 PhoLnothNa.
1041 343 1082 359 -
1103 313 1211 375 vlhh.

121 477 215 540 neris
237 473 316 538 aves
331 475 421 537 circa
439 474 544 552 ipsius
557 473 714 536 cellulam
730 475 919 548 volitantes,
976 473 1129 535 hominos
1150 473 1190 534 ad
1213 473 1369 551 pietatem
1389 487 1568 535 conversos
1583 472 1774 536 attentave-

123 575 289 636 concentu
304 588 426 634 sonoro
449 573 483 633 et
503 572 628 634 laetitiae
648 571 808 648 gestibus,
826 573 921 650 quasi
977 571 1056 632 runt
1065 571 1208 647 amplius
1221 571 1393 642 desaevire,
1411 568 1568 648 quamdiu
1579 571 1677 648 juxta
1692 587 1775 632 con-

121 673 254 749 deejus
267 670 411 732 adventu
424 669 618 745 gaudentes,
628 670 755 746 patrem
767 671 857 747 pium
873 671 923 730 in·
977 668 1099 730 dictum
1129 668 1244 730 contra
1270 668 1438 744 piissimas
1464 669 1524 730 Dei
1552 667 1643 744 leges
1671 669 1774 745 impie

123 769 231 831 vitare
260 783 300 829 ac
321 767 458 828 allicere
482 766 680 828 videbantur
710 766 752 828 ad
781 782 919 828 moram.
975 781 1041 827 non
1057 766 1206 840 egerunt.
1229 765 1288 826 Pie
1307 766 1410 840 igitur
1426 765 1634 826 sentiendum
1657 767 1707 827 est
1732 767 1773 826 de

124 869 197 938 Quo
219 867 303 936 viso,
326 864 412 925 dixit
434 865 475 925 ad
500 865 649 925 socium:
667 865 785 935 Cerno,
803 864 918 936 irater,
976 863 1099 940 pietate
1115 863 1177 925 viri
1193 863 1293 934 beati,
1309 863 1460 940 qnaetam
1476 864 1568 924 mirae
1587 863 1772 924 dulcedinis

123 962 306 1025 voluntatis
333 977 406 1023 esse
430 961 563 1034 divinae,
588 961 674 1038 quod
689 961 743 1022 hic
756 961 922 1039 aliquam·
975 960 1010 1021 et
1020 961 1153 1022 virtutis
1167 959 1242 1032 tuit,
1258 963 1295 1022 ut
1309 961 1459 1022 domaret
1479 960 1615 1033 ferocia,
1637 961 1772 1024 domes-

119 1061 177 1122 diu
206 1074 462 1131 commoremur,
477 1059 605 1121 tantum
627 1073 759 1120 sorores
779 1059 920 1120 aviculae
973 1059 1093 1120 ticaret
1107 1057 1288 1128 silvestria,
1305 1057 1478 1120 mansueta
1492 1056 1634 1129 doceret,
1648 1060 1680 1119 et
1689 1058 1773 1119 bru-

121 1157 164 1218 de
187 1157 302 1219 nostra
330 1157 486 1220 videntur
519 1156 699 1233 praesentia
739 1155 918 1217 consolari.
973 1156 1083 1217 torum
1099 1155 1264 1227 naturam,
1277 1155 1404 1216 homini
1410 1157 1480 1232 jam
1491 1155 1587 1230 lapso
1600 1155 1770 1228 rebellem,

1715 315 1775 377 118
1888 285 1891 290 ’

123 1257 205 1316 Cum
230 1253 334 1330 igitur
360 1253 573 1317 contraheret
596 1253 644 1314 ibi
670 1267 809 1325 moram,
834 1253 920 1315 falco

120 1351 244 1413 ibidem
272 1351 448 1412 nidificans
478 1366 597 1426 magno
623 1367 660 1412 se
687 1350 740 1411 illi
764 1351 920 1412 amicitiae

121 1449 248 1510 foedere
263 1448 441 1524 copulavit.
460 1449 545 1508 Nam
562 1463 692 1524 semper
706 1448 824 1510 horam
839 1463 921 1508 noc·

120 1548 221 1607 turno
244 1545 404 1621 tempore,
434 1544 470 1604 in
485 1559 550 1621 qua
576 1545 629 1606 vir
648 1545 707 1604 Dei
722 1545 856 1606 sanctus
878 1545 919 1605 ad

121 1643 236 1704 divina
248 1641 358 1703 oldaia
374 1656 511 1717 surgere
523 1641 736 1713 solltnserat,
749 1643 849 1703 cantu
859 1657 919 1702 suo

122 1737 349 1818 praeveniebat
361 1739 394 1800 et
407 1753 500 1800 sono.
519 1739 611 1810 Quod
628 1738 751 1800 lamulo
766 1740 826 1800 Dei
840 1753 921 1815 gra·

120 1837 288 1899 tissimum
309 1835 392 1908 erat,
420 1851 461 1898 eo
475 1835 562 1912 qnod
585 1838 679 1898 tanta
706 1836 917 1909 sollicitudo,

122 1950 222 2012 quam
251 1934 340 1996 circa
367 1949 442 1996 eum
466 1933 612 2010 gerebat,
634 1942 765 1995 omnem
780 1933 822 1995 ab
846 1935 919 2010 ipso

121 2033 289 2109 torporem
305 2030 441 2092 desidiae
463 2032 644 2092 excelleret.
657 2033 737 2092 Cum
753 2046 833 2093 vero
848 2045 920 2093 ser-

120 2147 183 2192 vus
195 2129 319 2191 Christi
341 2128 536 2190 infirmitate
557 2129 630 2205 plus
646 2129 744 2191 solito
759 2145 920 2206 gravaro·

119 2229 187 2299 tur,
214 2227 371 2304 parcebat
394 2226 491 2300 falco,
519 2243 581 2288 neo
606 2228 673 2288 tam
705 2225 918 2304 tempestivas

121 2324 292 2387 indicebat
306 2324 450 2400 vigilias.
468 2325 503 2384 Si
518 2324 650 2400 quidem
665 2324 757 2386 velut
769 2324 917 2386 instruc·

119 2424 175 2483 tus
191 2438 210 2482 a
226 2425 305 2490 Deo,
320 2421 410 2484 circa
435 2421 617 2482 diluculum
630 2438 700 2484 suae
714 2423 806 2483 vocis
822 2437 917 2482 cam-

119 2535 243 2598 panam
264 2518 330 2580 levi
354 2519 444 2580 tactu
466 2518 629 2595 pulsabat.
656 2519 810 2580 Divinum
829 2519 917 2581 certo

119 2617 253 2678 videtur
276 2616 380 2677 luisse
402 2616 614 2693 praesagium,
627 2617 696 2677 tam
721 2616 756 2677 in
785 2615 918 2678 exulta·-

119 2714 213 2776 tione
239 2713 425 2776 multimodi
451 2713 584 2790 generis
609 2715 732 2785 avitam,
760 2729 858 2791 quam
881 2714 917 2774 in

122 2812 225 2874 cantu
247 2810 398 2884 falconis,
424 2827 497 2872 cum
521 2812 581 2872 Dei
596 2811 750 2872 laudator
763 2812 796 2874 et
809 2811 918 2872 cultor

117 2909 238 2985 pennis
260 2907 548 2984 contemplationis
564 2908 752 2980 subvectus,
768 2909 848 2970 tunc
863 2907 914 2969 lo-

118 3007 172 3068 ret
183 3006 252 3068 illic
263 3005 471 3084 apparitione
482 3005 656 3082 seraphiae
673 3005 914 3066 sublimandus.

159 3105 288 3164 Moram
313 3118 353 3164 eo
380 3102 522 3165 iaciente
548 3106 696 3179 tempore
721 3102 864 3179 quodam
880 3102 916 3163 in

116 3185 309 3263 eremitorio
322 3200 455 3272 oraeen,
470 3199 537 3261 ioci
553 3200 644 3260 illius
660 3199 827 3276 indigenae
843 3217 917 3261 ma-

115 3299 160 3359 lis
175 3296 412 3375 multiplicibus
427 3295 646 3360 vexabantur.
665 3297 751 3359 Nam
767 3298 800 3359 et
814 3297 914 3374 lupo-

115 3411 192 3458 rum
210 3396 381 3472 rapacium
394 3395 582 3467 multitudo,
600 3409 666 3456 non
677 3394 784 3456 solum
802 3394 913 3467 bruta,

117 3493 176 3554 sed
196 3492 230 3553 et
251 3492 403 3554 homines
417 3491 643 3563 eonmnebat,
660 3493 693 3554 et
707 3492 834 3568 grando
855 3507 917 3552 an-

116 3605 184 3650 nua
200 3589 396 3666 tempestate
418 3589 516 3650 blada
533 3591 565 3651 et
578 3589 694 3650 vineas
709 3589 913 3650 devastabat.

116 3689 201 3748 Dum
223 3687 328 3762 igitur
350 3687 398 3748 sic
419 3686 552 3747 afflictis
576 3701 684 3762 praeco
702 3687 790 3746 sacri
806 3687 917 3747 Evan-

116 3784 197 3860 gelii
212 3783 423 3859 praedicaret,
434 3783 520 3845 dixit
542 3783 582 3843 ad
598 3798 655 3843 eos
670 3804 678 3842 :
694 3783 741 3844 Ad
754 3784 916 3844 honorem

975 1252 1092 1313 adsui
1120 1253 1342 1315 obedientiam
1367 1252 1556 1313 inclinaret.
1584 1253 1671 1314 Vere
1699 1252 1772 1323 baec

974 1351 1035 1421 est,
1047 1367 1120 1427 quae
1135 1365 1250 1412 omnes
1267 1351 1438 1411 creaturas
1453 1349 1516 1410 sibi
1528 1347 1770 1421 confoederans,

973 1447 1064 1509 valet
1074 1447 1115 1509 ad
1129 1448 1251 1518 omnia,
1258 1451 1529 1522 promissionem
1538 1449 1665 1509 babens
1677 1447 1771 1518 oltae,

974 1559 1052 1619 quae
1063 1560 1155 1608 nunc
1167 1546 1229 1618 est,
1246 1547 1281 1608 at
1295 1547 1426 1622 staturae
1441 1543 1470 1624 (1
1485 1545 1639 1618 Tim.,1v,
1653 1542 1699 1624 8).

1258 1796 1396 1894 GAPJJT
1425 1797 1480 1856 IX.

1036 1965 1087 2026 De
1112 1965 1252 2038 fervore
1285 1963 1456 2035 caritatis,
1480 1963 1515 2025 et
1538 1965 1707 2026 desiderio

1285 2061 1463 2136 martyra.

1014 2229 1192 2290 caritatem
1214 2227 1407 2302 ferventem,
1423 2246 1487 2306 qua
1505 2209 1630 2305 Sponsi'
1643 2230 1771 2290 amicus

973 2326 1172 2388 Dranciscus
1186 2326 1333 2398 ardebat,
1344 2327 1417 2403 quis
1431 2341 1590 2387 enarrare
1605 2327 1769 2388 sufficiatl

972 2422 1073 2485 Totus
1089 2439 1230 2500 namque
1248 2424 1344 2501 quasi
1370 2423 1503 2501 qnidam
1527 2424 1627 2486 carbo
1643 2423 1768 2500 ignitus

973 2519 1078 2581 divini
1103 2521 1226 2581 amoris
1239 2521 1372 2582 flamma
1391 2521 1566 2583 videbatur
1580 2521 1767 2598 absorptus.

974 2616 1088 2679 Subito
1104 2619 1193 2679 enim
1206 2618 1246 2679 ad
1262 2619 1411 2680 auditum
1422 2620 1546 2683 amoris
1561 2620 1692 2680 Domini
1707 2635 1769 2680 ex-

972 2713 1663 2790 citabatur,inflammabatur,alliciebatur,
1673 2715 1768 2794 quasi

970 2810 1103 2889 plectro.
1121 2813 1213 2874 vocis
1233 2812 1431 2876 extrinsecae
1446 2813 1571 2875 chorda
1585 2813 1695 2875 cordis
1709 2815 1768 2875 in-

972 2907 1077 2970 terior
1104 2910 1307 2985 tangeretur.
1326 2911 1438 2971 Talem
1461 2927 1520 2987 pro
1545 2911 1766 2988 eleemosynis

973 3019 1107 3066 censum
1123 3006 1255 3078 offerre,
1270 3007 1414 3068 nobilem
1430 3007 1696 3084 prodigalitatem
1712 3008 1767 3069 di·

972 3102 1077 3174 cebat,
1094 3103 1127 3164 et
1146 3118 1214 3176 eos,
1234 3105 1290 3181 qui
1306 3103 1415 3165 minus
1428 3105 1537 3181 ipsum
1552 3121 1649 3182 quam
1663 3104 1768 3167 dena-

971 3199 1040 3260 rios
1063 3201 1269 3276 reputarent,
1288 3217 1362 3262 esse
1391 3202 1615 3269 stultissimos,
1643 3217 1704 3279 pro
1726 3217 1767 3264 eo

971 3297 1058 3372 quod
1074 3297 1180 3359 solius
1200 3297 1305 3360 divini
1321 3299 1444 3360 amoris
1460 3299 1681 3376 impretiabile
1696 3315 1769 3378 pre·

971 3393 1053 3454 tium
1069 3387 1265 3471 adregnum
1288 3396 1447 3458 coelorum
1463 3395 1608 3458 sufficiat
1627 3401 1774 3475 compa·'

971 3490 1251 3569 randumetejus,
1261 3494 1316 3569 qui
1325 3493 1532 3555 nosmultum
1542 3494 1767 3566 amavitmul·

970 3587 1039 3648 tum
1052 3589 1095 3649 sit
1103 3604 1198 3649 amor
1207 3591 1380 3650 amandus.
1390 3592 1432 3652 ut
1441 3592 1551 3652 autem
1560 3607 1603 3652 ex
1613 3590 1765 3653 omnibus

971 3684 1175 3747 excitaretur
1194 3686 1234 3747 ad
1261 3703 1407 3748 amorem
1422 3687 1583 3760 divinum,
1598 3671 1769 3750 exultabat

970 3782 1005 3842 in
1021 3783 1149 3843 cunctis
1161 3783 1316 3858 operibus
1331 3800 1488 3844 manuum
1503 3786 1646 3856 Domini,
1661 3787 1693 3846 ot
1708 3799 1768 3862 por

116 3880 151 3942 et
165 3880 298 3941 laudem
311 3880 371 3942 Dei
384 3880 632 3957 omnipotentis,
646 3879 810 3958 ildejubeo
822 3880 915 3942 vobis
966 3879 1187 3956 jucunditatis
1203 3880 1337 3955 specula
1351 3881 1387 3940 in
1405 3881 1571 3942 vivificam
1588 3897 1769 3958 consurge-
1785 3936 1789 3942 .

117 3977 205 4055 quod
234 3978 423 4054 pestilentia
450 3977 524 4039 haec
552 3977 659 4039 omnis
688 3977 865 4052 abscedat3
882 3979 916 4039 et

113 4074 298 4151 respiciens
324 4091 383 4136 vos
410 4074 569 4136 Dominus
603 4075 842 4152 multiplicabit
879 4077 914 4136 in

113 4173 354 4250 temporalibus
377 4172 486 4243 bonis,
513 4172 542 4233 'si
563 4173 646 4234 mihi
663 4173 835 4234 credentes
850 4174 916 4233 mi-

1 4291 4 4298 ’
114 4271 295 4332 sereamini
311 4270 425 4338 vestri,
441 4271 477 4331 ut
498 4285 578 4331 vera
602 4270 814 4332 confessione
827 4286 916 4348 prae·

113 4368 218 4429 missa
244 4368 362 4443 dignos
391 4367 522 4429 faciatis
542 4368 747 4444 poenitentiae
774 4367 912 4429 tructus.

114 4467 238 4528 Iterum
254 4465 317 4526 hoo
332 4466 494 4526 annuntio
510 4464 616 4536 vobis,
634 4466 720 4543 quod
744 4466 772 4526 si
787 4465 915 4527 beneti-

114 4563 178 4624 ciis
205 4562 328 4638 ingrati
353 4562 392 4622 ad
418 4563 577 4624 vomitum
598 4563 752 4624 conversi
768 4561 911 4634 fueritis,

113 4659 914 4736 innovabiturplaga‚duplicabiturpoena,etma-

107 4757 178 4832 jori
192 4757 226 4817 in
241 4772 299 4818 vos
316 4756 366 4817 ira
381 4757 549 4820 desaeviet.
564 4757 612 4818 Ab
627 4756 686 4818 illa
702 4757 817 4834 utique
828 4757 912 4819 hora

110 4855 342 4932 poenitentiam
354 4855 395 4914 ad
406 4854 673 4916 exhortationem
684 4854 790 4931 ipsius
803 4869 911 4930 agen-

970 3975 1769 4055 batrationemetcausamdontuebaturinpul-

971 4073 1060 4133 chris
1076 4073 1347 4150 pulcherrimum,
1365 4075 1397 4136 et
1412 4091 1471 4151 per
1483 4075 1646 4151 impressa
1667 4075 1768 4136 rebus

969 4170 1129 4247 vestigia,
1160 4171 1425 4248 prosequebatur
1451 4171 1572 4250 ubique
1596 4173 1765 4246 dilectum,

969 4269 1010 4328 de
1030 4268 1184 4330 omnibus
1209 4268 1273 4329 sibi
1298 4269 1422 4330 scalam
1436 4268 1574 4342 iaciens,
1595 4287 1654 4348 per
1669 4287 1767 4349 quam

969 4366 1209 4428 conscenderet
1223 4367 1264 4427 ad
1278 4367 1595 4444 apprehendendum
1609 4385 1694 4440 eum,
1710 4370 1767 4446 qui

969 4464 1020 4525 est
1030 4464 1117 4525 totus
1129 4463 1542 4526 desiderabilislnauditae
1555 4481 1697 4543 namque
1713 4467 1767 4528 de·

967 4561 1765 4634 votionisaffectu,fontalemillamhonitatemin

969 4660 1133 4720 creaturis
1160 4659 1314 4736 singulis,
1331 4661 1489 4736 tanquam
1513 4660 1546 4720 in
1569 4660 1689 4722 rivulis
1702 4661 1766 4722 de-

967 4756 1134 4831 gustabat,
1170 4759 1202 4819 et
1238 4757 1333 4834 quasi
1362 4758 1530 4819 coelestem
1568 4759 1766 4819 concentum
1813 4746 1816 4754 ’

967 4853 1154 4931 perciperet
1169 4855 1204 4915 in
1220 4855 1439 4916 consonantia
1459 4855 1629 4927 virtutum,
1656 4857 1689 4917 et
1703 4872 1764 4917 ac·

110 4950 202 5014 tibus
222 4951 302 5024 illis,
327 4952 544 5038 cessaverunt
568 4951 691 5023 clades,
707 4951 837 5027 periere
854 4967 912 5028 pe-
967 4953 1060 5011 tunm
1087 4952 1136 5012 eis
1158 4952 1311 5014 datorum
1332 4968 1352 5012 a
1375 4954 1453 5022 Deo,
1471 4953 1561 5028 ipsas
1576 4953 1617 5012 ad
1633 4953 1766 5014 laudem

110 5049 231 5120 ricula,
249 5063 309 5110 nec
320 5048 480 5110 molestiae
491 5049 670 5126 quidquam
683 5049 752 5126 lupi
769 5050 912 5111 intulere
967 5049 1098 5111 Domini
1113 5064 1206 5110 more
1218 5049 1388 5127 prophetae
1403 5049 1507 5111 David
1524 5049 1666 5112 dulciter
1680 5051 1765 5112 hor·

110 5147 911 5224 velgrandines.1mo,quodmajusest,siquando
966 5145 1110 5208 tabatur.

109 5245 301 5307 vicinorum
317 5260 397 5305 arva
409 5244 536 5320 grando
551 5243 758 5321 pervaderet,
771 5243 910 5306 istorum
1006 5243 1157 5306 Christus
1185 5247 1284 5305 Jesus
1315 5243 1496 5306 crucifixus
1522 5245 1612 5307 intra
1644 5247 1765 5308 mentis

109 5342 265 5406 terminis
281 5341 563 5419 appropinquans,
585 5341 828 5404 terminabatur
842 5343 910 5403 ibi·
966 5358 1035 5403 suaa
1063 5342 1177 5413 ubera,
1194 5343 1231 5403 ut
1259 5341 1404 5420 myrrhae
1426 5341 1618 5416 fasciculus,
1639 5345 1766 5421 jugiter

111 5443 201 5512 dem,
219 5441 325 5502 autin
348 5443 476 5517 partem
499 5440 599 5500 aliam
615 5440 809 5502 divertebat.
828 5443 911 5502 Ces·
966 5440 1169 5512 morabatur,
1198 5441 1233 5500 in
1246 5457 1343 5516 quem
1370 5440 1505 5517 optabat
1518 5459 1579 5518 per
1598 5439 1763 5502 excessivi

111 5540 203 5601 savit
226 5537 365 5614 grando,
394 5539 614 5600 servaverunt
634 5537 667 5599 et
692 5539 762 5616 lupi
784 5538 912 5614 pactio·
966 5539 1090 5598 amoris
1117 5538 1308 5600 incendium
1342 5539 1490 5600 totaliter
1516 5537 1762 5601 transformari.

108 5651 187 5699 nem
199 5635 289 5697 servi
308 5635 379 5706 Dei,
398 5651 460 5696 nec
479 5637 594 5696 contra
609 5635 740 5712 pietatis
757 5635 862 5711 legem
877 5635 910 5696 in
967 5637 1192 5712 praerogativa
1219 5652 1348 5714 qtioque
1370 5636 1550 5713 peculiaris
1575 5635 1762 5696 devotionis
