4114 6396
335 322 392 382 931
758 320 790 379 S.
813 315 987 378 ANTONII
1016 315 1202 380 PADUANI
1235 319 1371 380 OPERA
1404 317 1549 390 OMNIA.
1905 322 1952 382 932

332 496 392 558 per
413 477 657 558 poenitentiam
680 475 713 538 et
736 476 965 538 desiccabitar
987 477 1128 550 navius,
1185 477 1308 550 omnia,
1323 478 1356 539 et
1371 492 1438 538 nox
1451 478 1485 539 in
1499 493 1560 538 suo
1575 491 1676 538 cursu
1688 476 1751 538 iter
1766 475 1900 538 medium
1911 495 1951 556 pe

330 578 418 639 idest
440 573 674 637 inundationes
704 588 881 650 pravorum
912 573 1129 634 consiliorum
1184 574 1317 648 regeret
1339 571 1399 653 (2),
1420 574 1629 650 omnipotens
1654 589 1762 635 sermo
1787 573 1876 648 tuus,
1898 577 1952 638 Da·

331 671 605 746 desiccabuntur;
640 671 673 731 εῖ
706 671 900 732 atterebant
925 672 1128 744 piscatores,
1180 671 1285 744 mine,
1311 687 1330 732 a
1352 670 1520 746 regalibus
1543 669 1677 732 sedibus
1691 669 1952 750 venit»(3).Nox

330 770 408 848 quia
421 769 598 831 tristantur
610 767 789 840 daemones,
812 767 943 845 quando
959 767 1130 829 siccantur
1185 767 1415 844 iniquitatem,
1455 767 1525 830 sive
1552 770 1687 844 peccata
1715 767 1874 844 designat.
1894 769 1953 830 Nox

331 867 469 928 fiumina
490 865 709 942 voluptatum.
726 865 904 927 Mittentes
925 868 1078 936 bantana,
1096 866 1130 925 et
1186 863 1294 926 media
1309 865 1359 926 est
1372 865 1460 929 inter
1474 881 1625 944 vespere,
1641 868 1675 927 et
1694 881 1803 926 mane.
1826 866 1876 926 Sic
1889 882 1952 942 pec·

330 964 566 1039 expandentes
581 964 667 1023 rete.
695 961 801 1022 Piscis
821 963 855 1022 in
879 961 978 1024 hamo
999 963 1128 1038 captus,
1185 965 1306 1036 catum,
1321 964 1392 1024 sive
1407 963 1568 1040 iniquitas
1594 963 1739 1024 medium
1765 964 1870 1026 locum
1883 965 1954 1024 tenet

329 1060 454 1138 aliquid
471 1058 580 1130 babet,
598 1075 662 1136 quo
678 1057 858 1136 decipitur;
875 1060 992 1135 captus
1011 1075 1031 1118 a
1046 1059 1129 1128 rete,
1186 1061 1274 1124 inter
1287 1063 1419 1136 Legem,
1441 1077 1514 1138 quae
1530 1077 1590 1137 per
1604 1077 1754 1137 vespere,
1776 1063 1810 1122 et
1829 1063 1954 1136 Evange-

330 1159 422 1220 nulla
443 1157 619 1218 dulcedine
641 1156 799 1218 allicitur.
814 1159 862 1218 Ita
885 1159 962 1219 sunt
982 1156 1129 1234 quidam,
1186 1156 1278 1232 lium,
1296 1157 1382 1234 quod
1395 1172 1455 1234 per
1470 1173 1567 1218 mane
1580 1157 1792 1234 intelligitur.
1809 1158 1846 1219 nt
1859 1157 1890 1216 in
1907 1157 1954 1218 boc

331 1257 387 1334 qui
412 1255 526 1332 aliqua
546 1253 720 1316 dulcedine
739 1253 917 1330 capiuntur
938 1269 958 1315 a
981 1255 1129 1330 peecata
1187 1254 1274 1315 statu
1290 1253 1399 1314 medio
1418 1253 1498 1317 iecit
1513 1270 1580 1317 nox
1595 1270 1729 1317 cursum
1742 1270 1850 1326 suum,
1865 1255 1955 1332 inqua

331 1353 388 1416 sed
400 1351 495 1414 multi
503 1351 621 1428 gratis,
629 1351 720 1412 nulla
729 1350 1013 1428 tractlvoluptatis
1022 1349 1133 1412 illece-
1187 1353 1320 1414 notatur
1340 1350 1545 1413 abundantia
1565 1349 1791 1428 peccatorum,
1809 1366 1865 1427 per
1878 1367 1955 1426 quan

330 1451 402 1524 bra,
417 1449 499 1512 vitio
514 1465 551 1510 se
566 1447 773 1510 submittunt.
790 1447 851 1510 Vel
867 1448 916 1509 sic
930 1449 1020 1532 εεΕῖ
1035 1463 1133 1508 ares·
1187 1445 1330 1510 silebant
1353 1447 1465 1508 omnia
1489 1464 1509 1509 a
1524 1447 1623 1509 laude
1638 1448 1784 1509 Domini.
1797 1446 1885 1510 Unde
1896 1449 1955 1508 lune

330 1550 384 1610 cei
401 1563 488 1625 aqua
513 1546 553 1608 de
582 1545 677 1617 mari,
706 1548 806 1608 eto.»
827 1549 922 1622 Aqua
951 1545 1056 1606 maris
1081 1547 1133 1606 est
1187 1544 1300 1607 illuxit
1323 1543 1407 1616 dies,
1436 1545 1477 1606 de
1501 1561 1566 1623 qua
1589 1544 1783 1608 dicitnrbio
1801 1567 1807 1604 :
1826 1548 1906 1606 Τεεε
1917 1547 1955 1606 θεῖ

331 1643 507 1707 multitudo
523 1658 704 1720 pravarum
719 1641 976 1718 cogitationum
994 1641 1130 1713 nuliius,
1187 1646 1271 1718 dies,
1296 1644 1330 1706 et
1354 1643 1489 1706 tuaest
1513 1658 1596 1704 noa.
1622 1644 1679 1704 Εεῖ
1693 1643 1785 1704 enim
1809 1657 1873 1704 nox
1889 1641 1954 1702 bona

332 1741 510 1804 delectatio
525 1739 732 1816 temporalis,
749 1755 823 1816 quae
834 1755 908 1800 cum
922 1737 1018 1800 arida
1032 1735 1134 1800 luerit
1188 1738 1369 1801 obscurans
1393 1738 1481 1801 diem
1504 1739 1639 1808 malum,
1662 1741 1718 1802 cui
1733 1739 1900 1801 maledixit
1910 1737 1955 1800 lob

331 1853 392 1917 per
412 1837 567 1914 gratiam,
589 1836 781 1898 moerebant
810 1835 1017 1912 piscatores,
1044 1835 1133 1897 idest
1189 1837 1233 1916 (3,
1249 1839 1268 1898 3
1282 1839 1315 1899 et
1329 1838 1362 1916 5)
1378 1858 1384 1898 :
1401 1839 1551 1900 «Pereat
1563 1838 1646 1906 dies,
1657 1838 1693 1898 in
1706 1853 1773 1914 qua
1781 1839 1880 1898 natus
1890 1853 1954 1908 sun,

333 1934 470 2006 diaboli,
487 1934 543 2011 qni
560 1933 826 1995 summittentes
841 1935 994 2006 bamam,
1010 1934 1043 1994 et
1064 1947 1132 1994 ea·
1188 1936 1221 1998 et
1244 1951 1322 2008 nox,
1346 1934 1380 1994 in
1401 1951 1466 2012 qua
1490 1934 1614 1996 dictum
1639 1938 1689 1995 θεῖ
1715 1956 1722 1994 :
1752 1936 1856 1996 Natus
1868 1933 1909 2012 (4)
1920 1935 1956 1993 θεῖ

331 2033 524 2110 pandentes
546 2031 703 2092 retta.1n
725 2030 824 2090 bama
848 2031 899 2091 est
913 2045 1001 2102 esca,
1019 2029 1052 2090 in
1069 2044 1132 2106 quo
1189 2034 1288 2094 homo
1302 2032 1335 2092 in
1354 2032 1486 2095 mundo.
1512 2033 1697 2095 Obscurent
1721 2049 1798 2094 eum
1821 2031 1955 2102 tenebra,

334 2129 497 2207 deceptio,
515 2128 568 2189 vel
588 2126 765 2189 delectatio
785 2125 955 2200 innuitur;
972 2141 1032 2203 per
1047 2125 1133 2204 quod
1189 2132 1222 2191 et
1234 2129 1350 2191 umbra
1363 2130 1491 2206 mortis,
1508 2131 1647 2208 occupet
1662 2146 1738 2192 eum
1755 2129 1872 2206 caligo,
1887 2129 1957 2189 etin·

335 2229 498 2304 signatur,
509 2225 596 2302 quod
610 2224 771 2301 quosdam
786 2225 923 2303 capiunt
935 2223 1059 2285 diaboli
1075 2239 1134 2301 per
1188 2227 1344 2290 volvatur
1362 2217 1596 2298 amaritudine.
1619 2246 1638 2288 s
1657 2231 1780 2290 Pereat
1798 2231 1877 2298 dics,
1892 2225 1957 2286 idest

335 2324 572 2387 delectationes
606 2321 746 2399 peccati,
771 2320 932 2399 quosdam
964 2337 1044 2384 vero
1075 2338 1135 2399 per
1190 2325 1335 2388 carnalis
1354 2324 1548 2400 delectatio;
1572 2325 1605 2387 et
1629 2341 1719 2398 noa,
1746 2325 1834 2386 idest
1859 2323 1955 2384 mentis

335 2423 473 2494 nullam,
487 2421 554 2482 imo
567 2420 602 2481 in
624 2420 752 2480 tantum
768 2420 845 2480 sunt
860 2418 1030 2493 obstinati,
1047 2419 1133 2496 quod
1190 2423 1387 2497 excaecati03
1413 2425 1450 2484 in
1470 2438 1538 2498 aaa
1558 2424 1663 2486 stains
1690 2425 1742 2484 est
1767 2427 1873 2494 aomo,
1894 2419 1958 2480 idest

336 2519 462 2608 licetlin
478 2517 614 2595 peccato
630 2515 756 2577 nullam
768 2515 914 2579 babeant
935 2516 1134 2579 delectatio·
1190 2521 1297 2582 sactus
1318 2521 1369 2582 θεῖ
1392 2523 1556 2598 peccator.
1582 2521 1730 2591 Pereat,
1758 2521 1844 2582 idest
1867 2519 1958 2592 vigore

339 2632 426 2689 nem,
442 2617 554 2678 tamen
573 2614 723 2692 peccant.
1186 2618 1337 2695 justitiae,
1354 2621 1387 2680 et
1405 2618 1609 2694 poenitentiae
1631 2619 1836 2680 destruatur.
1857 2618 1957 2678 Obscu-

1190 2718 1270 2778 rent
1282 2731 1371 2788 eant,
1386 2715 1471 2776 idest
1486 2715 1574 2776 diem
1589 2716 1728 2792 peccati,
1745 2717 1900 2784 tenebra,
1910 2710 1959 2772 ssi·

1191 2812 1271 2876 licet
1284 2811 1429 2876 lamenta
1440 2813 1656 2890 poenitentiae,
1667 2815 1700 2876 et
1711 2817 1838 2876 sambra
1847 2809 1957 2878 mortis,

571 2885 711 2948 SERMO
733 2887 905 2947 CXXXIX·
1191 2910 1278 2972 idest
1298 2925 1388 2971 mors
1410 2909 1544 2983 Christi,
1568 2927 1642 2987 quae
1666 2910 1788 2987 simpla
1804 2909 1873 2972 tuit.
1887 2907 1959 2968 bien

342 3032 384 3087 be
398 3026 474 3086 bono
489 3025 545 3097 die,
559 3033 588 3084 et
599 3024 690 3096 malo;
711 3024 747 3084 de
757 3023 831 3083 bona
845 3033 939 3096 εεεῖθ,
952 3033 983 3084 et
994 3025 1085 3097 mala3
1100 3023 1136 3084 de
1191 3008 1246 3071 hic
1269 3006 1417 3086 appellat
1437 3007 1690 3070 delectationem
1717 3007 1893 3078 carnalem,
1907 3003 1959 3063 siue

619 3129 731 3184 aurore,
748 3120 777 3172 et
789 3115 859 3172 sole.
1191 3105 1334 3182 gloriam
1348 3104 1562 3178 mundanam,
1584 3105 1621 3168 in
1636 3121 1701 3182 qua
1721 3106 1817 3181 prius
1838 3101 1961 3164 nascitur

1191 3204 1289 3265 bomo
1302 3205 1473 3280 peccator;
1498 3205 1577 3264 tunc
1592 3202 1681 3264 enim
1705 3202 1816 3280 primo
1834 3200 1962 3279 peccator

1192 3297 1346 3372 elllcitur,
1365 3315 1440 3361 cum
1460 3299 1496 3360 in
1519 3315 1631 3371 carne,
1648 3300 1701 3362 vel
1717 3299 1828 3376 gloria
1842 3298 1962 3360 delecta-

1191 3398 1257 3470 tur,
1274 3397 1361 3458 sieut
1372 3396 1471 3458 bomo
1487 3398 1565 3458 tune
1581 3397 1688 3473 primo
1701 3399 1766 3469 θεῖ,
1784 3413 1857 3458 cum
1871 3390 1961 3456 nasci·

383 3489 460 3550 Dies
484 3487 548 3548 ista
568 3487 619 3547 est
639 3485 711 3547 dies
731 3485 917 3549 nativitatis
938 3487 1073 3560 Christi,
1097 3487 1137 3550 de
1192 3495 1257 3556 tur.
1272 3496 1337 3556 Per
1352 3493 1483 3554 noctem
1499 3509 1630 3571 semper
1644 3494 1878 3570 intelliguntur
1891 3493 1960 3552 tene

344 3602 408 3666 qua
422 3585 518 3646 Isaiae
535 3581 579 3662 (d,
595 3585 628 3663 2)
642 3605 649 3642 :
667 3583 815 3660 Populus
827 3585 988 3660 gentium,
1002 3587 1059 3663 qui
1072 3603 1138 3647 am·
1192 3591 1272 3663 brae,
1298 3593 1330 3653 et
1352 3590 1550 3652 obscuritas.
1575 3591 1664 3653 Dicit
1679 3606 1774 3666 ergo,
1791 3589 1961 3652 obscuretur

343 3682 480 3745 balabat
496 3682 532 3742 in
551 3680 710 3755 tenebris,
730 3681 815 3742 vidit
832 3682 940 3744 lucem
957 3699 1135 3760 magnam:
1192 3690 1266 3750 haec
1300 3704 1385 3760 nox,
1422 3688 1494 3750 sive
1532 3687 1679 3750 tenebrae
1721 3688 1841 3749 umbra
1870 3683 1962 3746 mortis

343 3778 570 3843 babitantibus
585 3779 620 3838 in
636 3779 773 3854 regione
787 3779 911 3841 umbrae
927 3781 1056 3854 mortis,
1079 3781 1139 3842 lux
1193 3785 1332 3860 Christi;
1359 3785 1446 3846 unde
1464 3784 1552 3846 idem
1573 3785 1636 3847 Job
1658 3786 1896 3863 consequenter
1908 3781 1961 3843 ait:

343 3881 416 3941 orta
440 3879 491 3938 est
505 3876 566 3937 eis.
590 3877 668 3938 Hane
690 3875 750 3936 lux
768 3877 819 3937 est
841 3893 933 3949 aera,
959 3893 1033 3956 quae
1055 3878 1137 3939 illu·
1194 3883 1466 3946 oascnrenteum
1480 3880 1637 3954 tenebrae,
1653 3883 1686 3944 et
1702 3885 1829 3944 arnbra
1848 3878 1962 3942 mortis·

343 3977 450 4038 minat
464 3988 594 4036 omnem
610 3973 778 4036 bominem
791 3974 979 4036 venientem
1000 3976 1035 4036 in
1050 3976 1139 4038 buno
1195 3979 1318 4042 Umbra
1342 3979 1430 4040 enim
1455 3979 1572 4040 mortis
1598 3979 1721 4040 dicitur
1742 3995 1835 4041 mors
1849 3973 1961 4044 Christi

344 4073 516 4134 mundum.
541 4069 665 4148 (ioan,
684 4073 712 4142 1,
730 4069 778 4149 9.)
801 4072 880 4132 Ηεθε
902 4074 953 4133 θεῖ
977 4073 1047 4144 lux,
1064 4089 1161 4150 quae·
1193 4075 1369 4138 nonenim
1396 4073 1458 4137 luit
1481 4089 1560 4136 vare
1580 4091 1670 4136 mors
1686 4073 1753 4156 (5),
1787 4076 1845 4137 sed
1869 4068 1962 4134 mortis

343 4171 437 4248 lugat
452 4168 578 4245 peccati
606 4169 747 4238 noctem,
764 4169 797 4228 et
810 4166 981 4244 tenebras;
1008 4169 1049 4232 de
1074 4186 1138 4249 qua
1194 4169 1322 4242 umbra,
1339 4169 1409 4230 sive
1424 4169 1542 4246 ligura,
1556 4171 1710 4246 respectu
1725 4170 1856 4232 scillcet
1870 4162 1963 4228 morus
2022 4191 2023 4198 ε

344 4268 441 4330 εοεῖθ
465 4264 588 4327 dicitur
602 4264 637 4325 in
652 4263 739 4326 libro
765 4265 947 4342 Sapientiae
968 4265 1033 4346 (18,
1054 4271 1092 4329 14
1108 4270 1140 4332 et
1194 4270 1328 4330 nostrae.
1355 4269 1445 4328 Mors
1468 4269 1541 4344 ejus
1565 4266 1684 4344 simpla
1704 4265 1778 4342 fuit,
1799 4266 1856 4330 sed
1874 4263 1963 4324 nostra

345 4363 399 4444 15)
413 4380 422 4424 ε
438 4379 456 4424 ε
471 4365 555 4424 Dum
570 4360 717 4438 quietum
739 4360 910 4424 silentium
924 4364 1078 4427 tenerent
1090 4363 1138 4446 (1)
1195 4367 1317 4444 duplex
1334 4386 1341 4425 ε
1359 4363 1520 4426 morimur
1535 4365 1624 4426 enim
1637 4381 1697 4442 per
1711 4365 1855 4442 culpam,
1871 4365 1963 4438 etpa-

343 3255 434 3314 Tans
446 3251 497 3312 est
511 3252 595 3322 dies,
611 3249 644 3310 et
660 3249 719 3312 tna
732 3249 784 3314 est
800 3263 898 3310 asoa:
919 3252 968 3312 Ta
981 3251 1136 3322 fabrica·-

380 3349 436 3410 tas
449 3361 485 3408 es
499 3359 681 3418 auroram,
697 3345 730 3406 et
744 3350 860 3408 sotem.
884 3343 954 3424 (Ρε.
970 3347 1022 3420 73,
1040 3345 1105 3426 16.)

382 4507 423 4578 (l)
444 4504 529 4576 vulg.
547 4519 554 4562 :
571 4503 740 4561 contineret.
1194 4514 1258 4566 cata
1279 4511 1346 4564 ante
1371 4505 1546 4574 Deioeulos,
1563 4505 1658 4563 belet
1679 4503 1829 4562 bominum
1848 4500 1961 4578 mediato·

383 4577 425 4647 (²)
445 4577 532 4648 Vulg.
548 4591 554 4631 :
568 4573 695 4630 baberet.
1196 4593 1254 4635 rem
1269 4577 1396 4648 requirit,
1415 4576 1563 4647 anisolam
1585 4591 1636 4648 pro
1653 4576 1736 4634 nobis
1756 4583 1873 4633 mortem
1891 4581 1964 4628 carna
2021 4611 2022 4634 ,

383 4648 425 4720 (3)
445 4647 530 4718 vulg.
546 4661 552 4701 :
567 4645 715 4717 diffinivit·
1195 4649 1368 4720 susciperet,
1387 4653 1416 4704 et
1440 4661 1538 4704 veram
1559 4655 1677 4703 mortem
1693 4645 1910 4718 delinquentium
1928 4651 1964 4710 pir
2021 4651 2022 4654 ’

383 4719 424 4788 tl)
447 4718 530 4789 vulg.
549 4717 739 4787 :conseptus
1195 4719 1325 4776 umbram
1341 4733 1400 4774 sue
1415 4717 1514 4773 mortis
1535 4715 1661 4774 deleret?
1680 4716 1724 4773 Ad
1746 4731 1799 4773 εοε
1813 4715 1858 4787 qui
1879 4727 1910 4784 pe
1927 4721 1962 4764 ve·

383 4791 413 4861 (5
443 4790 505 4846 Νοε
520 4787 597 4844 θεῖε
615 4785 743 4843 lultvere
754 4799 842 4854 mors,
859 4791 913 4844 eto.
929 4787 958 4844 S.
974 4787 1142 4867 Gregorius,
1196 4791 1247 4859 nit,
1261 4790 1308 4861 qui
1326 4789 1355 4846 ln
1379 4795 1471 4844 morte
1484 4787 1611 4858 spiritus,
1632 4788 1784 4868 carnisque
1801 4731 1962 4843 tenebamur:

348 4859 397 4918 lib.
428 4856 685 4928 vitaratincep.
702 4856 784 4913 dieb
801 4871 879 4913 num.
895 4857 1047 4924 30,acil‚
1063 4865 1141 4914 etex
1196 4875 1282 4917 unam
1298 4858 1333 4916 ad
1349 4871 1495 4916 nossnam
1518 4865 1637 4914 mortem
1657 4856 1766 4925 detulit,
1790 4855 1962 4913 etdnasnos·

347 4933 447 4989 Glossa
462 4923 523 4984 ord.
540 4929 568 4984 in
587 4926 664 4994 illud,
678 4931 703 4982 et
718 4927 819 4982 tamira
832 4927 942 4994 mortis,
958 4928 998 4983 ait
1014 4943 1021 4983 :
1036 4929 1139 4985 Umbra
1196 4939 1264 4997 tras,
1277 4943 1349 5001 quas
1368 4927 1482 5000 reperit,
1508 4928 1600 4984 solvit.
1621 4927 1742 4984 sienim
1764 4927 1826 4998 ipse
1840 4931 1963 5002 utramque

349 5000 449 5057 mortis
461 5013 537 5054 mors
551 4998 646 5056 cernis
661 4997 798 5068 accipitur
812 4998 877 5068 quia
893 4998 965 5054 sieut
980 5011 1047 5054 vera
1065 5013 1142 5056 mors
1196 5002 1272 5056 susci
1294 5007 1363 5068 eret,
1377 5015 1430 5054 nos
1444 4999 1547 5054 annila
1563 4999 1704 5057 liberaret.
1721 4995 1776 5054 Sed
1797 5010 1880 5052 unam
1897 5003 1962 5068 εεεε·

349 5078 474 5141 estona
489 5069 583 5124 anima
597 5074 744 5140 separatur
758 5083 773 5124 a
788 5069 856 5136 Deo,
874 5069 910 5122 ita
928 5067 1027 5124 umbra
1044 5071 1142 5126 mortis
1196 5017 1344 5127 ricorgiter
1368 5069 1488 5141 aceepit,
1510 5076 1539 5124 et
1557 5069 1633 5141 juste
1659 5074 1810 5138 utramque
1832 5063 1962 5122 damnant.

349 5135 1141 5212 estquecarosepnrnturubenlma.Underectevoce
1197 5141 1335 5214 Simplnm
1351 5155 1433 5196 suam
1455 5139 1548 5210 duplae
1571 5145 1674 5196 nostrae
1687 5139 1815 5208 contulit,
1831 5144 1858 5192 et
1871 5132 1963 5210 duplam
2021 5151 2022 5162 ¹

349 5213 502 5281 Martyrum
535 5207 1074 5280 erPropbetnmdleitnr.«llumllinstl
1091 5224 1142 5266 nos
1197 5221 1323 5268 nostram
1348 5211 1473 5266 moriens
1491 5207 1614 5281 subegit.
1634 5207 1716 5266 Unde
1730 5216 1757 5263 et
1778 5221 1835 5263 non
1848 5207 1963 5280 imrnerno
2021 5259 2022 5264 ,

301 5333 304 5340 .
350 5285 379 5339 in
395 5282 459 5338 loco
479 5279 505 5335 al
529 5279 650 5346 lotionis,
668 5288 697 5336 et
710 5281 857 5351 cooperuit
875 5293 927 5340 nos
949 5278 1047 5335 umbra
1064 5293 1139 5336 mor·
1197 5297 1254 5340 uno
1277 5282 1323 5338 dle
1346 5281 1374 5338 in
1396 5295 1427 5338 se
1449 5281 1537 5348 utero,
1563 5287 1591 5335 et
1614 5277 1725 5335 duabus
1741 5278 1868 5334 noctibus
1884 5275 1962 5349 pacui.

348 5355 394 5410 tls.
410 5374 421 5401 »
436 5351 512 5418 Quos
523 5349 600 5404 enim
615 5355 726 5406 θοεεῖθῖ
737 5363 793 5406 εοε
804 5349 914 5422 spiritu,
924 5349 974 5406 sed
987 5348 1142 5408 solacarne
1196 5355 1262 5478 gula
1280 5352 1411 5408 videlicet
1426 5297 1519 5408 iucem
1532 5365 1592 5408 suae
1611 5350 1722 5420 simple
1735 5348 1843 5414 mortis,
1864 5341 1964 5400 terrebas

350 5423 433 5491 mori,
454 5433 634 5490 nequaquam
655 5433 686 5476 se
708 5433 774 5476 vera
793 5426 894 5486 morte,
911 5417 963 5475 sed
978 5420 1077 5478 umbra
1096 5420 1140 5476 di·
1217 5439 1233 5479 u

1236 5424 1289 5549 Blae
1300 5431 1404 5478 nostrae
1419 5422 1519 5478 mortis
1533 5419 1670 5492 adjunxit.
1687 5417 1739 5487 Qui
1752 5432 1823 5489 ergo
1836 5417 1917 5472 solam
1926 5421 1963 5480 pri

349 5502 416 5554 sum
439 5491 537 5548 mortis
560 5489 674 5561 operiri.
694 5486 766 5556 Quid
780 5497 824 5548 est
847 5503 928 5616 ergo,
948 5490 1024 5562 quod
1043 5491 1144 5550 beatus
1197 5506 1235 5550 no
1256 5493 1280 5550 is
1294 5499 1416 5550 mortem
1430 5491 1526 5550 earnis
1541 5491 1661 5564 accepit,
1672 5489 1802 5547 umbram
1816 5485 1907 5543 mortis
1919 5492 1962 5553 per·

347 5561 453 5634 tolnad
464 5558 672 5640 obscurandum
682 5559 758 5641 diem
769 5574 864 5641 prava
894 5561 1144 5634 electationlspos·
1197 5565 1269 5634 tulit,
1283 5571 1338 5620 etc.

350 5637 421 5694 tulat
434 5631 564 5691 umbram
581 5635 698 5700 mort1s;
722 5643 776 5686 ειει
796 5628 872 5702 quod
887 5629 923 5687 ad
937 5627 1057 5720 delenda
1074 5647 1140 5704 pec·
