<?xml version="1.0" encoding="UTF-8"?>
<!DOCTYPE html PUBLIC "-//W3C//DTD XHTML 1.0 Transitional//EN"
    "http://www.w3.org/TR/xhtml1/DTD/xhtml1-transitional.dtd">
<html xmlns="http://www.w3.org/1999/xhtml" xml:lang="en" lang="en">
 <head>
  <title>
</title>
<meta http-equiv="Content-Type" content="text/html;charset=utf-8" />
  <meta name='ocr-system' content='tesseract 3.04.00' />
  <meta name='ocr-capabilities' content='ocr_page ocr_carea ocr_par ocr_line ocrx_word'/>
</head>
<body>
  <div class='ocr_page' id='page_1' title='image "./mediiaevibiblio02bottgoog_0459.png"; bbox 0 0 4204 6402; ppageno 0'>
   <div class='ocr_carea' id='block_1_1' title="bbox 332 296 1967 371">
    <p class='ocr_par' dir='ltr' id='par_1_1' title="bbox 332 296 1967 371">
     <span class='ocr_line' id='line_1_1' title="bbox 332 296 1967 371; baseline -0.001 -11"><span class='ocrx_word' id='word_1_1' title='bbox 332 303 400 370; x_wconf 80' lang='lat' dir='ltr'><strong>,sei</strong></span> <span class='ocrx_word' id='word_1_2' title='bbox 761 301 795 362; x_wconf 87' lang='lat' dir='ltr'><strong>S.</strong></span> <span class='ocrx_word' id='word_1_3' title='bbox 821 299 997 362; x_wconf 75' lang='lat' dir='ltr'><strong>ANTONII</strong></span> <span class='ocrx_word' id='word_1_4' title='bbox 1028 297 1216 362; x_wconf 76' lang='lat' dir='ltr'><strong>PADUANI</strong></span> <span class='ocrx_word' id='word_1_5' title='bbox 1246 296 1385 363; x_wconf 70' lang='lat' dir='ltr'><strong>opsita</strong></span> <span class='ocrx_word' id='word_1_6' title='bbox 1415 301 1561 364; x_wconf 81' lang='lat' dir='ltr'>OMNIA.</span> <span class='ocrx_word' id='word_1_7' title='bbox 1917 310 1967 371; x_wconf 76' lang='lat'><strong>892</strong></span> 
     </span>
    </p>
   </div>
   <div class='ocr_carea' id='block_1_2' title="bbox 330 460 1966 3662">
    <p class='ocr_par' dir='ltr' id='par_1_2' title="bbox 330 460 1966 3662">
     <span class='ocr_line' id='line_1_2' title="bbox 343 460 1966 542; baseline 0.003 -15"><span class='ocrx_word' id='word_1_8' title='bbox 343 465 447 537; x_wconf 86' lang='lat' dir='ltr'><strong>mina,</strong></span> <span class='ocrx_word' id='word_1_9' title='bbox 470 463 628 542; x_wconf 89' lang='lat' dir='ltr'><strong>tanquam</strong></span> <span class='ocrx_word' id='word_1_10' title='bbox 656 475 775 524; x_wconf 86' lang='lat' dir='ltr'><strong>currus</strong></span> <span class='ocrx_word' id='word_1_11' title='bbox 801 473 861 538; x_wconf 86' lang='lat' dir='ltr'><strong>per</strong></span> <span class='ocrx_word' id='word_1_12' title='bbox 890 460 1034 538; x_wconf 89' lang='lat' dir='ltr'><strong>quatuor</strong></span> <span class='ocrx_word' id='word_1_13' title='bbox 1042 460 1135 522; x_wconf 87' lang='lat' dir='ltr'><strong>rotas</strong></span> <span class='ocrx_word' id='word_1_14' title='bbox 1189 461 1345 524; x_wconf 79' lang='lat' dir='ltr'><strong>vitorum</strong></span> <span class='ocrx_word' id='word_1_15' title='bbox 1360 463 1511 534; x_wconf 80' lang='lat' dir='ltr'><strong>ordines,</strong></span> <span class='ocrx_word' id='word_1_16' title='bbox 1528 462 1562 526; x_wconf 83' lang='lat' dir='ltr'><strong>et</strong></span> <span class='ocrx_word' id='word_1_17' title='bbox 1575 469 1966 540; x_wconf 70' lang='lat' dir='ltr'><strong>meauorumrepertuu</strong></span> 
     </span>
     <span class='ocr_line' id='line_1_3' title="bbox 342 556 1965 638; baseline 0.001 -12"><span class='ocrx_word' id='word_1_18' title='bbox 342 562 463 638; x_wconf 80' lang='lat' dir='ltr'><strong>tertur3</strong></span> <span class='ocrx_word' id='word_1_19' title='bbox 487 563 520 623; x_wconf 88' lang='lat' dir='ltr'><strong>et</strong></span> <span class='ocrx_word' id='word_1_20' title='bbox 540 559 707 636; x_wconf 83' lang='lat' dir='ltr'><strong>signatum</strong></span> <span class='ocrx_word' id='word_1_21' title='bbox 724 559 820 620; x_wconf 84' lang='lat' dir='ltr'><strong>estin</strong></span> <span class='ocrx_word' id='word_1_22' title='bbox 842 558 955 620; x_wconf 80' lang='lat' dir='ltr'><strong>Exodo</strong></span> <span class='ocrx_word' id='word_1_23' title='bbox 971 556 1035 635; x_wconf 82' lang='lat'><strong>(25,</strong></span> <span class='ocrx_word' id='word_1_24' title='bbox 1054 557 1136 620; x_wconf 86' lang='lat' dir='ltr'><strong>13et</strong></span> <span class='ocrx_word' id='word_1_25' title='bbox 1189 558 1391 631; x_wconf 75' lang='lat' dir='ltr'><strong>varietates,</strong></span> <span class='ocrx_word' id='word_1_26' title='bbox 1405 573 1467 621; x_wconf 81' lang='lat' dir='ltr'><strong>cos</strong></span> <span class='ocrx_word' id='word_1_27' title='bbox 1480 561 1517 621; x_wconf 85' lang='lat' dir='ltr'><strong>tu</strong></span> <span class='ocrx_word' id='word_1_28' title='bbox 1527 564 1708 622; x_wconf 70' lang='lat' dir='ltr'><strong>timerium</strong></span> <span class='ocrx_word' id='word_1_29' title='bbox 1722 564 1965 627; x_wconf 78' lang='lat' dir='ltr'><strong>convertatis.»</strong></span> 
     </span>
     <span class='ocr_line' id='line_1_4' title="bbox 343 655 1965 739; baseline 0.002 -17"><span class='ocrx_word' id='word_1_30' title='bbox 343 659 396 739; x_wconf 86' lang='lat'><strong>15)</strong></span> <span class='ocrx_word' id='word_1_31' title='bbox 415 659 473 722; x_wconf 90' lang='lat' dir='ltr'><strong>ubi</strong></span> <span class='ocrx_word' id='word_1_32' title='bbox 495 659 629 730; x_wconf 90' lang='lat' dir='ltr'><strong>dicitur,</strong></span> <span class='ocrx_word' id='word_1_33' title='bbox 655 655 742 734; x_wconf 91' lang='lat' dir='ltr'><strong>qnod</strong></span> <span class='ocrx_word' id='word_1_34' title='bbox 760 657 886 728; x_wconf 81' lang='lat' dir='ltr'><strong>vectes,</strong></span> <span class='ocrx_word' id='word_1_35' title='bbox 910 655 1030 732; x_wconf 90' lang='lat' dir='ltr'><strong>quibus</strong></span> <span class='ocrx_word' id='word_1_36' title='bbox 1053 671 1134 718; x_wconf 88' lang='lat' dir='ltr'><strong>arca</strong></span> <span class='ocrx_word' id='word_1_37' title='bbox 1190 655 1231 716; x_wconf 86' lang='lat' dir='ltr'><strong>lli</strong></span> <span class='ocrx_word' id='word_1_38' title='bbox 1247 657 1325 717; x_wconf 92' lang='lat' dir='ltr'><strong>sunt</strong></span> <span class='ocrx_word' id='word_1_39' title='bbox 1345 655 1461 732; x_wconf 92' lang='lat' dir='ltr'><strong>procul</strong></span> <span class='ocrx_word' id='word_1_40' title='bbox 1488 655 1600 732; x_wconf 89' lang='lat' dir='ltr'><strong>dubio,</strong></span> <span class='ocrx_word' id='word_1_41' title='bbox 1617 657 1672 734; x_wconf 91' lang='lat' dir='ltr'><strong>qui</strong></span> <span class='ocrx_word' id='word_1_42' title='bbox 1692 659 1840 735; x_wconf 90' lang='lat' dir='ltr'><strong>psallunt</strong></span> <span class='ocrx_word' id='word_1_43' title='bbox 1864 665 1965 727; x_wconf 90' lang='lat' dir='ltr'><strong>contra</strong></span> 
     </span>
     <span class='ocr_line' id='line_1_5' title="bbox 341 752 1965 834; baseline 0.004 -16"><span class='ocrx_word' id='word_1_44' title='bbox 341 755 477 819; x_wconf 86' lang='lat' dir='ltr'><strong>ioederis</strong></span> <span class='ocrx_word' id='word_1_45' title='bbox 498 753 705 834; x_wconf 85' lang='lat' dir='ltr'><strong>portabatur,</strong></span> <span class='ocrx_word' id='word_1_46' title='bbox 729 769 869 828; x_wconf 77' lang='lat' dir='ltr'><strong>semper</strong></span> <span class='ocrx_word' id='word_1_47' title='bbox 888 755 992 816; x_wconf 77' lang='lat' dir='ltr'><strong>erum</strong></span> <span class='ocrx_word' id='word_1_48' title='bbox 1007 757 1045 815; x_wconf 84' lang='lat' dir='ltr'><strong>tu</strong></span> <span class='ocrx_word' id='word_1_49' title='bbox 1058 758 1133 816; x_wconf 80' lang='lat' dir='ltr'><strong>cir-</strong></span> <span class='ocrx_word' id='word_1_50' title='bbox 1189 752 1376 827; x_wconf 90' lang='lat' dir='ltr'><strong>Dominum,</strong></span> <span class='ocrx_word' id='word_1_51' title='bbox 1399 753 1456 831; x_wconf 89' lang='lat' dir='ltr'><strong>qui</strong></span> <span class='ocrx_word' id='word_1_52' title='bbox 1474 754 1574 818; x_wconf 90' lang='lat' dir='ltr'><strong>etiam</strong></span> <span class='ocrx_word' id='word_1_53' title='bbox 1603 753 1718 819; x_wconf 90' lang='lat' dir='ltr'><strong>bibunt</strong></span> <span class='ocrx_word' id='word_1_54' title='bbox 1737 761 1868 827; x_wconf 75' lang='lat' dir='ltr'><strong>virtum,</strong></span> <span class='ocrx_word' id='word_1_55' title='bbox 1893 760 1965 826; x_wconf 91' lang='lat' dir='ltr'><strong>idest</strong></span> 
     </span>
     <span class='ocr_line' id='line_1_6' title="bbox 339 850 1965 932; baseline 0.002 -15"><span class='ocrx_word' id='word_1_56' title='bbox 339 858 442 927; x_wconf 54' lang='lat' dir='ltr'><strong>cuttu</strong></span> <span class='ocrx_word' id='word_1_57' title='bbox 454 853 537 925; x_wconf 82' lang='lat' dir='ltr'>Quia</span> <span class='ocrx_word' id='word_1_58' title='bbox 558 851 748 916; x_wconf 79' lang='lat' dir='ltr'><strong>sacerdotes</strong></span> <span class='ocrx_word' id='word_1_59' title='bbox 765 866 898 928; x_wconf 86' lang='lat' dir='ltr'><strong>semper</strong></span> <span class='ocrx_word' id='word_1_60' title='bbox 916 850 1037 913; x_wconf 87' lang='lat' dir='ltr'><strong>debent</strong></span> <span class='ocrx_word' id='word_1_61' title='bbox 1058 867 1134 914; x_wconf 88' lang='lat' dir='ltr'><strong>esse</strong></span> <span class='ocrx_word' id='word_1_62' title='bbox 1188 852 1406 928; x_wconf 78' lang='lat' dir='ltr'>temporalem</span> <span class='ocrx_word' id='word_1_63' title='bbox 1419 851 1691 929; x_wconf 67' lang='lat' dir='ltr'><strong>delectationem</strong></span> <span class='ocrx_word' id='word_1_64' title='bbox 1709 853 1751 915; x_wconf 94' lang='lat' dir='ltr'><strong>de</strong></span> <span class='ocrx_word' id='word_1_65' title='bbox 1766 871 1830 932; x_wconf 93' lang='lat' dir='ltr'><strong>quo</strong></span> <span class='ocrx_word' id='word_1_66' title='bbox 1849 857 1920 920; x_wconf 82' lang='lat' dir='ltr'><strong>rino</strong></span> <span class='ocrx_word' id='word_1_67' title='bbox 1936 860 1965 921; x_wconf 90' lang='lat' dir='ltr'><strong>in</strong></span> 
     </span>
     <span class='ocr_line' id='line_1_7' title="bbox 340 947 1963 1030; baseline 0.002 -16"><span class='ocrx_word' id='word_1_68' title='bbox 340 951 376 1014; x_wconf 92' lang='lat' dir='ltr'><strong>in</strong></span> <span class='ocrx_word' id='word_1_69' title='bbox 391 951 607 1014; x_wconf 86' lang='lat' dir='ltr'><strong>meditatione</strong></span> <span class='ocrx_word' id='word_1_70' title='bbox 618 949 741 1014; x_wconf 75' lang='lat' dir='ltr'><strong>divine</strong></span> <span class='ocrx_word' id='word_1_71' title='bbox 753 949 849 1025; x_wconf 83' lang='lat' dir='ltr'><strong>legis,</strong></span> <span class='ocrx_word' id='word_1_72' title='bbox 872 949 905 1011; x_wconf 89' lang='lat' dir='ltr'><strong>et</strong></span> <span class='ocrx_word' id='word_1_73' title='bbox 919 949 954 1010; x_wconf 91' lang='lat' dir='ltr'><strong>in</strong></span> <span class='ocrx_word' id='word_1_74' title='bbox 972 949 1133 1012; x_wconf 86' lang='lat' dir='ltr'><strong>exercitio</strong></span> <span class='ocrx_word' id='word_1_75' title='bbox 1189 947 1383 1011; x_wconf 79' lang='lat' dir='ltr'><strong>Proverbiis</strong></span> <span class='ocrx_word' id='word_1_76' title='bbox 1402 949 1467 1029; x_wconf 88' lang='lat'><strong>(31,</strong></span> <span class='ocrx_word' id='word_1_77' title='bbox 1489 953 1558 1013; x_wconf 76' lang='lat' dir='ltr'><strong>tet</strong></span> <span class='ocrx_word' id='word_1_78' title='bbox 1578 948 1611 1030; x_wconf 87' lang='grc'><strong>5)</strong></span> <span class='ocrx_word' id='word_1_79' title='bbox 1639 953 1746 1013; x_wconf 91' lang='lat' dir='ltr'><strong>mater</strong></span> <span class='ocrx_word' id='word_1_80' title='bbox 1772 953 1912 1030; x_wconf 89' lang='lat' dir='ltr'><strong>loquitur</strong></span> <span class='ocrx_word' id='word_1_81' title='bbox 1930 959 1963 1017; x_wconf 91' lang='lat' dir='ltr'><strong>ad</strong></span> 
     </span>
     <span class='ocr_line' id='line_1_8' title="bbox 340 1045 1963 1126; baseline 0.002 -14"><span class='ocrx_word' id='word_1_82' title='bbox 340 1063 446 1112; x_wconf 74' lang='lat' dir='ltr'><strong>sacrae</strong></span> <span class='ocrx_word' id='word_1_83' title='bbox 457 1047 668 1121; x_wconf 87' lang='lat' dir='ltr'><strong>eruditionis,</strong></span> <span class='ocrx_word' id='word_1_84' title='bbox 684 1048 778 1110; x_wconf 85' lang='lat' dir='ltr'><strong>utsic</strong></span> <span class='ocrx_word' id='word_1_85' title='bbox 791 1049 954 1122; x_wconf 77' lang='lat' dir='ltr'>congruat</span> <span class='ocrx_word' id='word_1_86' title='bbox 968 1046 1018 1108; x_wconf 91' lang='lat' dir='ltr'><strong>eis</strong></span> <span class='ocrx_word' id='word_1_87' title='bbox 1037 1045 1131 1120; x_wconf 90' lang='lat' dir='ltr'><strong>illud,</strong></span> <span class='ocrx_word' id='word_1_88' title='bbox 1188 1045 1305 1120; x_wconf 88' lang='lat' dir='ltr'><strong>illium,</strong></span> <span class='ocrx_word' id='word_1_89' title='bbox 1320 1047 1367 1109; x_wconf 88' lang='lat' dir='ltr'><strong>ita</strong></span> <span class='ocrx_word' id='word_1_90' title='bbox 1382 1047 1519 1110; x_wconf 87' lang='lat' dir='ltr'><strong>dicens:</strong></span> <span class='ocrx_word' id='word_1_91' title='bbox 1543 1048 1651 1110; x_wconf 89' lang='lat' dir='ltr'><strong>‹Noll</strong></span> <span class='ocrx_word' id='word_1_92' title='bbox 1668 1050 1817 1126; x_wconf 74' lang='lat' dir='ltr'><strong>hamuel,</strong></span> <span class='ocrx_word' id='word_1_93' title='bbox 1837 1053 1902 1114; x_wconf 88' lang='lat' dir='ltr'><strong>noli</strong></span> <span class='ocrx_word' id='word_1_94' title='bbox 1915 1070 1963 1116; x_wconf 93' lang='lat' dir='ltr'><strong>re-</strong></span> 
     </span>
     <span class='ocr_line' id='line_1_9' title="bbox 340 1143 1964 1226; baseline 0.002 -18"><span class='ocrx_word' id='word_1_95' title='bbox 340 1147 427 1226; x_wconf 89' lang='lat' dir='ltr'><strong>quod</strong></span> <span class='ocrx_word' id='word_1_96' title='bbox 460 1145 636 1208; x_wconf 83' lang='lat' dir='ltr'><strong>subditur:</strong></span> <span class='ocrx_word' id='word_1_97' title='bbox 652 1149 823 1222; x_wconf 75' lang='lat' dir='ltr'><strong>Princeps</strong></span> <span class='ocrx_word' id='word_1_98' title='bbox 850 1147 919 1206; x_wconf 85' lang='lat' dir='ltr'><strong>utet</strong></span> <span class='ocrx_word' id='word_1_99' title='bbox 937 1144 1132 1208; x_wconf 78' lang='lat' dir='ltr'><strong>eetuaona-</strong></span> <span class='ocrx_word' id='word_1_100' title='bbox 1187 1143 1285 1220; x_wconf 80' lang='lat' dir='ltr'><strong>gibus</strong></span> <span class='ocrx_word' id='word_1_101' title='bbox 1303 1143 1383 1207; x_wconf 92' lang='lat' dir='ltr'><strong>dare</strong></span> <span class='ocrx_word' id='word_1_102' title='bbox 1408 1145 1537 1218; x_wconf 82' lang='lat' dir='ltr'><strong>vinum,</strong></span> <span class='ocrx_word' id='word_1_103' title='bbox 1554 1146 1634 1224; x_wconf 85' lang='lat' dir='ltr'><strong>quia</strong></span> <span class='ocrx_word' id='word_1_104' title='bbox 1655 1146 1786 1209; x_wconf 91' lang='lat' dir='ltr'><strong>nullum</strong></span> <span class='ocrx_word' id='word_1_105' title='bbox 1802 1153 1850 1211; x_wconf 90' lang='lat' dir='ltr'><strong>est</strong></span> <span class='ocrx_word' id='word_1_106' title='bbox 1864 1165 1964 1212; x_wconf 87' lang='lat' dir='ltr'><strong>secre-</strong></span> 
     </span>
     <span class='ocr_line' id='line_1_10' title="bbox 338 1241 1961 1326; baseline 0.002 -18"><span class='ocrx_word' id='word_1_107' title='bbox 338 1259 434 1318; x_wconf 81' lang='lat' dir='ltr'><strong>rcm,</strong></span> <span class='ocrx_word' id='word_1_108' title='bbox 450 1245 536 1323; x_wconf 88' lang='lat' dir='ltr'><strong>qnod</strong></span> <span class='ocrx_word' id='word_1_109' title='bbox 551 1242 921 1322; x_wconf 87' lang='lat' dir='ltr'><strong>interpretaturdomus</strong></span> <span class='ocrx_word' id='word_1_110' title='bbox 934 1241 1133 1304; x_wconf 90' lang='lat' dir='ltr'><strong>eruditionis</strong></span> <span class='ocrx_word' id='word_1_111' title='bbox 1187 1241 1268 1314; x_wconf 90' lang='lat' dir='ltr'><strong>tum,</strong></span> <span class='ocrx_word' id='word_1_112' title='bbox 1290 1241 1346 1304; x_wconf 91' lang='lat' dir='ltr'><strong>ubi</strong></span> <span class='ocrx_word' id='word_1_113' title='bbox 1369 1243 1489 1320; x_wconf 86' lang='lat' dir='ltr'><strong>regnat</strong></span> <span class='ocrx_word' id='word_1_114' title='bbox 1517 1241 1680 1320; x_wconf 87' lang='lat' dir='ltr'><strong>ebrietas;</strong></span> <span class='ocrx_word' id='word_1_115' title='bbox 1703 1261 1722 1305; x_wconf 76' lang='lat' dir='ltr'><strong>s</strong></span> <span class='ocrx_word' id='word_1_116' title='bbox 1745 1247 1780 1308; x_wconf 88' lang='lat' dir='ltr'><strong>et</strong></span> <span class='ocrx_word' id='word_1_117' title='bbox 1803 1247 1961 1326; x_wconf 89' lang='lat' dir='ltr'><strong>sequitur:</strong></span> 
     </span>
     <span class='ocr_line' id='line_1_11' title="bbox 339 1338 1964 1420; baseline 0.001 -14"><span class='ocrx_word' id='word_1_118' title='bbox 339 1343 498 1406; x_wconf 76' lang='lat' dir='ltr'><strong>tristitia.</strong></span> <span class='ocrx_word' id='word_1_119' title='bbox 523 1342 650 1404; x_wconf 87' lang='lat' dir='ltr'><strong>Debent</strong></span> <span class='ocrx_word' id='word_1_120' title='bbox 663 1341 752 1403; x_wconf 91' lang='lat' dir='ltr'><strong>enim</strong></span> <span class='ocrx_word' id='word_1_121' title='bbox 767 1339 901 1401; x_wconf 90' lang='lat' dir='ltr'><strong>erudire</strong></span> <span class='ocrx_word' id='word_1_122' title='bbox 917 1339 1077 1412; x_wconf 87' lang='lat' dir='ltr'><strong>subditos,</strong></span> <span class='ocrx_word' id='word_1_123' title='bbox 1092 1339 1133 1402; x_wconf 89' lang='lat' dir='ltr'><strong>de</strong></span> <span class='ocrx_word' id='word_1_124' title='bbox 1186 1339 1270 1400; x_wconf 83' lang='lat' dir='ltr'><strong>‹Ne</strong></span> <span class='ocrx_word' id='word_1_125' title='bbox 1298 1338 1384 1402; x_wconf 84' lang='lat' dir='ltr'><strong>forte</strong></span> <span class='ocrx_word' id='word_1_126' title='bbox 1408 1340 1653 1404; x_wconf 85' lang='lat' dir='ltr'><strong>obliviscantur</strong></span> <span class='ocrx_word' id='word_1_127' title='bbox 1671 1343 1898 1420; x_wconf 80' lang='lat' dir='ltr'><strong>judiciorum»</strong></span> <span class='ocrx_word' id='word_1_128' title='bbox 1909 1348 1964 1408; x_wconf 87' lang='lat' dir='ltr'><strong>bn-</strong></span> 
     </span>
     <span class='ocr_line' id='line_1_12' title="bbox 339 1437 1961 1519; baseline 0.002 -17"><span class='ocrx_word' id='word_1_129' title='bbox 339 1441 410 1504; x_wconf 82' lang='lat' dir='ltr'><strong>suls</strong></span> <span class='ocrx_word' id='word_1_130' title='bbox 422 1440 654 1519; x_wconf 89' lang='lat' dir='ltr'><strong>iniquitatibus</strong></span> <span class='ocrx_word' id='word_1_131' title='bbox 670 1439 874 1512; x_wconf 90' lang='lat' dir='ltr'><strong>contristari,</strong></span> <span class='ocrx_word' id='word_1_132' title='bbox 899 1437 936 1500; x_wconf 88' lang='lat' dir='ltr'><strong>ut</strong></span> <span class='ocrx_word' id='word_1_133' title='bbox 956 1437 1006 1499; x_wconf 91' lang='lat' dir='ltr'><strong>sic</strong></span> <span class='ocrx_word' id='word_1_134' title='bbox 1026 1437 1134 1503; x_wconf 85' lang='lat' dir='ltr'><strong>aedid-</strong></span> <span class='ocrx_word' id='word_1_135' title='bbox 1187 1437 1281 1510; x_wconf 88' lang='lat' dir='ltr'><strong>mini,</strong></span> <span class='ocrx_word' id='word_1_136' title='bbox 1302 1438 1336 1501; x_wconf 92' lang='lat' dir='ltr'><strong>et</strong></span> <span class='ocrx_word' id='word_1_137' title='bbox 1355 1439 1490 1502; x_wconf 85' lang='lat' dir='ltr'><strong>mutent</strong></span> <span class='ocrx_word' id='word_1_138' title='bbox 1511 1437 1643 1502; x_wconf 90' lang='lat' dir='ltr'><strong>demum</strong></span> <span class='ocrx_word' id='word_1_139' title='bbox 1676 1455 1813 1502; x_wconf 89' lang='lat' dir='ltr'><strong>causam</strong></span> <span class='ocrx_word' id='word_1_140' title='bbox 1834 1442 1961 1506; x_wconf 90' lang='lat' dir='ltr'><strong>tiliorum</strong></span> 
     </span>
     <span class='ocr_line' id='line_1_13' title="bbox 339 1532 1961 1618; baseline 0.001 -18"><span class='ocrx_word' id='word_1_141' title='bbox 339 1539 416 1602; x_wconf 88' lang='lat' dir='ltr'><strong>cent</strong></span> <span class='ocrx_word' id='word_1_142' title='bbox 427 1535 462 1600; x_wconf 89' lang='lat' dir='ltr'><strong>in</strong></span> <span class='ocrx_word' id='word_1_143' title='bbox 473 1539 523 1600; x_wconf 91' lang='lat' dir='ltr'><strong>eis</strong></span> <span class='ocrx_word' id='word_1_144' title='bbox 536 1539 747 1614; x_wconf 81' lang='lat' dir='ltr'><strong>sterqutttutt</strong></span> <span class='ocrx_word' id='word_1_145' title='bbox 766 1538 918 1612; x_wconf 76' lang='lat' dir='ltr'><strong>porum,</strong></span> <span class='ocrx_word' id='word_1_146' title='bbox 943 1535 1031 1598; x_wconf 88' lang='lat' dir='ltr'><strong>idest</strong></span> <span class='ocrx_word' id='word_1_147' title='bbox 1053 1551 1133 1614; x_wconf 88' lang='lat' dir='ltr'><strong>peo-</strong></span> <span class='ocrx_word' id='word_1_148' title='bbox 1187 1535 1345 1612; x_wconf 88' lang='lat' dir='ltr'><strong>pauperis</strong></span> <span class='ocrx_word' id='word_1_149' title='bbox 1361 1532 1423 1615; x_wconf 88' lang='lat'>(3).</span> <span class='ocrx_word' id='word_1_150' title='bbox 1437 1537 1575 1599; x_wconf 88' lang='lat' dir='ltr'><strong>Lamuel</strong></span> <span class='ocrx_word' id='word_1_151' title='bbox 1590 1537 1841 1616; x_wconf 85' lang='lat' dir='ltr'><strong>interpretator,</strong></span> <span class='ocrx_word' id='word_1_152' title='bbox 1857 1540 1889 1600; x_wconf 91' lang='lat' dir='ltr'><strong>in</strong></span> <span class='ocrx_word' id='word_1_153' title='bbox 1908 1558 1961 1618; x_wconf 92' lang='lat' dir='ltr'><strong>quo</strong></span> 
     </span>
     <span class='ocr_line' id='line_1_14' title="bbox 338 1633 1960 1716; baseline 0.001 -17"><span class='ocrx_word' id='word_1_154' title='bbox 338 1638 405 1699; x_wconf 90' lang='lat' dir='ltr'><strong>cati</strong></span> <span class='ocrx_word' id='word_1_155' title='bbox 418 1637 601 1710; x_wconf 87' lang='lat' dir='ltr'><strong>tristitiam,</strong></span> <span class='ocrx_word' id='word_1_156' title='bbox 619 1636 652 1698; x_wconf 88' lang='lat' dir='ltr'><strong>et</strong></span> <span class='ocrx_word' id='word_1_157' title='bbox 670 1633 831 1709; x_wconf 88' lang='lat' dir='ltr'><strong>dolorem,</strong></span> <span class='ocrx_word' id='word_1_158' title='bbox 852 1649 913 1712; x_wconf 94' lang='lat' dir='ltr'><strong>per</strong></span> <span class='ocrx_word' id='word_1_159' title='bbox 931 1649 1031 1713; x_wconf 90' lang='lat' dir='ltr'><strong>quam</strong></span> <span class='ocrx_word' id='word_1_160' title='bbox 1050 1650 1131 1712; x_wconf 90' lang='lat' dir='ltr'><strong>por·</strong></span> <span class='ocrx_word' id='word_1_161' title='bbox 1186 1634 1345 1706; x_wconf 90' lang='lat' dir='ltr'><strong>estDeus,</strong></span> <span class='ocrx_word' id='word_1_162' title='bbox 1361 1634 1440 1712; x_wconf 89' lang='lat' dir='ltr'><strong>quia</strong></span> <span class='ocrx_word' id='word_1_163' title='bbox 1452 1634 1593 1712; x_wconf 78' lang='lat' dir='ltr'><strong>quilibet</strong></span> <span class='ocrx_word' id='word_1_164' title='bbox 1608 1636 1960 1716; x_wconf 90' lang='lat' dir='ltr'><strong>bomojustns,qninon</strong></span> 
     </span>
     <span class='ocr_line' id='line_1_15' title="bbox 336 1729 1961 1808; baseline 0 -11"><span class='ocrx_word' id='word_1_165' title='bbox 336 1737 405 1797; x_wconf 91' lang='lat' dir='ltr'><strong>tam</strong></span> <span class='ocrx_word' id='word_1_166' title='bbox 424 1749 539 1797; x_wconf 90' lang='lat' dir='ltr'><strong>omnes</strong></span> <span class='ocrx_word' id='word_1_167' title='bbox 554 1732 774 1796; x_wconf 70' lang='lat' dir='ltr'><strong>immunditia</strong></span> <span class='ocrx_word' id='word_1_168' title='bbox 798 1733 839 1794; x_wconf 92' lang='lat' dir='ltr'><strong>de</strong></span> <span class='ocrx_word' id='word_1_169' title='bbox 861 1733 959 1798; x_wconf 90' lang='lat' dir='ltr'><strong>corde</strong></span> <span class='ocrx_word' id='word_1_170' title='bbox 985 1731 1153 1808; x_wconf 52' lang='lat' dir='ltr'><strong>hominis,</strong></span> <span class='ocrx_word' id='word_1_171' title='bbox 1185 1729 1284 1793; x_wconf 88' lang='lat' dir='ltr'><strong>debet</strong></span> <span class='ocrx_word' id='word_1_172' title='bbox 1308 1731 1388 1794; x_wconf 90' lang='lat' dir='ltr'><strong>dare</strong></span> <span class='ocrx_word' id='word_1_173' title='bbox 1407 1731 1555 1808; x_wconf 86' lang='lat' dir='ltr'><strong>regibus,</strong></span> <span class='ocrx_word' id='word_1_174' title='bbox 1590 1733 1722 1796; x_wconf 88' lang='lat' dir='ltr'><strong>scilicet</strong></span> <span class='ocrx_word' id='word_1_175' title='bbox 1754 1735 1961 1797; x_wconf 88' lang='lat' dir='ltr'><strong>sacerdotibus</strong></span> 
     </span>
     <span class='ocr_line' id='line_1_16' title="bbox 336 1828 1960 1910; baseline 0.001 -16"><span class='ocrx_word' id='word_1_176' title='bbox 336 1828 531 1904; x_wconf 74' lang='lat' dir='ltr'><strong>efferentur,</strong></span> <span class='ocrx_word' id='word_1_177' title='bbox 548 1831 677 1894; x_wconf 91' lang='lat' dir='ltr'><strong>scilicet</strong></span> <span class='ocrx_word' id='word_1_178' title='bbox 691 1831 947 1894; x_wconf 85' lang='lat' dir='ltr'><strong>contessionem.</strong></span> <span class='ocrx_word' id='word_1_179' title='bbox 1186 1828 1312 1901; x_wconf 86' lang='lat' dir='ltr'><strong>vinum,</strong></span> <span class='ocrx_word' id='word_1_180' title='bbox 1349 1828 1436 1892; x_wconf 88' lang='lat' dir='ltr'><strong>idest</strong></span> <span class='ocrx_word' id='word_1_181' title='bbox 1467 1831 1685 1909; x_wconf 91' lang='lat' dir='ltr'><strong>temporolem</strong></span> <span class='ocrx_word' id='word_1_182' title='bbox 1713 1831 1960 1910; x_wconf 77' lang='lat' dir='ltr'><strong>delectationem,</strong></span> 
     </span>
     <span class='ocr_line' id='line_1_17' title="bbox 377 1925 1959 2008; baseline 0.002 -18"><span class='ocrx_word' id='word_1_183' title='bbox 377 1930 441 1990; x_wconf 86' lang='lat' dir='ltr'><strong>Sed</strong></span> <span class='ocrx_word' id='word_1_184' title='bbox 462 1930 535 1992; x_wconf 81' lang='lat' dir='ltr'><strong>baec</strong></span> <span class='ocrx_word' id='word_1_185' title='bbox 556 1929 652 2006; x_wconf 85' lang='lat' dir='ltr'><strong>porta</strong></span> <span class='ocrx_word' id='word_1_186' title='bbox 682 1927 922 1990; x_wconf 79' lang='lat' dir='ltr'><strong>miserabiliter</strong></span> <span class='ocrx_word' id='word_1_187' title='bbox 948 1925 1131 2005; x_wconf 87' lang='lat' dir='ltr'><strong>dissipatur</strong></span> <span class='ocrx_word' id='word_1_188' title='bbox 1185 1927 1248 1989; x_wconf 88' lang='lat' dir='ltr'><strong>boc</strong></span> <span class='ocrx_word' id='word_1_189' title='bbox 1259 1927 1311 1988; x_wconf 88' lang='lat' dir='ltr'><strong>est</strong></span> <span class='ocrx_word' id='word_1_190' title='bbox 1324 1941 1392 1988; x_wconf 90' lang='lat' dir='ltr'><strong>non</strong></span> <span class='ocrx_word' id='word_1_191' title='bbox 1400 1927 1499 1990; x_wconf 83' lang='lat' dir='ltr'><strong>debet</strong></span> <span class='ocrx_word' id='word_1_192' title='bbox 1507 1930 1710 2000; x_wconf 87' lang='lat' dir='ltr'><strong>consentire,</strong></span> <span class='ocrx_word' id='word_1_193' title='bbox 1723 1930 1810 2008; x_wconf 93' lang='lat' dir='ltr'><strong>quod</strong></span> <span class='ocrx_word' id='word_1_194' title='bbox 1820 1929 1959 2004; x_wconf 88' lang='lat' dir='ltr'><strong>babeant,</strong></span> 
     </span>
     <span class='ocr_line' id='line_1_18' title="bbox 337 2023 1961 2104; baseline 0.001 -16"><span class='ocrx_word' id='word_1_195' title='bbox 337 2023 521 2104; x_wconf 83' lang='lat' dir='ltr'><strong>pervitam</strong></span> <span class='ocrx_word' id='word_1_196' title='bbox 549 2026 728 2104; x_wconf 84' lang='lat' dir='ltr'><strong>pessimam</strong></span> <span class='ocrx_word' id='word_1_197' title='bbox 753 2025 979 2103; x_wconf 73' lang='lat' dir='ltr'><strong>prelatorum,</strong></span> <span class='ocrx_word' id='word_1_198' title='bbox 1003 2024 1044 2088; x_wconf 93' lang='lat' dir='ltr'><strong>de</strong></span> <span class='ocrx_word' id='word_1_199' title='bbox 1064 2041 1129 2102; x_wconf 92' lang='lat' dir='ltr'><strong>qua</strong></span> <span class='ocrx_word' id='word_1_200' title='bbox 1185 2024 1263 2102; x_wconf 87' lang='lat' dir='ltr'><strong>quia</strong></span> <span class='ocrx_word' id='word_1_201' title='bbox 1279 2025 1408 2086; x_wconf 90' lang='lat' dir='ltr'><strong>nullum</strong></span> <span class='ocrx_word' id='word_1_202' title='bbox 1423 2028 1475 2089; x_wconf 91' lang='lat' dir='ltr'><strong>est</strong></span> <span class='ocrx_word' id='word_1_203' title='bbox 1489 2028 1668 2100; x_wconf 88' lang='lat' dir='ltr'><strong>secretum,</strong></span> <span class='ocrx_word' id='word_1_204' title='bbox 1681 2027 1741 2088; x_wconf 90' lang='lat' dir='ltr'><strong>ubi</strong></span> <span class='ocrx_word' id='word_1_205' title='bbox 1752 2028 1961 2104; x_wconf 85' lang='lat' dir='ltr'><strong>regnatebrie</strong></span> 
     </span>
     <span class='ocr_line' id='line_1_19' title="bbox 336 2122 1961 2204; baseline 0.001 -18"><span class='ocrx_word' id='word_1_206' title='bbox 336 2124 553 2201; x_wconf 79' lang='lat' dir='ltr'><strong>conqueritur</strong></span> <span class='ocrx_word' id='word_1_207' title='bbox 579 2124 739 2186; x_wconf 86' lang='lat' dir='ltr'><strong>Dominus</strong></span> <span class='ocrx_word' id='word_1_208' title='bbox 761 2137 821 2200; x_wconf 91' lang='lat' dir='ltr'><strong>per</strong></span> <span class='ocrx_word' id='word_1_209' title='bbox 842 2122 1043 2200; x_wconf 87' lang='lat' dir='ltr'><strong>Prophetam</strong></span> <span class='ocrx_word' id='word_1_210' title='bbox 1077 2122 1131 2184; x_wconf 86' lang='lat' dir='ltr'><strong>di·</strong></span> <span class='ocrx_word' id='word_1_211' title='bbox 1184 2122 1250 2197; x_wconf 71' lang='lat' dir='ltr'><strong>tas,</strong></span> <span class='ocrx_word' id='word_1_212' title='bbox 1276 2122 1363 2183; x_wconf 92' lang='lat' dir='ltr'><strong>unde</strong></span> <span class='ocrx_word' id='word_1_213' title='bbox 1376 2124 1537 2185; x_wconf 86' lang='lat' dir='ltr'><strong>Horatius</strong></span> <span class='ocrx_word' id='word_1_214' title='bbox 1551 2122 1600 2204; x_wconf 78' lang='grc'><strong>(4)</strong></span> <span class='ocrx_word' id='word_1_215' title='bbox 1618 2146 1626 2184; x_wconf 92' lang='lat'><strong>:</strong></span> <span class='ocrx_word' id='word_1_216' title='bbox 1643 2127 1732 2190; x_wconf 81' lang='lat' dir='ltr'><strong>Quid</strong></span> <span class='ocrx_word' id='word_1_217' title='bbox 1746 2139 1815 2188; x_wconf 83' lang='lat' dir='ltr'><strong>nou</strong></span> <span class='ocrx_word' id='word_1_218' title='bbox 1829 2127 1961 2188; x_wconf 79' lang='lat' dir='ltr'><strong>ebrietur</strong></span> 
     </span>
     <span class='ocr_line' id='line_1_20' title="bbox 335 2221 1960 2297; baseline -0.001 -11"><span class='ocrx_word' id='word_1_219' title='bbox 335 2223 490 2286; x_wconf 83' lang='lat' dir='ltr'><strong>centem:</strong></span> <span class='ocrx_word' id='word_1_220' title='bbox 513 2225 708 2284; x_wconf 71' lang='lat' dir='ltr'><strong>Adomsum</strong></span> <span class='ocrx_word' id='word_1_221' title='bbox 730 2235 787 2283; x_wconf 86' lang='lat' dir='ltr'><strong>me</strong></span> <span class='ocrx_word' id='word_1_222' title='bbox 813 2223 1049 2296; x_wconf 81' lang='lat' dir='ltr'><strong>loquebantur,</strong></span> <span class='ocrx_word' id='word_1_223' title='bbox 1071 2223 1130 2295; x_wconf 88' lang='lat' dir='ltr'><strong>qut</strong></span> <span class='ocrx_word' id='word_1_224' title='bbox 1183 2221 1365 2297; x_wconf 67' lang='lat' dir='ltr'><strong>casanata</strong></span> <span class='ocrx_word' id='word_1_225' title='bbox 1391 2223 1515 2296; x_wconf 79' lang='lat' dir='ltr'><strong>operta</strong></span> <span class='ocrx_word' id='word_1_226' title='bbox 1543 2223 1577 2285; x_wconf 85' lang='lat' dir='ltr'><strong>et</strong></span> <span class='ocrx_word' id='word_1_227' title='bbox 1596 2224 1756 2296; x_wconf 80' lang='lat' dir='ltr'><strong>recludit,</strong></span> <span class='ocrx_word' id='word_1_228' title='bbox 1777 2223 1870 2286; x_wconf 83' lang='lat' dir='ltr'><strong>ete.»</strong></span> <span class='ocrx_word' id='word_1_229' title='bbox 1892 2226 1960 2285; x_wconf 84' lang='lat' dir='ltr'><strong>Item</strong></span> 
     </span>
     <span class='ocr_line' id='line_1_21' title="bbox 333 2319 1959 2395; baseline -0.002 -11"><span class='ocrx_word' id='word_1_230' title='bbox 333 2321 494 2384; x_wconf 82' lang='lat' dir='ltr'><strong>sedebant</strong></span> <span class='ocrx_word' id='word_1_231' title='bbox 511 2323 548 2382; x_wconf 86' lang='lat' dir='ltr'><strong>tn</strong></span> <span class='ocrx_word' id='word_1_232' title='bbox 558 2320 664 2395; x_wconf 76' lang='lat' dir='ltr'><strong>porta</strong></span> <span class='ocrx_word' id='word_1_233' title='bbox 675 2336 688 2380; x_wconf 91' lang='lat'><strong>.·</strong></span> <span class='ocrx_word' id='word_1_234' title='bbox 706 2321 740 2381; x_wconf 85' lang='lat' dir='ltr'><strong>et</strong></span> <span class='ocrx_word' id='word_1_235' title='bbox 764 2322 802 2380; x_wconf 85' lang='lat' dir='ltr'><strong>tn</strong></span> <span class='ocrx_word' id='word_1_236' title='bbox 817 2333 885 2393; x_wconf 81' lang='lat' dir='ltr'><strong>nte,</strong></span> <span class='ocrx_word' id='word_1_237' title='bbox 907 2319 994 2380; x_wconf 91' lang='lat' dir='ltr'><strong>idest</strong></span> <span class='ocrx_word' id='word_1_238' title='bbox 1011 2319 1128 2381; x_wconf 81' lang='lat' dir='ltr'><strong>contm</strong></span> <span class='ocrx_word' id='word_1_239' title='bbox 1184 2333 1288 2394; x_wconf 89' lang='lat' dir='ltr'><strong>quare</strong></span> <span class='ocrx_word' id='word_1_240' title='bbox 1302 2319 1416 2381; x_wconf 82' lang='lat' dir='ltr'><strong>vinum</strong></span> <span class='ocrx_word' id='word_1_241' title='bbox 1439 2319 1526 2382; x_wconf 91' lang='lat' dir='ltr'><strong>istud</strong></span> <span class='ocrx_word' id='word_1_242' title='bbox 1543 2336 1609 2381; x_wconf 92' lang='lat' dir='ltr'><strong>non</strong></span> <span class='ocrx_word' id='word_1_243' title='bbox 1625 2319 1748 2384; x_wconf 90' lang='lat' dir='ltr'><strong>debent</strong></span> <span class='ocrx_word' id='word_1_244' title='bbox 1758 2319 1897 2382; x_wconf 87' lang='lat' dir='ltr'><strong>baberet</strong></span> <span class='ocrx_word' id='word_1_245' title='bbox 1910 2323 1959 2382; x_wconf 86' lang='lat' dir='ltr'><strong>Se-</strong></span> 
     </span>
     <span class='ocr_line' id='line_1_22' title="bbox 333 2415 1958 2494; baseline -0.001 -13"><span class='ocrx_word' id='word_1_246' title='bbox 333 2435 389 2482; x_wconf 91' lang='lat' dir='ltr'><strong>me</strong></span> <span class='ocrx_word' id='word_1_247' title='bbox 401 2420 601 2494; x_wconf 80' lang='lat' dir='ltr'><strong>pcuttebuut,</strong></span> <span class='ocrx_word' id='word_1_248' title='bbox 622 2421 681 2494; x_wconf 79' lang='lat' dir='ltr'><strong>qut</strong></span> <span class='ocrx_word' id='word_1_249' title='bbox 696 2418 850 2480; x_wconf 75' lang='lat' dir='ltr'><strong>bibebant</strong></span> <span class='ocrx_word' id='word_1_250' title='bbox 868 2421 1001 2479; x_wconf 77' lang='lat' dir='ltr'><strong>aluum.</strong></span> <span class='ocrx_word' id='word_1_251' title='bbox 1027 2417 1127 2478; x_wconf 87' lang='lat' dir='ltr'><strong>Psal·</strong></span> <span class='ocrx_word' id='word_1_252' title='bbox 1183 2415 1310 2492; x_wconf 89' lang='lat' dir='ltr'><strong>quitur:</strong></span> <span class='ocrx_word' id='word_1_253' title='bbox 1321 2420 1375 2480; x_wconf 86' lang='lat' dir='ltr'><strong>Ne</strong></span> <span class='ocrx_word' id='word_1_254' title='bbox 1388 2419 1480 2492; x_wconf 77' lang='lat' dir='ltr'><strong>forte</strong></span> <span class='ocrx_word' id='word_1_255' title='bbox 1494 2419 1744 2482; x_wconf 82' lang='lat' dir='ltr'><strong>obtiviscantur</strong></span> <span class='ocrx_word' id='word_1_256' title='bbox 1751 2421 1958 2493; x_wconf 82' lang='lat' dir='ltr'><strong>judiciorum,</strong></span> 
     </span>
     <span class='ocr_line' id='line_1_23' title="bbox 333 2513 1958 2603; baseline -0.002 -25"><span class='ocrx_word' id='word_1_257' title='bbox 333 2518 408 2579; x_wconf 88' lang='lat' dir='ltr'><strong>lunt</strong></span> <span class='ocrx_word' id='word_1_258' title='bbox 423 2515 512 2578; x_wconf 92' lang='lat' dir='ltr'><strong>enim</strong></span> <span class='ocrx_word' id='word_1_259' title='bbox 527 2515 622 2577; x_wconf 89' lang='lat' dir='ltr'><strong>multi</strong></span> <span class='ocrx_word' id='word_1_260' title='bbox 637 2513 753 2576; x_wconf 88' lang='lat' dir='ltr'><strong>contra</strong></span> <span class='ocrx_word' id='word_1_261' title='bbox 769 2514 957 2590; x_wconf 87' lang='lat' dir='ltr'><strong>Dominum,</strong></span> <span class='ocrx_word' id='word_1_262' title='bbox 979 2517 1012 2577; x_wconf 90' lang='lat' dir='ltr'><strong>et</strong></span> <span class='ocrx_word' id='word_1_263' title='bbox 1037 2531 1128 2603; x_wconf 86' lang='lat' dir='ltr'><strong>praa·</strong></span> <span class='ocrx_word' id='word_1_264' title='bbox 1182 2514 1217 2576; x_wconf 86' lang='lat' dir='ltr'><strong>et</strong></span> <span class='ocrx_word' id='word_1_265' title='bbox 1242 2515 1377 2576; x_wconf 77' lang='lat' dir='ltr'><strong>mutent</strong></span> <span class='ocrx_word' id='word_1_266' title='bbox 1403 2529 1548 2579; x_wconf 69' lang='lat' dir='ltr'><strong>musam</strong></span> <span class='ocrx_word' id='word_1_267' title='bbox 1579 2517 1735 2588; x_wconf 68' lang='lat' dir='ltr'><strong>mierum</strong></span> <span class='ocrx_word' id='word_1_268' title='bbox 1757 2520 1958 2594; x_wconf 77' lang='lat' dir='ltr'><strong>pauperis.»</strong></span> 
     </span>
     <span class='ocr_line' id='line_1_24' title="bbox 334 2611 1957 2692; baseline -0.001 -16"><span class='ocrx_word' id='word_1_269' title='bbox 334 2615 431 2692; x_wconf 91' lang='lat' dir='ltr'><strong>clpue</strong></span> <span class='ocrx_word' id='word_1_270' title='bbox 446 2613 651 2687; x_wconf 88' lang='lat' dir='ltr'><strong>sacerdotes,</strong></span> <span class='ocrx_word' id='word_1_271' title='bbox 673 2613 794 2690; x_wconf 90' lang='lat' dir='ltr'><strong>quibus</strong></span> <span class='ocrx_word' id='word_1_272' title='bbox 808 2612 932 2674; x_wconf 90' lang='lat' dir='ltr'><strong>dicitur</strong></span> <span class='ocrx_word' id='word_1_273' title='bbox 953 2627 1013 2690; x_wconf 92' lang='lat' dir='ltr'><strong>per</strong></span> <span class='ocrx_word' id='word_1_274' title='bbox 1026 2618 1127 2674; x_wconf 84' lang='lat' dir='ltr'><strong>Amos</strong></span> <span class='ocrx_word' id='word_1_275' title='bbox 1183 2611 1379 2674; x_wconf 83' lang='lat' dir='ltr'><strong>Sacerdotes</strong></span> <span class='ocrx_word' id='word_1_276' title='bbox 1405 2613 1506 2682; x_wconf 87' lang='lat' dir='ltr'><strong>enim,</strong></span> <span class='ocrx_word' id='word_1_277' title='bbox 1537 2613 1571 2676; x_wconf 90' lang='lat' dir='ltr'><strong>et</strong></span> <span class='ocrx_word' id='word_1_278' title='bbox 1597 2613 1712 2676; x_wconf 91' lang='lat' dir='ltr'><strong>clerici</strong></span> <span class='ocrx_word' id='word_1_279' title='bbox 1738 2613 1957 2691; x_wconf 84' lang='lat' dir='ltr'><strong>temporalibus</strong></span> 
     </span>
     <span class='ocr_line' id='line_1_25' title="bbox 334 2707 1957 2792; baseline -0.001 -18"><span class='ocrx_word' id='word_1_280' title='bbox 334 2712 380 2792; x_wconf 84' lang='grc'><strong>(5,</strong></span> <span class='ocrx_word' id='word_1_281' title='bbox 395 2710 468 2790; x_wconf 73' lang='grc'><strong>23);</strong></span> <span class='ocrx_word' id='word_1_282' title='bbox 482 2728 501 2772; x_wconf 78' lang='lat' dir='ltr'><strong>s</strong></span> <span class='ocrx_word' id='word_1_283' title='bbox 515 2710 619 2774; x_wconf 75' lang='lat' dir='ltr'><strong>Aufer</strong></span> <span class='ocrx_word' id='word_1_284' title='bbox 633 2725 653 2771; x_wconf 91' lang='lat' dir='ltr'><strong>a</strong></span> <span class='ocrx_word' id='word_1_285' title='bbox 669 2725 722 2772; x_wconf 90' lang='lat' dir='ltr'><strong>me</strong></span> <span class='ocrx_word' id='word_1_286' title='bbox 742 2710 920 2771; x_wconf 90' lang='lat' dir='ltr'><strong>tumultum</strong></span> <span class='ocrx_word' id='word_1_287' title='bbox 940 2711 1126 2772; x_wconf 88' lang='lat' dir='ltr'><strong>carminum</strong></span> <span class='ocrx_word' id='word_1_288' title='bbox 1181 2707 1459 2774; x_wconf 84' lang='lat' dir='ltr'><strong>delectationibus</strong></span> <span class='ocrx_word' id='word_1_289' title='bbox 1481 2709 1583 2773; x_wconf 88' lang='lat' dir='ltr'><strong>dediti</strong></span> <span class='ocrx_word' id='word_1_290' title='bbox 1594 2711 1687 2789; x_wconf 86' lang='lat' dir='ltr'><strong>justa</strong></span> <span class='ocrx_word' id='word_1_291' title='bbox 1702 2711 1957 2789; x_wconf 79' lang='lat' dir='ltr'><strong>DomiuiJudicia</strong></span> 
     </span>
     <span class='ocr_line' id='line_1_26' title="bbox 333 2806 1956 2888; baseline -0.001 -16"><span class='ocrx_word' id='word_1_292' title='bbox 333 2811 467 2872; x_wconf 88' lang='lat' dir='ltr'><strong>tuorum</strong></span> <span class='ocrx_word' id='word_1_293' title='bbox 479 2831 487 2884; x_wconf 90' lang='lat'>;</span> <span class='ocrx_word' id='word_1_294' title='bbox 500 2809 534 2871; x_wconf 89' lang='lat' dir='ltr'><strong>et</strong></span> <span class='ocrx_word' id='word_1_295' title='bbox 553 2807 685 2870; x_wconf 89' lang='lat' dir='ltr'><strong>cantica</strong></span> <span class='ocrx_word' id='word_1_296' title='bbox 697 2806 852 2886; x_wconf 79' lang='lat' dir='ltr'><strong>lyraetuee</strong></span> <span class='ocrx_word' id='word_1_297' title='bbox 868 2823 934 2869; x_wconf 90' lang='lat' dir='ltr'><strong>non</strong></span> <span class='ocrx_word' id='word_1_298' title='bbox 946 2807 1092 2870; x_wconf 91' lang='lat' dir='ltr'><strong>audiam.</strong></span> <span class='ocrx_word' id='word_1_299' title='bbox 1107 2825 1126 2870; x_wconf 76' lang='lat' dir='ltr'><strong>a</strong></span> <span class='ocrx_word' id='word_1_300' title='bbox 1181 2823 1247 2870; x_wconf 90' lang='lat' dir='ltr'><strong>non</strong></span> <span class='ocrx_word' id='word_1_301' title='bbox 1261 2808 1424 2882; x_wconf 88' lang='lat' dir='ltr'><strong>recolunt,</strong></span> <span class='ocrx_word' id='word_1_302' title='bbox 1437 2807 1524 2870; x_wconf 91' lang='lat' dir='ltr'><strong>unde</strong></span> <span class='ocrx_word' id='word_1_303' title='bbox 1537 2825 1605 2870; x_wconf 92' lang='lat' dir='ltr'><strong>non</strong></span> <span class='ocrx_word' id='word_1_304' title='bbox 1626 2809 1718 2888; x_wconf 89' lang='lat' dir='ltr'><strong>juste</strong></span> <span class='ocrx_word' id='word_1_305' title='bbox 1737 2809 1894 2888; x_wconf 86' lang='lat' dir='ltr'><strong>judicant,</strong></span> <span class='ocrx_word' id='word_1_306' title='bbox 1909 2807 1956 2870; x_wconf 89' lang='lat' dir='ltr'><strong>sed</strong></span> 
     </span>
     <span class='ocr_line' id='line_1_27' title="bbox 332 2905 1955 2984; baseline -0.003 -14"><span class='ocrx_word' id='word_1_307' title='bbox 332 2907 494 2984; x_wconf 84' lang='lat' dir='ltr'><strong>Loquitur</strong></span> <span class='ocrx_word' id='word_1_308' title='bbox 506 2907 594 2968; x_wconf 87' lang='lat' dir='ltr'><strong>Deus</strong></span> <span class='ocrx_word' id='word_1_309' title='bbox 609 2905 650 2966; x_wconf 92' lang='lat' dir='ltr'><strong>ad</strong></span> <span class='ocrx_word' id='word_1_310' title='bbox 665 2905 844 2983; x_wconf 85' lang='lat' dir='ltr'><strong>quemlibet</strong></span> <span class='ocrx_word' id='word_1_311' title='bbox 854 2905 1071 2981; x_wconf 85' lang='lat' dir='ltr'><strong>sacerdotem,</strong></span> <span class='ocrx_word' id='word_1_312' title='bbox 1083 2906 1123 2968; x_wconf 90' lang='lat' dir='ltr'><strong>ad</strong></span> <span class='ocrx_word' id='word_1_313' title='bbox 1181 2905 1386 2981; x_wconf 89' lang='lat' dir='ltr'><strong>muneribus,</strong></span> <span class='ocrx_word' id='word_1_314' title='bbox 1402 2907 1435 2984; x_wconf 88' lang='lat' dir='ltr'><strong>et</strong></span> <span class='ocrx_word' id='word_1_315' title='bbox 1451 2906 1669 2969; x_wconf 71' lang='lat' dir='ltr'><strong>sacularibus</strong></span> <span class='ocrx_word' id='word_1_316' title='bbox 1684 2905 1955 2979; x_wconf 86' lang='lat' dir='ltr'><strong>delectationibus,</strong></span> 
     </span>
     <span class='ocr_line' id='line_1_28' title="bbox 332 3002 1956 3084; baseline -0.002 -17"><span class='ocrx_word' id='word_1_317' title='bbox 332 3021 431 3083; x_wconf 90' lang='lat' dir='ltr'><strong>quem</strong></span> <span class='ocrx_word' id='word_1_318' title='bbox 447 3005 615 3084; x_wconf 88' lang='lat' dir='ltr'><strong>praecipue</strong></span> <span class='ocrx_word' id='word_1_319' title='bbox 631 3003 776 3079; x_wconf 86' lang='lat' dir='ltr'><strong>pertinet</strong></span> <span class='ocrx_word' id='word_1_320' title='bbox 799 3005 948 3078; x_wconf 86' lang='lat' dir='ltr'><strong>cantare,</strong></span> <span class='ocrx_word' id='word_1_321' title='bbox 964 3005 997 3066; x_wconf 91' lang='lat' dir='ltr'><strong>et</strong></span> <span class='ocrx_word' id='word_1_322' title='bbox 1013 3004 1125 3080; x_wconf 86' lang='lat' dir='ltr'><strong>legere</strong></span> <span class='ocrx_word' id='word_1_323' title='bbox 1181 3002 1326 3065; x_wconf 90' lang='lat' dir='ltr'><strong>illiorum</strong></span> <span class='ocrx_word' id='word_1_324' title='bbox 1341 3004 1510 3082; x_wconf 88' lang='lat' dir='ltr'><strong>pauperis,</strong></span> <span class='ocrx_word' id='word_1_325' title='bbox 1530 3004 1617 3068; x_wconf 91' lang='lat' dir='ltr'><strong>idest</strong></span> <span class='ocrx_word' id='word_1_326' title='bbox 1638 3021 1824 3083; x_wconf 89' lang='lat' dir='ltr'><strong>pauperum</strong></span> <span class='ocrx_word' id='word_1_327' title='bbox 1838 3019 1956 3067; x_wconf 87' lang='lat' dir='ltr'><strong>eausam</strong></span> 
     </span>
     <span class='ocr_line' id='line_1_29' title="bbox 330 3101 1955 3181; baseline -0.001 -16"><span class='ocrx_word' id='word_1_328' title='bbox 330 3103 367 3164; x_wconf 92' lang='lat' dir='ltr'><strong>in</strong></span> <span class='ocrx_word' id='word_1_329' title='bbox 379 3102 541 3176; x_wconf 79' lang='lat' dir='ltr'><strong>Ecclesia,</strong></span> <span class='ocrx_word' id='word_1_330' title='bbox 552 3101 609 3179; x_wconf 91' lang='lat' dir='ltr'><strong>qui</strong></span> <span class='ocrx_word' id='word_1_331' title='bbox 624 3101 679 3162; x_wconf 83' lang='lat' dir='ltr'><strong>liic</strong></span> <span class='ocrx_word' id='word_1_332' title='bbox 690 3105 766 3180; x_wconf 82' lang='lat' dir='ltr'><strong>jure</strong></span> <span class='ocrx_word' id='word_1_333' title='bbox 779 3101 1053 3178; x_wconf 87' lang='lat' dir='ltr'><strong>reprehensibilis</strong></span> <span class='ocrx_word' id='word_1_334' title='bbox 1063 3117 1125 3163; x_wconf 86' lang='lat' dir='ltr'><strong>ex·</strong></span> <span class='ocrx_word' id='word_1_335' title='bbox 1180 3101 1322 3178; x_wconf 75' lang='lat' dir='ltr'><strong>mutant,</strong></span> <span class='ocrx_word' id='word_1_336' title='bbox 1340 3101 1427 3163; x_wconf 90' lang='lat' dir='ltr'><strong>unde</strong></span> <span class='ocrx_word' id='word_1_337' title='bbox 1439 3101 1524 3164; x_wconf 92' lang='lat' dir='ltr'><strong>bene</strong></span> <span class='ocrx_word' id='word_1_338' title='bbox 1540 3102 1620 3166; x_wconf 89' lang='lat' dir='ltr'><strong>dicit</strong></span> <span class='ocrx_word' id='word_1_339' title='bbox 1632 3105 1821 3181; x_wconf 87' lang='lat' dir='ltr'><strong>Propheta:</strong></span> <span class='ocrx_word' id='word_1_340' title='bbox 1836 3106 1955 3166; x_wconf 76' lang='lat' dir='ltr'><strong>Aaou·</strong></span> 
     </span>
     <span class='ocr_line' id='line_1_30' title="bbox 330 3199 1952 3276; baseline -0.003 -12"><span class='ocrx_word' id='word_1_341' title='bbox 330 3201 446 3264; x_wconf 85' lang='lat' dir='ltr'><strong>titerit.</strong></span> <span class='ocrx_word' id='word_1_342' title='bbox 459 3201 582 3263; x_wconf 89' lang='lat' dir='ltr'><strong>Cantus</strong></span> <span class='ocrx_word' id='word_1_343' title='bbox 593 3200 694 3274; x_wconf 90' lang='lat' dir='ltr'><strong>enim,</strong></span> <span class='ocrx_word' id='word_1_344' title='bbox 710 3201 744 3261; x_wconf 91' lang='lat' dir='ltr'><strong>et</strong></span> <span class='ocrx_word' id='word_1_345' title='bbox 755 3199 905 3261; x_wconf 88' lang='lat' dir='ltr'><strong>carmina</strong></span> <span class='ocrx_word' id='word_1_346' title='bbox 917 3213 982 3260; x_wconf 91' lang='lat' dir='ltr'><strong>non</strong></span> <span class='ocrx_word' id='word_1_347' title='bbox 992 3199 1125 3276; x_wconf 88' lang='lat' dir='ltr'><strong>placent</strong></span> <span class='ocrx_word' id='word_1_348' title='bbox 1178 3211 1255 3260; x_wconf 68' lang='lat' dir='ltr'><strong>mut</strong></span> <span class='ocrx_word' id='word_1_349' title='bbox 1284 3213 1340 3262; x_wconf 78' lang='lat' dir='ltr'><strong>ute</strong></span> <span class='ocrx_word' id='word_1_350' title='bbox 1366 3201 1601 3275; x_wconf 81' lang='lat' dir='ltr'><strong>loquebantur,</strong></span> <span class='ocrx_word' id='word_1_351' title='bbox 1633 3205 1692 3276; x_wconf 81' lang='lat' dir='ltr'><strong>qut</strong></span> <span class='ocrx_word' id='word_1_352' title='bbox 1733 3202 1889 3265; x_wconf 82' lang='lat' dir='ltr'><strong>sedebunt</strong></span> <span class='ocrx_word' id='word_1_353' title='bbox 1922 3201 1952 3260; x_wconf 83' lang='lat' dir='ltr'><strong>tu</strong></span> 
     </span>
     <span class='ocr_line' id='line_1_31' title="bbox 331 3295 1955 3376; baseline -0.002 -17"><span class='ocrx_word' id='word_1_354' title='bbox 331 3298 484 3371; x_wconf 88' lang='lat' dir='ltr'><strong>Domino,</strong></span> <span class='ocrx_word' id='word_1_355' title='bbox 500 3297 558 3358; x_wconf 89' lang='lat' dir='ltr'><strong>sed</strong></span> <span class='ocrx_word' id='word_1_356' title='bbox 579 3297 657 3358; x_wconf 90' lang='lat' dir='ltr'><strong>sunt</strong></span> <span class='ocrx_word' id='word_1_357' title='bbox 679 3297 711 3358; x_wconf 92' lang='lat' dir='ltr'><strong>ei</strong></span> <span class='ocrx_word' id='word_1_358' title='bbox 738 3297 775 3358; x_wconf 92' lang='lat' dir='ltr'><strong>in</strong></span> <span class='ocrx_word' id='word_1_359' title='bbox 787 3297 934 3372; x_wconf 87' lang='lat' dir='ltr'><strong>taedium,</strong></span> <span class='ocrx_word' id='word_1_360' title='bbox 950 3297 984 3359; x_wconf 93' lang='lat' dir='ltr'><strong>et</strong></span> <span class='ocrx_word' id='word_1_361' title='bbox 994 3297 1122 3359; x_wconf 88' lang='lat' dir='ltr'><strong>tumul·</strong></span> <span class='ocrx_word' id='word_1_362' title='bbox 1176 3296 1291 3371; x_wconf 75' lang='lat' dir='ltr'><strong>porta,</strong></span> <span class='ocrx_word' id='word_1_363' title='bbox 1320 3297 1355 3359; x_wconf 89' lang='lat' dir='ltr'><strong>et</strong></span> <span class='ocrx_word' id='word_1_364' title='bbox 1375 3302 1413 3360; x_wconf 83' lang='lat' dir='ltr'><strong>tu</strong></span> <span class='ocrx_word' id='word_1_365' title='bbox 1438 3313 1494 3361; x_wconf 75' lang='lat' dir='ltr'><strong>arte</strong></span> <span class='ocrx_word' id='word_1_366' title='bbox 1509 3301 1711 3375; x_wconf 74' lang='lat' dir='ltr'><strong>prouocat,</strong></span> <span class='ocrx_word' id='word_1_367' title='bbox 1736 3301 1796 3376; x_wconf 83' lang='lat' dir='ltr'><strong>qut</strong></span> <span class='ocrx_word' id='word_1_368' title='bbox 1820 3295 1955 3362; x_wconf 85' lang='lat' dir='ltr'><strong>bibebant</strong></span> 
     </span>
     <span class='ocr_line' id='line_1_32' title="bbox 331 3393 1311 3469; baseline -0.003 -12"><span class='ocrx_word' id='word_1_369' title='bbox 331 3397 422 3469; x_wconf 89' lang='lat' dir='ltr'><strong>tnm;</strong></span> <span class='ocrx_word' id='word_1_370' title='bbox 443 3394 531 3456; x_wconf 87' lang='lat' dir='ltr'><strong>unde</strong></span> <span class='ocrx_word' id='word_1_371' title='bbox 552 3393 659 3456; x_wconf 83' lang='lat' dir='ltr'><strong>dicit:</strong></span> <span class='ocrx_word' id='word_1_372' title='bbox 679 3393 816 3456; x_wconf 80' lang='lat' dir='ltr'><strong>«Aufer</strong></span> <span class='ocrx_word' id='word_1_373' title='bbox 830 3411 850 3457; x_wconf 89' lang='lat' dir='ltr'><strong>a</strong></span> <span class='ocrx_word' id='word_1_374' title='bbox 865 3409 918 3456; x_wconf 89' lang='lat' dir='ltr'><strong>me</strong></span> <span class='ocrx_word' id='word_1_375' title='bbox 945 3395 1122 3457; x_wconf 87' lang='lat' dir='ltr'><strong>tumultum</strong></span> <span class='ocrx_word' id='word_1_376' title='bbox 1178 3395 1311 3455; x_wconf 79' lang='lat' dir='ltr'><strong>viuum.</strong></span> 
     </span>
     <span class='ocr_line' id='line_1_33' title="bbox 331 3492 1124 3566; baseline -0.001 -11"><span class='ocrx_word' id='word_1_377' title='bbox 331 3493 517 3556; x_wconf 86' lang='lat' dir='ltr'><strong>carminum</strong></span> <span class='ocrx_word' id='word_1_378' title='bbox 537 3493 689 3566; x_wconf 88' lang='lat' dir='ltr'><strong>tuorum;</strong></span> <span class='ocrx_word' id='word_1_379' title='bbox 705 3509 723 3553; x_wconf 74' lang='lat' dir='ltr'><strong>a</strong></span> <span class='ocrx_word' id='word_1_380' title='bbox 743 3492 846 3565; x_wconf 88' lang='lat' dir='ltr'><strong>Quasi</strong></span> <span class='ocrx_word' id='word_1_381' title='bbox 860 3493 969 3555; x_wconf 88' lang='lat' dir='ltr'><strong>dicat:</strong></span> <span class='ocrx_word' id='word_1_382' title='bbox 985 3495 1124 3555; x_wconf 81' lang='lat' dir='ltr'><strong>Tumul-</strong></span> 
     </span>
     <span class='ocr_line' id='line_1_34' title="bbox 330 3574 1732 3662; baseline -0.001 -9"><span class='ocrx_word' id='word_1_383' title='bbox 330 3589 549 3654; x_wconf 74' lang='lat' dir='ltr'><strong>musacium</strong></span> <span class='ocrx_word' id='word_1_384' title='bbox 576 3589 659 3652; x_wconf 92' lang='lat' dir='ltr'><strong>mihi</strong></span> <span class='ocrx_word' id='word_1_385' title='bbox 686 3591 848 3662; x_wconf 87' lang='lat' dir='ltr'><strong>carmina,</strong></span> <span class='ocrx_word' id='word_1_386' title='bbox 871 3592 906 3653; x_wconf 91' lang='lat' dir='ltr'><strong>et</strong></span> <span class='ocrx_word' id='word_1_387' title='bbox 922 3591 1040 3653; x_wconf 88' lang='lat' dir='ltr'><strong>cantus</strong></span> <span class='ocrx_word' id='word_1_388' title='bbox 1060 3591 1119 3653; x_wconf 89' lang='lat' dir='ltr'><strong>tui.</strong></span> <span class='ocrx_word' id='word_1_389' title='bbox 1416 3574 1558 3638; x_wconf 71' lang='lat' dir='ltr'>SERMO</span> <span class='ocrx_word' id='word_1_390' title='bbox 1587 3575 1732 3638; x_wconf 69' lang='lat' dir='ltr'><strong>CXXVI·</strong></span> 
     </span>
    </p>
   </div>
   <div class='ocr_carea' id='block_1_3' title="bbox 330 3687 2056 3798">
    <p class='ocr_par' dir='ltr' id='par_1_3' title="bbox 330 3687 2056 3798">
     <span class='ocr_line' id='line_1_35' title="bbox 330 3687 2056 3798; baseline 0.007 -29"><span class='ocrx_word' id='word_1_391' title='bbox 330 3691 439 3766; x_wconf 71' lang='lat' dir='ltr'><strong>SUPffl&#39;</strong></span> <span class='ocrx_word' id='word_1_392' title='bbox 453 3704 549 3766; x_wconf 63' lang='lat' dir='ltr'>(1¹¹⁶OE</span> <span class='ocrx_word' id='word_1_393' title='bbox 578 3687 687 3750; x_wconf 63' lang='lat' dir='ltr'>¹⁰⁰³OE</span> <span class='ocrx_word' id='word_1_394' title='bbox 709 3689 791 3751; x_wconf 59' lang='lat' dir='ltr'>‘³5⁰st</span> <span class='ocrx_word' id='word_1_395' title='bbox 812 3688 1034 3768; x_wconf 62' lang='lat' dir='ltr'><strong>memnymus</strong></span> <span class='ocrx_word' id='word_1_396' title='bbox 1050 3687 1119 3769; x_wconf 74' lang='lat'><strong>(¹)²</strong></span> <span class='ocrx_word' id='word_1_397' title='bbox 1211 3723 1253 3780; x_wconf 84' lang='lat' dir='ltr'><strong>lie</strong></span> <span class='ocrx_word' id='word_1_398' title='bbox 1271 3723 1422 3796; x_wconf 85' lang='lat' dir='ltr'><strong>temporali</strong></span> <span class='ocrx_word' id='word_1_399' title='bbox 1441 3721 1595 3797; x_wconf 80' lang='lat' dir='ltr'><strong>voluptate,</strong></span> <span class='ocrx_word' id='word_1_400' title='bbox 1612 3732 1640 3783; x_wconf 89' lang='lat' dir='ltr'><strong>ei</strong></span> <span class='ocrx_word' id='word_1_401' title='bbox 1655 3723 1733 3798; x_wconf 92' lang='lat' dir='ltr'><strong>quod</strong></span> <span class='ocrx_word' id='word_1_402' title='bbox 1747 3723 1841 3782; x_wconf 92' lang='lat' dir='ltr'><strong>omnia</strong></span> <span class='ocrx_word' id='word_1_403' title='bbox 1857 3722 1923 3781; x_wconf 88' lang='lat' dir='ltr'><strong>bona</strong></span> <span class='ocrx_word' id='word_1_404' title='bbox 2055 3695 2056 3702; x_wconf 8' lang='grc' dir='ltr'>ἵ</span> 
     </span>
    </p>
   </div>
   <div class='ocr_carea' id='block_1_4' title="bbox 327 3785 1636 4252">
    <p class='ocr_par' dir='ltr' id='par_1_4' title="bbox 327 3785 1636 4252">
     <span class='ocr_line' id='line_1_36' title="bbox 330 3785 1636 3872; baseline 0 -24"><span class='ocrx_word' id='word_1_405' title='bbox 330 3785 504 3850; x_wconf 79' lang='lat' dir='ltr'><strong>«Pulchre</strong></span> <span class='ocrx_word' id='word_1_406' title='bbox 528 3786 659 3849; x_wconf 88' lang='lat' dir='ltr'><strong>cantica</strong></span> <span class='ocrx_word' id='word_1_407' title='bbox 683 3787 887 3860; x_wconf 77' lang='lat' dir='ltr'><strong>Levitmum,</strong></span> <span class='ocrx_word' id='word_1_408' title='bbox 918 3786 1122 3864; x_wconf 86' lang='lat' dir='ltr'><strong>quibusda·</strong></span> <span class='ocrx_word' id='word_1_409' title='bbox 1507 3812 1636 3872; x_wconf 45' lang='lat' dir='ltr'><strong>demit,</strong></span> 
     </span>
     <span class='ocr_line' id='line_1_37' title="bbox 327 3883 1121 3958; baseline 0.004 -12"><span class='ocrx_word' id='word_1_410' title='bbox 327 3884 406 3948; x_wconf 90' lang='lat' dir='ltr'><strong>bent</strong></span> <span class='ocrx_word' id='word_1_411' title='bbox 430 3883 570 3947; x_wconf 88' lang='lat' dir='ltr'><strong>laudare</strong></span> <span class='ocrx_word' id='word_1_412' title='bbox 590 3885 778 3956; x_wconf 90' lang='lat' dir='ltr'><strong>Dominum,</strong></span> <span class='ocrx_word' id='word_1_413' title='bbox 804 3885 857 3948; x_wconf 84' lang='lat' dir='ltr'><strong>rel</strong></span> <span class='ocrx_word' id='word_1_414' title='bbox 885 3887 1000 3958; x_wconf 89' lang='lat' dir='ltr'><strong>Deum,</strong></span> <span class='ocrx_word' id='word_1_415' title='bbox 1022 3886 1121 3949; x_wconf 82' lang='lat' dir='ltr'><strong>vocat</strong></span> 
     </span>
     <span class='ocr_line' id='line_1_38' title="bbox 327 3981 1119 4061; baseline -0.001 -16"><span class='ocrx_word' id='word_1_416' title='bbox 327 3982 504 4045; x_wconf 89' lang='lat' dir='ltr'><strong>tumultum</strong></span> <span class='ocrx_word' id='word_1_417' title='bbox 525 3981 712 4056; x_wconf 81' lang='lat' dir='ltr'><strong>contusum,</strong></span> <span class='ocrx_word' id='word_1_418' title='bbox 734 3984 767 4043; x_wconf 87' lang='lat' dir='ltr'><strong>ei</strong></span> <span class='ocrx_word' id='word_1_419' title='bbox 790 3983 947 4056; x_wconf 89' lang='lat' dir='ltr'><strong>sonitum,</strong></span> <span class='ocrx_word' id='word_1_420' title='bbox 960 3981 1037 4061; x_wconf 83' lang='lat' dir='ltr'><strong>quia</strong></span> <span class='ocrx_word' id='word_1_421' title='bbox 1052 4000 1119 4045; x_wconf 89' lang='lat' dir='ltr'><strong>non</strong></span> 
     </span>
     <span class='ocr_line' id='line_1_39' title="bbox 327 4081 1117 4158; baseline 0 -16"><span class='ocrx_word' id='word_1_422' title='bbox 327 4081 378 4142; x_wconf 90' lang='lat' dir='ltr'><strong>est</strong></span> <span class='ocrx_word' id='word_1_423' title='bbox 399 4081 550 4158; x_wconf 87' lang='lat' dir='ltr'><strong>speciosa</strong></span> <span class='ocrx_word' id='word_1_424' title='bbox 563 4081 638 4141; x_wconf 91' lang='lat' dir='ltr'><strong>laus</strong></span> <span class='ocrx_word' id='word_1_425' title='bbox 648 4081 683 4140; x_wconf 91' lang='lat' dir='ltr'><strong>in</strong></span> <span class='ocrx_word' id='word_1_426' title='bbox 699 4095 757 4142; x_wconf 91' lang='lat' dir='ltr'><strong>ore</strong></span> <span class='ocrx_word' id='word_1_427' title='bbox 771 4082 971 4157; x_wconf 87' lang='lat' dir='ltr'><strong>peccatoris;</strong></span> <span class='ocrx_word' id='word_1_428' title='bbox 985 4081 1019 4145; x_wconf 89' lang='lat' dir='ltr'><strong>et</strong></span> <span class='ocrx_word' id='word_1_429' title='bbox 1029 4083 1117 4145; x_wconf 90' lang='lat' dir='ltr'><strong>utlta</strong></span> 
     </span>
     <span class='ocr_line' id='line_1_40' title="bbox 327 4177 1117 4252; baseline 0.001 -13"><span class='ocrx_word' id='word_1_430' title='bbox 327 4178 447 4252; x_wconf 90' lang='lat' dir='ltr'><strong>dicam,</strong></span> <span class='ocrx_word' id='word_1_431' title='bbox 463 4179 514 4239; x_wconf 88' lang='lat' dir='ltr'><strong>est</strong></span> <span class='ocrx_word' id='word_1_432' title='bbox 529 4193 637 4249; x_wconf 90' lang='lat' dir='ltr'><strong>suum,</strong></span> <span class='ocrx_word' id='word_1_433' title='bbox 659 4177 691 4238; x_wconf 88' lang='lat' dir='ltr'><strong>et</strong></span> <span class='ocrx_word' id='word_1_434' title='bbox 708 4177 834 4239; x_wconf 90' lang='lat' dir='ltr'><strong>clamor</strong></span> <span class='ocrx_word' id='word_1_435' title='bbox 848 4179 1030 4240; x_wconf 90' lang='lat' dir='ltr'><strong>asinorum.</strong></span> <span class='ocrx_word' id='word_1_436' title='bbox 1044 4196 1063 4239; x_wconf 70' lang='lat' dir='ltr'><strong>a</strong></span> <span class='ocrx_word' id='word_1_437' title='bbox 1076 4179 1117 4240; x_wconf 86' lang='lat' dir='ltr'><strong>ili</strong></span> 
     </span>
    </p>
   </div>
   <div class='ocr_carea' id='block_1_5' title="bbox 1173 3939 1952 4214">
    <p class='ocr_par' dir='ltr' id='par_1_5' title="bbox 1173 3939 1952 4214">
     <span class='ocr_line' id='line_1_41' title="bbox 1173 3939 1952 4016; baseline -0.005 -16"><span class='ocrx_word' id='word_1_438' title='bbox 1173 3941 1252 4000; x_wconf 86' lang='lat' dir='ltr'><strong>Nou</strong></span> <span class='ocrx_word' id='word_1_439' title='bbox 1264 3939 1508 4016; x_wconf 76' lang='lat' dir='ltr'><strong>medemerpot</strong></span> <span class='ocrx_word' id='word_1_440' title='bbox 1530 3939 1716 4013; x_wconf 81' lang='lat' dir='ltr'><strong>tempestus</strong></span> <span class='ocrx_word' id='word_1_441' title='bbox 1735 3955 1843 4014; x_wconf 81' lang='lat' dir='ltr'><strong>uquae,</strong></span> <span class='ocrx_word' id='word_1_442' title='bbox 1859 3948 1952 4010; x_wconf 73' lang='lat' dir='ltr'><strong>ireque</strong></span> 
     </span>
     <span class='ocr_line' id='line_1_42' title="bbox 1213 4029 1952 4112; baseline -0.005 -17"><span class='ocrx_word' id='word_1_443' title='bbox 1213 4036 1392 4100; x_wconf 84' lang='lat' dir='ltr'><strong>obsorbeat</strong></span> <span class='ocrx_word' id='word_1_444' title='bbox 1405 4050 1461 4098; x_wconf 85' lang='lat' dir='ltr'><strong>me</strong></span> <span class='ocrx_word' id='word_1_445' title='bbox 1473 4037 1696 4112; x_wconf 61' lang='lat' dir='ltr'><strong>probitatum,</strong></span> <span class='ocrx_word' id='word_1_446' title='bbox 1721 4051 1830 4112; x_wconf 75' lang='lat' dir='ltr'><strong>raeque</strong></span> <span class='ocrx_word' id='word_1_447' title='bbox 1843 4029 1952 4110; x_wconf 77' lang='lat' dir='ltr'><strong>urgeat</strong></span> 
     </span>
     <span class='ocr_line' id='line_1_43' title="bbox 1212 4125 1950 4214; baseline -0.007 -19"><span class='ocrx_word' id='word_1_448' title='bbox 1212 4147 1318 4207; x_wconf 80' lang='lat' dir='ltr'><strong>super</strong></span> <span class='ocrx_word' id='word_1_449' title='bbox 1330 4147 1385 4196; x_wconf 87' lang='lat' dir='ltr'><strong>me</strong></span> <span class='ocrx_word' id='word_1_450' title='bbox 1396 4135 1521 4207; x_wconf 80' lang='lat' dir='ltr'><strong>puteus</strong></span> <span class='ocrx_word' id='word_1_451' title='bbox 1533 4149 1571 4196; x_wconf 87' lang='lat' dir='ltr'><strong>os</strong></span> <span class='ocrx_word' id='word_1_452' title='bbox 1582 4149 1696 4196; x_wconf 85' lang='lat' dir='ltr'><strong>cuum.</strong></span> <span class='ocrx_word' id='word_1_453' title='bbox 1716 4131 1821 4214; x_wconf 88' lang='lat' dir='ltr'><strong>(Psal.</strong></span> <span class='ocrx_word' id='word_1_454' title='bbox 1835 4134 1881 4204; x_wconf 87' lang='lat'><strong>68,</strong></span> <span class='ocrx_word' id='word_1_455' title='bbox 1896 4125 1950 4206; x_wconf 80' lang='lat'><strong>16.)</strong></span> 
     </span>
    </p>
   </div>
   <div class='ocr_carea' id='block_1_6' title="bbox 327 4273 2054 4356">
    <p class='ocr_par' dir='ltr' id='par_1_6' title="bbox 327 4273 2054 4356">
     <span class='ocr_line' id='line_1_44' title="bbox 327 4273 2054 4356; baseline -0.004 -19"><span class='ocrx_word' id='word_1_456' title='bbox 327 4275 416 4337; x_wconf 88' lang='lat' dir='ltr'><strong>enim</strong></span> <span class='ocrx_word' id='word_1_457' title='bbox 428 4275 514 4347; x_wconf 88' lang='lat' dir='ltr'><strong>sunt,</strong></span> <span class='ocrx_word' id='word_1_458' title='bbox 525 4273 565 4335; x_wconf 95' lang='lat' dir='ltr'><strong>de</strong></span> <span class='ocrx_word' id='word_1_459' title='bbox 580 4273 701 4351; x_wconf 90' lang='lat' dir='ltr'><strong>quibus</strong></span> <span class='ocrx_word' id='word_1_460' title='bbox 711 4273 791 4337; x_wconf 91' lang='lat' dir='ltr'><strong>dicit</strong></span> <span class='ocrx_word' id='word_1_461' title='bbox 799 4275 883 4336; x_wconf 90' lang='lat' dir='ltr'><strong>alias</strong></span> <span class='ocrx_word' id='word_1_462' title='bbox 894 4275 1059 4353; x_wconf 88' lang='lat' dir='ltr'><strong>Propheta</strong></span> <span class='ocrx_word' id='word_1_463' title='bbox 1072 4275 1115 4356; x_wconf 89' lang='lat'><strong>(6,</strong></span> <span class='ocrx_word' id='word_1_464' title='bbox 1211 4274 1290 4336; x_wconf 80' lang='lat' dir='ltr'><strong>&#39;dria</strong></span> <span class='ocrx_word' id='word_1_465' title='bbox 1305 4275 1399 4352; x_wconf 91' lang='lat' dir='ltr'><strong>ponit</strong></span> <span class='ocrx_word' id='word_1_466' title='bbox 1414 4275 1471 4338; x_wconf 86' lang='lat' dir='ltr'><strong>bic</strong></span> <span class='ocrx_word' id='word_1_467' title='bbox 1493 4275 1661 4352; x_wconf 87' lang='lat' dir='ltr'><strong>Propheta</strong></span> <span class='ocrx_word' id='word_1_468' title='bbox 1684 4275 1720 4336; x_wconf 92' lang='lat' dir='ltr'><strong>in</strong></span> <span class='ocrx_word' id='word_1_469' title='bbox 1747 4289 1884 4354; x_wconf 89' lang='lat' dir='ltr'><strong>persona</strong></span> <span class='ocrx_word' id='word_1_470' title='bbox 1902 4285 1952 4332; x_wconf 89' lang='lat' dir='ltr'><strong>cu·</strong></span> <span class='ocrx_word' id='word_1_471' title='bbox 2053 4317 2054 4320; x_wconf 63' lang='lat'><strong>,</strong></span> 
     </span>
    </p>
   </div>
   <div class='ocr_carea' id='block_1_7' title="bbox 281 4367 1951 4744">
    <p class='ocr_par' dir='ltr' id='par_1_7' title="bbox 281 4367 1951 4744">
     <span class='ocr_line' id='line_1_45' title="bbox 325 4367 1951 4451; baseline -0.003 -16"><span class='ocrx_word' id='word_1_472' title='bbox 325 4369 439 4451; x_wconf 75' lang='lat' dir='ltr'><strong>beto)</strong></span> <span class='ocrx_word' id='word_1_473' title='bbox 460 4370 576 4444; x_wconf 78' lang='lat' dir='ltr'><strong>:cQui</strong></span> <span class='ocrx_word' id='word_1_474' title='bbox 592 4369 713 4432; x_wconf 89' lang='lat' dir='ltr'><strong>canitis</strong></span> <span class='ocrx_word' id='word_1_475' title='bbox 734 4370 775 4431; x_wconf 86' lang='lat' dir='ltr'><strong>ad</strong></span> <span class='ocrx_word' id='word_1_476' title='bbox 799 4387 914 4432; x_wconf 88' lang='lat' dir='ltr'><strong>vocem</strong></span> <span class='ocrx_word' id='word_1_477' title='bbox 934 4367 1115 4449; x_wconf 79' lang='lat' dir='ltr'><strong>psalterii:</strong></span> <span class='ocrx_word' id='word_1_478' title='bbox 1168 4372 1307 4449; x_wconf 88' lang='lat' dir='ltr'><strong>jnslibet</strong></span> <span class='ocrx_word' id='word_1_479' title='bbox 1327 4373 1422 4450; x_wconf 88' lang='lat' dir='ltr'><strong>justi.</strong></span> <span class='ocrx_word' id='word_1_480' title='bbox 1455 4373 1615 4446; x_wconf 89' lang='lat' dir='ltr'><strong>Primum,</strong></span> <span class='ocrx_word' id='word_1_481' title='bbox 1650 4389 1718 4436; x_wconf 90' lang='lat' dir='ltr'><strong>non</strong></span> <span class='ocrx_word' id='word_1_482' title='bbox 1745 4370 1889 4447; x_wconf 84' lang='lat' dir='ltr'><strong>demergi</strong></span> <span class='ocrx_word' id='word_1_483' title='bbox 1922 4367 1951 4426; x_wconf 88' lang='lat' dir='ltr'><strong>in</strong></span> 
     </span>
     <span class='ocr_line' id='line_1_46' title="bbox 324 4463 1950 4548; baseline -0.006 -16"><span class='ocrx_word' id='word_1_484' title='bbox 324 4467 412 4533; x_wconf 86' lang='lat' dir='ltr'><strong>sicui</strong></span> <span class='ocrx_word' id='word_1_485' title='bbox 422 4469 527 4532; x_wconf 84' lang='lat' dir='ltr'><strong>David</strong></span> <span class='ocrx_word' id='word_1_486' title='bbox 538 4469 741 4546; x_wconf 85' lang='lat' dir='ltr'><strong>putaverunt</strong></span> <span class='ocrx_word' id='word_1_487' title='bbox 752 4485 788 4530; x_wconf 92' lang='lat' dir='ltr'><strong>se</strong></span> <span class='ocrx_word' id='word_1_488' title='bbox 802 4469 926 4532; x_wconf 89' lang='lat' dir='ltr'><strong>babere</strong></span> <span class='ocrx_word' id='word_1_489' title='bbox 941 4485 1022 4533; x_wconf 84' lang='lat' dir='ltr'><strong>vasa</strong></span> <span class='ocrx_word' id='word_1_490' title='bbox 1035 4486 1117 4532; x_wconf 85' lang='lat' dir='ltr'><strong>can·</strong></span> <span class='ocrx_word' id='word_1_491' title='bbox 1171 4471 1367 4547; x_wconf 90' lang='lat' dir='ltr'><strong>tempestate</strong></span> <span class='ocrx_word' id='word_1_492' title='bbox 1381 4485 1476 4548; x_wconf 86' lang='lat' dir='ltr'><strong>aquae</strong></span> <span class='ocrx_word' id='word_1_493' title='bbox 1493 4491 1500 4531; x_wconf 75' lang='grc' dir='ltr'><strong><em>ε</em></strong></span> <span class='ocrx_word' id='word_1_494' title='bbox 1518 4469 1682 4544; x_wconf 86' lang='lat' dir='ltr'><strong>Secundo,</strong></span> <span class='ocrx_word' id='word_1_495' title='bbox 1707 4487 1775 4534; x_wconf 91' lang='lat' dir='ltr'><strong>non</strong></span> <span class='ocrx_word' id='word_1_496' title='bbox 1797 4463 1950 4530; x_wconf 91' lang='lat' dir='ltr'><strong>absorberi</strong></span> 
     </span>
     <span class='ocr_line' id='line_1_47' title="bbox 281 4559 1949 4646; baseline -0.007 -15"><span class='ocrx_word' id='word_1_497' title='bbox 281 4599 285 4606; x_wconf 81' lang='lat'><em>.</em></span> <span class='ocrx_word' id='word_1_498' title='bbox 323 4567 393 4641; x_wconf 87' lang='lat' dir='ltr'><strong>tici,</strong></span> <span class='ocrx_word' id='word_1_499' title='bbox 419 4567 570 4630; x_wconf 85' lang='lat' dir='ltr'><strong>bibentes</strong></span> <span class='ocrx_word' id='word_1_500' title='bbox 595 4566 631 4627; x_wconf 88' lang='lat' dir='ltr'><strong>in</strong></span> <span class='ocrx_word' id='word_1_501' title='bbox 664 4565 786 4641; x_wconf 87' lang='lat' dir='ltr'><strong>phialis</strong></span> <span class='ocrx_word' id='word_1_502' title='bbox 814 4566 973 4628; x_wconf 79' lang='lat' dir='ltr'><strong>vinum.»</strong></span> <span class='ocrx_word' id='word_1_503' title='bbox 995 4569 1117 4632; x_wconf 91' lang='lat' dir='ltr'><strong>Putant</strong></span> <span class='ocrx_word' id='word_1_504' title='bbox 1171 4565 1206 4628; x_wconf 92' lang='lat' dir='ltr'><strong>in</strong></span> <span class='ocrx_word' id='word_1_505' title='bbox 1231 4567 1395 4645; x_wconf 77' lang='lat' dir='ltr'><strong>profundo</strong></span> <span class='ocrx_word' id='word_1_506' title='bbox 1412 4589 1420 4628; x_wconf 72' lang='grc' dir='ltr'><strong><em>ε</em></strong></span> <span class='ocrx_word' id='word_1_507' title='bbox 1436 4568 1560 4644; x_wconf 83' lang='lat' dir='ltr'><strong>Tertio,</strong></span> <span class='ocrx_word' id='word_1_508' title='bbox 1583 4583 1649 4630; x_wconf 90' lang='lat' dir='ltr'><strong>non</strong></span> <span class='ocrx_word' id='word_1_509' title='bbox 1674 4569 1787 4646; x_wconf 89' lang='lat' dir='ltr'><strong>urgeri</strong></span> <span class='ocrx_word' id='word_1_510' title='bbox 1815 4582 1850 4628; x_wconf 93' lang='lat' dir='ltr'><strong>os</strong></span> <span class='ocrx_word' id='word_1_511' title='bbox 1872 4559 1949 4642; x_wconf 88' lang='lat' dir='ltr'><strong>putei</strong></span> 
     </span>
     <span class='ocr_line' id='line_1_48' title="bbox 323 4663 1948 4744; baseline -0.006 -16"><span class='ocrx_word' id='word_1_512' title='bbox 323 4665 413 4728; x_wconf 91' lang='lat' dir='ltr'><strong>euim</strong></span> <span class='ocrx_word' id='word_1_513' title='bbox 426 4665 491 4744; x_wconf 90' lang='lat' dir='ltr'><strong>ipsi</strong></span> <span class='ocrx_word' id='word_1_514' title='bbox 513 4665 654 4743; x_wconf 85' lang='lat' dir='ltr'><strong>pingues</strong></span> <span class='ocrx_word' id='word_1_515' title='bbox 669 4663 823 4726; x_wconf 89' lang='lat' dir='ltr'><strong>canonici</strong></span> <span class='ocrx_word' id='word_1_516' title='bbox 842 4679 878 4726; x_wconf 90' lang='lat' dir='ltr'><strong>se</strong></span> <span class='ocrx_word' id='word_1_517' title='bbox 899 4665 1113 4741; x_wconf 80' lang='lat' dir='ltr'><strong>satisfecisse,</strong></span> <span class='ocrx_word' id='word_1_518' title='bbox 1171 4680 1273 4742; x_wconf 89' lang='lat' dir='ltr'><strong>super</strong></span> <span class='ocrx_word' id='word_1_519' title='bbox 1287 4681 1374 4728; x_wconf 90' lang='lat' dir='ltr'><strong>eum.</strong></span> <span class='ocrx_word' id='word_1_520' title='bbox 1391 4668 1457 4727; x_wconf 91' lang='lat' dir='ltr'><strong>Per</strong></span> <span class='ocrx_word' id='word_1_521' title='bbox 1470 4681 1590 4743; x_wconf 88' lang='lat' dir='ltr'><strong>aquam</strong></span> <span class='ocrx_word' id='word_1_522' title='bbox 1604 4665 1660 4728; x_wconf 90' lang='lat' dir='ltr'><strong>hic</strong></span> <span class='ocrx_word' id='word_1_523' title='bbox 1673 4665 1885 4742; x_wconf 83' lang='lat' dir='ltr'><strong>intelligimus</strong></span> <span class='ocrx_word' id='word_1_524' title='bbox 1895 4674 1948 4720; x_wconf 80' lang='lat' dir='ltr'><strong>ro·</strong></span> 
     </span>
    </p>
   </div>
   <div class='ocr_carea' id='block_1_8' title="bbox 323 4755 2053 4840">
    <p class='ocr_par' dir='ltr' id='par_1_8' title="bbox 323 4755 2053 4840">
     <span class='ocr_line' id='line_1_49' title="bbox 323 4755 2053 4840; baseline -0.005 -14"><span class='ocrx_word' id='word_1_525' title='bbox 323 4765 352 4825; x_wconf 93' lang='lat' dir='ltr'><strong>sl</strong></span> <span class='ocrx_word' id='word_1_526' title='bbox 373 4764 409 4826; x_wconf 93' lang='lat' dir='ltr'><strong>in</strong></span> <span class='ocrx_word' id='word_1_527' title='bbox 430 4764 652 4826; x_wconf 90' lang='lat' dir='ltr'><strong>chorounnm</strong></span> <span class='ocrx_word' id='word_1_528' title='bbox 669 4765 822 4835; x_wconf 76' lang='lat' dir='ltr'><strong>Atetuto,</strong></span> <span class='ocrx_word' id='word_1_529' title='bbox 838 4763 893 4825; x_wconf 80' lang='lat' dir='ltr'><strong>rel</strong></span> <span class='ocrx_word' id='word_1_530' title='bbox 909 4779 1010 4825; x_wconf 89' lang='lat' dir='ltr'><strong>unum</strong></span> <span class='ocrx_word' id='word_1_531' title='bbox 1026 4767 1114 4828; x_wconf 85' lang='lat' dir='ltr'><strong>Res·</strong></span> <span class='ocrx_word' id='word_1_532' title='bbox 1169 4761 1609 4840; x_wconf 80' lang='lat' dir='ltr'><strong>lnptuosamtentatiouem3</strong></span> <span class='ocrx_word' id='word_1_533' title='bbox 1626 4761 1713 4825; x_wconf 89' lang='lat' dir='ltr'><strong>unde</strong></span> <span class='ocrx_word' id='word_1_534' title='bbox 1732 4755 1949 4838; x_wconf 88' lang='lat' dir='ltr'><strong>Nabum(3,8</strong></span> <span class='ocrx_word' id='word_1_535' title='bbox 2052 4799 2053 4815; x_wconf 61' lang='lat'><strong>,</strong></span> 
     </span>
    </p>
   </div>
   <div class='ocr_carea' id='block_1_9' title="bbox 316 4851 1948 5526">
    <p class='ocr_par' dir='ltr' id='par_1_9' title="bbox 316 4851 1948 5526">
     <span class='ocr_line' id='line_1_50' title="bbox 323 4851 1948 4941; baseline -0.007 -17"><span class='ocrx_word' id='word_1_536' title='bbox 323 4863 516 4940; x_wconf 88' lang='lat' dir='ltr'><strong>ponscrium</strong></span> <span class='ocrx_word' id='word_1_537' title='bbox 531 4859 616 4923; x_wconf 94' lang='lat' dir='ltr'><strong>bene</strong></span> <span class='ocrx_word' id='word_1_538' title='bbox 635 4861 782 4933; x_wconf 87' lang='lat' dir='ltr'><strong>cantant,</strong></span> <span class='ocrx_word' id='word_1_539' title='bbox 799 4861 833 4923; x_wconf 89' lang='lat' dir='ltr'><strong>et</strong></span> <span class='ocrx_word' id='word_1_540' title='bbox 844 4861 929 4934; x_wconf 89' lang='lat' dir='ltr'><strong>alte;</strong></span> <span class='ocrx_word' id='word_1_541' title='bbox 945 4863 979 4924; x_wconf 90' lang='lat' dir='ltr'><strong>et</strong></span> <span class='ocrx_word' id='word_1_542' title='bbox 995 4861 1030 4923; x_wconf 94' lang='lat' dir='ltr'><strong>in</strong></span> <span class='ocrx_word' id='word_1_543' title='bbox 1050 4861 1113 4924; x_wconf 86' lang='lat' dir='ltr'><strong>do·</strong></span> <span class='ocrx_word' id='word_1_544' title='bbox 1170 4861 1203 4922; x_wconf 93' lang='lat' dir='ltr'><strong>et</strong></span> <span class='ocrx_word' id='word_1_545' title='bbox 1218 4860 1281 4941; x_wconf 87' lang='lat'><strong>10),</strong></span> <span class='ocrx_word' id='word_1_546' title='bbox 1298 4861 1437 4939; x_wconf 89' lang='lat' dir='ltr'><strong>loquens</strong></span> <span class='ocrx_word' id='word_1_547' title='bbox 1452 4860 1493 4922; x_wconf 91' lang='lat' dir='ltr'><strong>ad</strong></span> <span class='ocrx_word' id='word_1_548' title='bbox 1508 4859 1706 4934; x_wconf 86' lang='lat' dir='ltr'><strong>Jerusalem,</strong></span> <span class='ocrx_word' id='word_1_549' title='bbox 1730 4860 1816 4922; x_wconf 88' lang='lat' dir='ltr'><strong>idest</strong></span> <span class='ocrx_word' id='word_1_550' title='bbox 1833 4857 1871 4920; x_wconf 89' lang='lat' dir='ltr'><strong>ad</strong></span> <span class='ocrx_word' id='word_1_551' title='bbox 1885 4851 1948 4916; x_wconf 91' lang='lat' dir='ltr'><strong>ani-</strong></span> 
     </span>
     <span class='ocr_line' id='line_1_51' title="bbox 322 4955 1947 5036; baseline -0.007 -15"><span class='ocrx_word' id='word_1_552' title='bbox 322 4959 431 5021; x_wconf 88' lang='lat' dir='ltr'><strong>mibus</strong></span> <span class='ocrx_word' id='word_1_553' title='bbox 452 4959 522 5021; x_wconf 86' lang='lat' dir='ltr'><strong>suls</strong></span> <span class='ocrx_word' id='word_1_554' title='bbox 535 4959 650 5036; x_wconf 88' lang='lat' dir='ltr'><strong>postea</strong></span> <span class='ocrx_word' id='word_1_555' title='bbox 665 4958 791 5021; x_wconf 87' lang='lat' dir='ltr'><strong>vadunt</strong></span> <span class='ocrx_word' id='word_1_556' title='bbox 805 4958 973 5033; x_wconf 82' lang='lat' dir='ltr'><strong>lascivire,</strong></span> <span class='ocrx_word' id='word_1_557' title='bbox 987 4959 1116 5022; x_wconf 90' lang='lat' dir='ltr'><strong>baben·</strong></span> <span class='ocrx_word' id='word_1_558' title='bbox 1170 4974 1268 5031; x_wconf 88' lang='lat' dir='ltr'><strong>mam,</strong></span> <span class='ocrx_word' id='word_1_559' title='bbox 1307 4958 1352 5020; x_wconf 89' lang='lat' dir='ltr'><strong>ita</strong></span> <span class='ocrx_word' id='word_1_560' title='bbox 1376 4958 1459 5020; x_wconf 86' lang='lat' dir='ltr'><strong>dicit</strong></span> <span class='ocrx_word' id='word_1_561' title='bbox 1488 4979 1495 5020; x_wconf 91' lang='lat'><strong>:</strong></span> <span class='ocrx_word' id='word_1_562' title='bbox 1525 4975 1544 5018; x_wconf 78' lang='lat' dir='ltr'><strong>c</strong></span> <span class='ocrx_word' id='word_1_563' title='bbox 1569 4957 1737 5036; x_wconf 91' lang='lat' dir='ltr'><strong>Numquid</strong></span> <span class='ocrx_word' id='word_1_564' title='bbox 1776 4955 1889 5017; x_wconf 88' lang='lat' dir='ltr'><strong>melior</strong></span> <span class='ocrx_word' id='word_1_565' title='bbox 1917 4963 1947 5010; x_wconf 88' lang='lat' dir='ltr'><strong>es</strong></span> 
     </span>
     <span class='ocr_line' id='line_1_52' title="bbox 318 5047 1948 5136; baseline -0.008 -16"><span class='ocrx_word' id='word_1_566' title='bbox 318 5057 369 5120; x_wconf 86' lang='lat' dir='ltr'><strong>tes</strong></span> <span class='ocrx_word' id='word_1_567' title='bbox 384 5054 568 5134; x_wconf 86' lang='lat' dir='ltr'><strong>plausores,</strong></span> <span class='ocrx_word' id='word_1_568' title='bbox 584 5055 777 5132; x_wconf 88' lang='lat' dir='ltr'><strong>histriones,</strong></span> <span class='ocrx_word' id='word_1_569' title='bbox 784 5057 991 5134; x_wconf 80' lang='lat' dir='ltr'><strong>joculatores</strong></span> <span class='ocrx_word' id='word_1_570' title='bbox 1002 5058 1036 5119; x_wconf 94' lang='lat' dir='ltr'><strong>ln</strong></span> <span class='ocrx_word' id='word_1_571' title='bbox 1052 5075 1115 5122; x_wconf 88' lang='lat' dir='ltr'><strong>coe·</strong></span> <span class='ocrx_word' id='word_1_572' title='bbox 1169 5055 1373 5118; x_wconf 84' lang='lat' dir='ltr'><strong>Alexandria</strong></span> <span class='ocrx_word' id='word_1_573' title='bbox 1389 5055 1598 5136; x_wconf 90' lang='lat' dir='ltr'><strong>populorum,</strong></span> <span class='ocrx_word' id='word_1_574' title='bbox 1615 5071 1689 5134; x_wconf 77' lang='lat' dir='ltr'><strong>qna</strong></span> <span class='ocrx_word' id='word_1_575' title='bbox 1705 5055 1833 5117; x_wconf 89' lang='lat' dir='ltr'><strong>habitat</strong></span> <span class='ocrx_word' id='word_1_576' title='bbox 1850 5051 1882 5112; x_wconf 94' lang='lat' dir='ltr'><strong>in</strong></span> <span class='ocrx_word' id='word_1_577' title='bbox 1893 5047 1948 5108; x_wconf 88' lang='lat' dir='ltr'><strong>llo·</strong></span> 
     </span>
     <span class='ocr_line' id='line_1_53' title="bbox 319 5147 1945 5234; baseline -0.009 -17"><span class='ocrx_word' id='word_1_578' title='bbox 319 5155 385 5218; x_wconf 92' lang='lat' dir='ltr'><strong>nis.</strong></span> <span class='ocrx_word' id='word_1_579' title='bbox 412 5153 508 5216; x_wconf 88' lang='lat' dir='ltr'><strong>Unde</strong></span> <span class='ocrx_word' id='word_1_580' title='bbox 527 5155 749 5232; x_wconf 82' lang='lat' dir='ltr'><strong>Hieronymus</strong></span> <span class='ocrx_word' id='word_1_581' title='bbox 766 5151 814 5234; x_wconf 76' lang='lat' dir='ltr'><strong>(P)</strong></span> <span class='ocrx_word' id='word_1_582' title='bbox 832 5171 874 5215; x_wconf 75' lang='lat' dir='ltr'><strong>:s</strong></span> <span class='ocrx_word' id='word_1_583' title='bbox 897 5157 976 5218; x_wconf 83' lang='lat' dir='ltr'><strong>Nou</strong></span> <span class='ocrx_word' id='word_1_584' title='bbox 989 5158 1115 5231; x_wconf 74' lang='lat' dir='ltr'><strong>suffieit</strong></span> <span class='ocrx_word' id='word_1_585' title='bbox 1169 5153 1334 5216; x_wconf 90' lang='lat' dir='ltr'><strong>minibusi</strong></span> <span class='ocrx_word' id='word_1_586' title='bbox 1348 5157 1450 5232; x_wconf 85' lang='lat' dir='ltr'><strong>Aquae</strong></span> <span class='ocrx_word' id='word_1_587' title='bbox 1462 5153 1495 5216; x_wconf 91' lang='lat' dir='ltr'><strong>in</strong></span> <span class='ocrx_word' id='word_1_588' title='bbox 1509 5153 1652 5216; x_wconf 90' lang='lat' dir='ltr'><strong>circuitu</strong></span> <span class='ocrx_word' id='word_1_589' title='bbox 1662 5155 1754 5232; x_wconf 87' lang='lat' dir='ltr'><strong>ejus:</strong></span> <span class='ocrx_word' id='word_1_590' title='bbox 1770 5151 1831 5214; x_wconf 83' lang='lat' dir='ltr'><strong>Sed</strong></span> <span class='ocrx_word' id='word_1_591' title='bbox 1844 5149 1874 5210; x_wconf 92' lang='lat' dir='ltr'><strong>et</strong></span> <span class='ocrx_word' id='word_1_592' title='bbox 1886 5147 1945 5222; x_wconf 89' lang='lat' dir='ltr'><strong>ipsa</strong></span> 
     </span>
     <span class='ocr_line' id='line_1_54' title="bbox 316 5244 1946 5330; baseline -0.007 -14"><span class='ocrx_word' id='word_1_593' title='bbox 316 5255 411 5330; x_wconf 74' lang='lat' dir='ltr'><strong>putu</strong></span> <span class='ocrx_word' id='word_1_594' title='bbox 421 5253 696 5329; x_wconf 78' lang='lat' dir='ltr'><strong>gutturtcttbtdo,</strong></span> <span class='ocrx_word' id='word_1_595' title='bbox 709 5253 968 5325; x_wconf 84' lang='lat' dir='ltr'><strong>utstttbtorum,</strong></span> <span class='ocrx_word' id='word_1_596' title='bbox 981 5255 1114 5328; x_wconf 84' lang='lat' dir='ltr'><strong>etpsat-</strong></span> <span class='ocrx_word' id='word_1_597' title='bbox 1168 5251 1203 5312; x_wconf 89' lang='lat' dir='ltr'><strong>in</strong></span> <span class='ocrx_word' id='word_1_598' title='bbox 1215 5251 1511 5328; x_wconf 80' lang='lat' dir='ltr'><strong>transmigratione</strong></span> <span class='ocrx_word' id='word_1_599' title='bbox 1535 5251 1634 5312; x_wconf 75' lang='lat' dir='ltr'><strong>diaeta</strong></span> <span class='ocrx_word' id='word_1_600' title='bbox 1659 5253 1711 5314; x_wconf 88' lang='lat' dir='ltr'><strong>est</strong></span> <span class='ocrx_word' id='word_1_601' title='bbox 1735 5251 1770 5311; x_wconf 94' lang='lat' dir='ltr'><strong>in</strong></span> <span class='ocrx_word' id='word_1_602' title='bbox 1785 5244 1946 5325; x_wconf 86' lang='lat' dir='ltr'><strong>captivita-</strong></span> 
     </span>
     <span class='ocr_line' id='line_1_55' title="bbox 319 5346 1945 5426; baseline -0.009 -14"><span class='ocrx_word' id='word_1_603' title='bbox 319 5352 412 5421; x_wconf 79' lang='lat' dir='ltr'><strong>tertt,</strong></span> <span class='ocrx_word' id='word_1_604' title='bbox 436 5350 469 5412; x_wconf 90' lang='lat' dir='ltr'><strong>et</strong></span> <span class='ocrx_word' id='word_1_605' title='bbox 491 5353 577 5423; x_wconf 77' lang='lat' dir='ltr'><strong>turoe</strong></span> <span class='ocrx_word' id='word_1_606' title='bbox 593 5349 741 5411; x_wconf 78' lang='lat' dir='ltr'><strong>coetttcts</strong></span> <span class='ocrx_word' id='word_1_607' title='bbox 754 5363 861 5412; x_wconf 81' lang='lat' dir='ltr'><strong>aures</strong></span> <span class='ocrx_word' id='word_1_608' title='bbox 874 5351 1113 5425; x_wconf 79' lang='lat' dir='ltr'><strong>mrttceoutut·,·</strong></span> <span class='ocrx_word' id='word_1_609' title='bbox 1167 5346 1887 5426; x_wconf 76' lang='lat' dir='ltr'><strong>tem.rAlexandriainterpretaturauierens</strong></span> <span class='ocrx_word' id='word_1_610' title='bbox 1898 5353 1945 5400; x_wconf 90' lang='lat' dir='ltr'><strong>an·</strong></span> 
     </span>
     <span class='ocr_line' id='line_1_56' title="bbox 316 5435 1943 5526; baseline -0.01 -14"><span class='ocrx_word' id='word_1_611' title='bbox 316 5451 355 5512; x_wconf 86' lang='lat' dir='ltr'><strong>ut</strong></span> <span class='ocrx_word' id='word_1_612' title='bbox 375 5450 464 5524; x_wconf 80' lang='lat' dir='ltr'><strong>quod</strong></span> <span class='ocrx_word' id='word_1_613' title='bbox 478 5447 560 5524; x_wconf 70' lang='lat' dir='ltr'><strong>lectt</strong></span> <span class='ocrx_word' id='word_1_614' title='bbox 572 5448 685 5510; x_wconf 82' lang='lat' dir='ltr'><strong>David</strong></span> <span class='ocrx_word' id='word_1_615' title='bbox 697 5450 734 5508; x_wconf 86' lang='lat' dir='ltr'><strong>tu</strong></span> <span class='ocrx_word' id='word_1_616' title='bbox 743 5449 873 5510; x_wconf 72' lang='lat' dir='ltr'><strong>cultrum</strong></span> <span class='ocrx_word' id='word_1_617' title='bbox 886 5453 1038 5526; x_wconf 83' lang='lat' dir='ltr'><strong>Domini,</strong></span> <span class='ocrx_word' id='word_1_618' title='bbox 1049 5453 1114 5513; x_wconf 86' lang='lat' dir='ltr'><strong>Le·</strong></span> <span class='ocrx_word' id='word_1_619' title='bbox 1167 5447 1296 5524; x_wconf 90' lang='lat' dir='ltr'><strong>gustias</strong></span> <span class='ocrx_word' id='word_1_620' title='bbox 1311 5445 1537 5522; x_wconf 87' lang='lat' dir='ltr'><strong>tenebrarum,</strong></span> <span class='ocrx_word' id='word_1_621' title='bbox 1552 5463 1625 5525; x_wconf 83' lang='lat' dir='ltr'><strong>quse</strong></span> <span class='ocrx_word' id='word_1_622' title='bbox 1639 5447 1706 5508; x_wconf 91' lang='lat' dir='ltr'><strong>alio</strong></span> <span class='ocrx_word' id='word_1_623' title='bbox 1724 5443 1854 5507; x_wconf 90' lang='lat' dir='ltr'><strong>nomine</strong></span> <span class='ocrx_word' id='word_1_624' title='bbox 1868 5435 1943 5500; x_wconf 91' lang='lat' dir='ltr'><strong>dici-</strong></span> 
     </span>
    </p>
   </div>
   <div class='ocr_carea' id='block_1_10' title="bbox 351 5577 1827 5728">
    <p class='ocr_par' dir='ltr' id='par_1_10' title="bbox 351 5577 1827 5728">
     <span class='ocr_line' id='line_1_57' title="bbox 351 5577 1521 5652; baseline -0.001 -16"><span class='ocrx_word' id='word_1_625' title='bbox 351 5579 394 5652; x_wconf 75' lang='lat' dir='ltr'><strong>(lt</strong></span> <span class='ocrx_word' id='word_1_626' title='bbox 410 5577 471 5636; x_wconf 84' lang='lat' dir='ltr'><strong>Lib.</strong></span> <span class='ocrx_word' id='word_1_627' title='bbox 484 5581 509 5636; x_wconf 97' lang='lat' dir='ltr'><strong>ll</strong></span> <span class='ocrx_word' id='word_1_628' title='bbox 523 5578 715 5637; x_wconf 81' lang='lat' dir='ltr'><strong>commentar.</strong></span> <span class='ocrx_word' id='word_1_629' title='bbox 731 5578 760 5636; x_wconf 89' lang='lat' dir='ltr'><strong>io</strong></span> <span class='ocrx_word' id='word_1_630' title='bbox 776 5579 829 5636; x_wconf 79' lang='lat' dir='ltr'><strong>uli</strong></span> <span class='ocrx_word' id='word_1_631' title='bbox 848 5579 945 5638; x_wconf 77' lang='lat' dir='ltr'><strong>Amos.</strong></span> <span class='ocrx_word' id='word_1_632' title='bbox 1203 5580 1245 5652; x_wconf 82' lang='lat' dir='ltr'><strong>(b)</strong></span> <span class='ocrx_word' id='word_1_633' title='bbox 1261 5583 1345 5638; x_wconf 87' lang='lat' dir='ltr'><strong>Prov.</strong></span> <span class='ocrx_word' id='word_1_634' title='bbox 1359 5579 1437 5646; x_wconf 65' lang='lat' dir='ltr'><strong>eci</strong></span> <span class='ocrx_word' id='word_1_635' title='bbox 1455 5579 1521 5636; x_wconf 85' lang='lat' dir='ltr'><strong>etti.</strong></span> 
     </span>
     <span class='ocr_line' id='line_1_58' title="bbox 353 5649 1827 5728; baseline -0.004 -21"><span class='ocrx_word' id='word_1_636' title='bbox 353 5651 394 5722; x_wconf 79' lang='lat' dir='ltr'><strong>(i)</strong></span> <span class='ocrx_word' id='word_1_637' title='bbox 411 5650 473 5708; x_wconf 87' lang='lat' dir='ltr'><strong>Lib.</strong></span> <span class='ocrx_word' id='word_1_638' title='bbox 490 5651 530 5708; x_wconf 96' lang='lat' dir='ltr'><strong>lll</strong></span> <span class='ocrx_word' id='word_1_639' title='bbox 544 5649 736 5708; x_wconf 78' lang='lat' dir='ltr'><strong>commentar.</strong></span> <span class='ocrx_word' id='word_1_640' title='bbox 754 5649 781 5705; x_wconf 92' lang='lat' dir='ltr'><strong>in</strong></span> <span class='ocrx_word' id='word_1_641' title='bbox 801 5663 827 5705; x_wconf 88' lang='lat' dir='ltr'><strong>c.</strong></span> <span class='ocrx_word' id='word_1_642' title='bbox 842 5649 869 5707; x_wconf 83' lang='lat' dir='ltr'><strong>b.</strong></span> <span class='ocrx_word' id='word_1_643' title='bbox 883 5652 979 5708; x_wconf 76' lang='lat' dir='ltr'><strong>Amos.</strong></span> <span class='ocrx_word' id='word_1_644' title='bbox 1126 5669 1130 5676; x_wconf 71' lang='grc'>’</span> <span class='ocrx_word' id='word_1_645' title='bbox 1203 5653 1243 5728; x_wconf 80' lang='lat' dir='ltr'><strong>(t)</strong></span> <span class='ocrx_word' id='word_1_646' title='bbox 1258 5651 1346 5724; x_wconf 80' lang='lat' dir='ltr'><strong>Epist.</strong></span> <span class='ocrx_word' id='word_1_647' title='bbox 1362 5650 1408 5707; x_wconf 91' lang='lat' dir='ltr'><strong>lib.</strong></span> <span class='ocrx_word' id='word_1_648' title='bbox 1423 5665 1451 5719; x_wconf 80' lang='lat' dir='ltr'><strong>r,</strong></span> <span class='ocrx_word' id='word_1_649' title='bbox 1465 5650 1548 5722; x_wconf 87' lang='lat' dir='ltr'><strong>epist.</strong></span> <span class='ocrx_word' id='word_1_650' title='bbox 1565 5650 1582 5706; x_wconf 81' lang='lat' dir='ltr'><strong>a</strong></span> <span class='ocrx_word' id='word_1_651' title='bbox 1597 5649 1632 5707; x_wconf 88' lang='lat' dir='ltr'><strong>ad</strong></span> <span class='ocrx_word' id='word_1_652' title='bbox 1648 5651 1827 5722; x_wconf 86' lang='lat' dir='ltr'><strong>Torquatum.</strong></span> 
     </span>
    </p>
   </div>
   <div class='ocr_carea' id='block_1_11' title="bbox 2044 6191 2048 6305">
    <p class='ocr_par' dir='ltr' id='par_1_11' title="bbox 2044 6191 2048 6305">
     <span class='ocr_line' id='line_1_59' title="bbox 2044 6191 2048 6305; baseline 0 0"><span class='ocrx_word' id='word_1_653' title='bbox 2044 6191 2048 6305; x_wconf 88' lang='lat' dir='ltr'><strong>l</strong></span> 
     </span>
    </p>
   </div>
   <div class='ocr_carea' id='block_1_12' title="bbox 0 0 2106 6402">
    <p class='ocr_par' dir='ltr' id='par_1_12' title="bbox 0 0 2106 6402">
     <span class='ocr_line' id='line_1_60' title="bbox 0 0 2106 6402; baseline 0 7"><span class='ocrx_word' id='word_1_654' title='bbox 0 0 2106 6402; x_wconf 95' lang='lat' dir='ltr'><strong> </strong></span> 
     </span>
    </p>
   </div>
  </div>
 </body>
</html>
