4152 6388
98 259 164 320 273

100 419 306 496 ubicumque
321 415 432 489 inerit,
448 415 638 480 aliit‘ratres
648 433 715 482 non
732 418 900 482 dimittant

101 533 195 588 enm,
217 515 283 576 nisi
308 514 532 578 constituatur
552 531 640 578 unus
663 516 704 578 de
726 515 897 588 iratribus,

101 614 159 674 vel
175 613 299 690 plures,
326 613 355 674 si
376 627 512 674 necesse
536 612 647 684 inerit,
674 614 730 691 qui
750 615 900 676 serviant

101 711 138 772 oi
159 710 246 772 siout
260 709 384 772 vellent
403 709 466 772 sibi
484 711 615 772 serviri.
629 712 692 773 Sed
707 712 742 773 in
752 711 899 772 maxima

101 807 309 871 necessitate
324 809 464 884 possunt
481 807 591 885 ipsum
610 806 776 870 dimittere
797 808 899 869 alicui

103 919 271 982 personae,
289 919 362 982 quae
374 904 493 966 debeat
513 919 583 966 suae
595 904 789 968 satisfacere
798 904 898 966 inlin-

101 1001 226 1064 mitati.
244 1003 377 1077 arrogo
401 1000 538 1062 tratrem
553 1001 732 1073 infirmnm,
749 1002 787 1063 ut
806 1000 898 1063 reie-

102 1101 161 1162 rat
172 1099 213 1160 de
223 1098 377 1160 omnibus
392 1099 519 1174 gratias
534 1099 704 1174 Creatori3
719 1100 752 1160 et
767 1097 899 1176 qualem

101 1197 260 1260 vulteum
273 1196 443 1267 Dominus,
468 1194 568 1257 talem
584 1211 619 1257 se
637 1211 711 1258 esse
721 1195 897 1269 desideret,

102 1294 177 1356 sive
211 1307 343 1366 sanum,
371 1292 442 1355 sivo
469 1291 654 1368 infirmum3
682 1292 760 1370 quia
785 1307 899 1355 omnes

101 1406 189 1468 quos
203 1393 290 1452 Deus
305 1389 463 1452 advitam
477 1390 717 1467 preordinavit
728 1391 898 1461 eternam,

103 1488 315 1565 flagellorum
343 1489 442 1566 atque
478 1487 709 1550 infirmitatum
742 1487 898 1559 stimulis,

103 1588 140 1649 et
154 1585 416 1663 compunctionis
432 1586 553 1663 spiritu
566 1585 686 1657 erudit,
703 1586 789 1648 siout
811 1585 899 1646 dici-

103 1684 212 1747 turin
227 1683 425 1760 Apocalypsi
440 1705 448 1743 r
464 1687 537 1760 Epo
551 1697 635 1757 quos
653 1697 743 1755 amo,
763 1686 901 1759 corrigo

104 1783 142 1846 et
161 1780 301 1858 castigo.
330 1780 365 1843 si
391 1781 502 1843 autem
515 1779 713 1853 turbabitur,
730 1779 800 1842 sive
814 1780 902 1842 iras-

104 1880 201 1942 cetur
210 1880 326 1941 contra
338 1881 453 1950 Deum,
470 1878 541 1940 sive
559 1877 674 1940 contra
688 1877 832 1950 inatres3
848 1876 900 1939 vel

105 1976 136 2038 si
162 1975 248 2038 sorte
283 1975 425 2039 sollicite
453 1975 670 2051 postulaverit
704 1974 898 2048 medicinas,

106 2074 208 2135 nimis
224 2073 418 2136 desiderans
433 2073 576 2134 liberare
595 2087 730 2135 carnem
742 2073 807 2135 cito
824 2088 900 2134 mo-

104 2172 259 2244 rituram,
278 2185 352 2248 quae
378 2172 429 2233 est
449 2169 569 2231 animae
583 2169 738 2245 inimica;
768 2184 788 2231 a
812 2169 901 2232 malo

105 2269 171 2330 sibi
191 2268 312 2340 evenit,
329 2270 362 2331 et
376 2267 522 2330 carnalis
544 2268 605 2339 est,
626 2268 660 2329 ot
678 2282 745 2329 non
768 2266 902 2330 videtur

105 2381 183 2428 esse
202 2366 243 2427 de
268 2364 438 2439 iratribus,
462 2365 540 2442 quia
559 2365 633 2442 plus
650 2363 759 2441 diligit
780 2379 901 2442 corpus

106 2479 207 2542 quam
220 2463 377 2525 animam.

401 2605 537 2667 CAPUT
552 2605 609 2665 XI.
631 2605 635 2614 '

107 2731 202 2797 Quod
219 2728 351 2804 fratres
369 2728 692 2802 uolnerauerant,
709 2727 901 2788 necdetra-

246 2825 329 2888 hent
338 2841 350 2898 ;
363 2827 423 2886 sert
444 2824 760 2900 carpentoraten.

147 2951 189 3012 st
209 2964 323 3012 omnes
337 2948 458 3010 tratres
471 2950 611 3011 caveant
634 2947 698 3008 sihi
714 2947 750 3009 nt
761 2963 828 3009 non
839 2962 900 3009 ca-

105 3047 313 3109 lumnientur
325 3045 480 3124 aliquem,
493 3045 765 3108 neccontendant
777 3044 899 3117 verbis,

104 3143 475 3207 sedstudeantretinere
488 3143 669 3216 silentium,
680 3141 902 3220 quandocum-

105 3257 173 3320 que
192 3242 242 3303 eis
274 3240 433 3304 Dominus
459 3241 601 3317 gratiam
632 3241 804 3316 largietur.
832 3241 902 3302 Nec

103 3339 241 3416 litigent
253 3339 343 3401 inter
365 3353 412 3410 se,
436 3353 498 3400 neo
517 3354 591 3402 cum
606 3339 683 3400 aliis
700 3338 777 3400 :sed
795 3337 901 3415 primo

103 3437 225 3500 curent
237 3436 408 3498 humiliter
418 3435 788 3512 responderedioentes:
805 3433 902 3496 Servi

101 3533 242 3596 inutiles
254 3549 379 3596 sumus.
396 3536 436 3596 Et
450 3549 516 3595 non
529 3533 729 3606 irascantur,
740 3532 820 3610 qnia
835 3548 903 3594 om·

102 3632 172 3704 nis,
185 3632 241 3708 qui
249 3631 407 3693 irascitur
420 3630 517 3692 tratri
528 3647 600 3703 suo,
617 3631 731 3702 racha,
745 3645 823 3691 rens
838 3629 903 3691 erit

103 3729 269 3806 gehennae
283 3729 382 3804 ignia.
394 3731 434 3790 Et
446 3728 588 3803 diligant
599 3742 635 3788 se
647 3727 803 3798 invicem,
817 3727 903 3788 siout

103 3826 267 3888 Dominus
282 3825 363 3887 dicit
380 3846 387 3886 ε
403 3829 478 3886 Hoc
493 3827 548 3886 est
564 3826 778 3900 praeceptum
786 3839 903 3886 meum

103 3923 147 3985 ut
161 3923 310 4000 diligetis
324 3926 482 3993 tanmem,
498 3923 586 3984 shut
599 3923 705 3984 rideat
715 3937 776 3984 vos
791 3921 823 4000 (J
825 3936 900 3982 oan.

103 4037 165 4092 xv,
188 4021 256 4100 tr).
269 4020 309 4082 ut
327 4019 504 4082 ostendant
518 4035 560 4081 ex
575 4018 730 4096 operibns
752 4018 904 4080 dilectio-

105 4133 198 4190 nem,
214 4133 313 4196 quam
328 4116 449 4179 debent
470 4118 510 4178 ad
536 4116 691 4178 invicem.
717 4116 804 4178 sicut
823 4115 905 4178 dicit

104 4216 391 4292 Apostolus:Nou
401 4217 695 4291 diltpamnsveroo
704 4215 900 4290 autlingua,

104 4317 170 4375 sed
180 4327 284 4389 opere
294 4313 327 4375 et
342 4313 490 4374 veritate
506 4310 538 4390 (J
541 4328 629 4383 oen,
643 4327 693 4383 111,
712 4309 776 4390 18).
793 4309 905 4374 Nemi-

105 4427 184 4472 nem
199 4409 440 4487 blasphement,
458 4425 518 4470 neo
535 4412 754 4476 murmurent,
768 4425 829 4470 nec
840 4409 902 4470 de-

105 4509 245 4571 trahant
256 4507 353 4581 aliis;
371 4508 449 4585 quia
469 4507 628 4583 scriptum
644 4507 714 4568 est:
729 4508 903 4568 susurro·

105 4621 171 4668 nes
205 4607 239 4668 et
275 4605 491 4667 detractores
532 4606 614 4667 sunt
653 4607 724 4666 Deo
767 4607 904 4666 odibiles

106 4702 238 4782 (tiocli,
253 4702 474 4775 xxv111,15,et
484 4705 624 4773 Rom.,1,
634 4700 749 4779 29).Et
761 4701 828 4763 sint
838 4715 905 4762 mo·

104 4801 193 4864 desti
220 4816 345 4872 omnes,
368 4799 593 4861 monstrantes
614 4798 903 4859 mansuetudinem

105 4898 149 4960 ad
164 4913 278 4960 omncs
293 4897 466 4970 homines;
491 4912 553 4958 nec
570 4895 734 4973 jndioent,
745 4909 903 4956 naccon-

105 4996 274 5058 demnent.
291 4995 340 5066 ut,
357 4995 445 5056 sicut
459 4993 540 5056 dicit
553 4993 724 5064 Dominus,
742 5007 809 5054 non
824 5007 906 5054 con-

105 5093 254 5156 siderent
281 5093 419 5154 minima
449 5087 583 5168 peccata
607 5091 768 5162 aliorum,
802 5089 905 5150 immo

104 5190 214 5266 magis
222 5205 283 5250 sna
295 5189 478 5265 recogitent
493 5188 527 5248 in
538 5186 762 5249 amaritudine
783 5186 905 5247 animae

106 5303 190 5350 suae.
212 5289 252 5350 nt
277 5285 479 5348 contendant
501 5286 629 5347 intrare
648 5299 708 5361 per
729 5285 904 5360 angustam

106 5383 249 5464 portam,
267 5383 323 5460 qni
338 5381 419 5444 dicit
431 5382 606 5443 Dominus:
618 5381 776 5458 Angusto
788 5381 903 5455 porte,

105 5478 906 5554 etarctevteenumerationiottam,etpanct

104 5579 259 5654 staretque·
271 5578 453 5640 invertunt
466 5591 554 5639 eum.
569 5571 854 5656 (Matth.,vu,14.)

627 256 736 322 PARS
759 258 961 322 SECUNDA.
977 289 1018 306 —
1032 259 1227 324 REGULAE.

1575 343 1584 362 .
1686 261 1745 324 274

1232 421 1369 486 CAPUT
1388 423 1460 486 XII.

992 556 1043 616 De
1052 559 1142 616 mmo
1156 558 1244 627 visu,
1261 557 1295 618 et
1308 533 1507 630 frequentia
1519 557 1705 617 mulierum

1272 652 1425 715 vitanda.

994 785 1113 844 Omnes
1135 783 1266 858 iratres,
1293 784 1492 862 ubicumque
1512 783 1599 857 sunt,
1617 784 1670 846 vel
1683 800 1746 846 va-

954 880 1046 952 dunt,
1062 884 1202 944 caveant
1216 881 1279 942 sibi
1295 881 1417 944 amalo
1436 883 1522 954 visu,
1539 885 1573 944 et
1586 881 1746 960 trequen-

953 977 1003 1038 tia
1016 977 1204 1039 mulierum.
1219 980 1259 1039 nt
1268 978 1379 1039 nullus
1395 994 1471 1040 cum
1486 979 1534 1040 eis
1550 979 1746 1040 consilietur

954 1075 1055 1136 solus.
1073 1074 1235 1137 Sacerdos
1250 1076 1387 1138 honeste
1415 1076 1571 1152 loquatur
1594 1076 1744 1149 cumeis,

954 1171 1062 1232 dando
1090 1172 1337 1249 poenitentiam,
1365 1172 1418 1235 vel
1453 1171 1543 1234 aliud
1573 1171 1747 1248 spirituale

955 1268 1141 1330 consilium.
1154 1271 1194 1332 lat
1208 1269 1299 1331 nulla
1312 1269 1443 1346 penitus
1452 1268 1573 1330 mulier
1582 1268 1623 1330 ab
1633 1268 1746 1345 aliquo

954 1365 1058 1428 tratre
1070 1367 1251 1444 recipiatur
1260 1367 1300 1428 ad
1314 1365 1551 1441 obedientiam
1567 1365 1626 1427 sed
1638 1364 1747 1426 dando

955 1463 1205 1525 sibiconsilium
1220 1464 1405 1540 spirituale,
1422 1462 1652 1533 ubi-voluerit,
1669 1461 1748 1538 agat

955 1561 1195 1638 poenitentiam.
1221 1563 1260 1624 nt
1287 1561 1427 1623 multum
1449 1575 1564 1622 omnes
1587 1575 1649 1620 nos
1668 1573 1748 1620 cus-

954 1656 1131 1730 todiamus,
1148 1658 1302 1719 etomnia
1321 1657 1467 1719 membra
1485 1657 1598 1718 nostra
1625 1656 1746 1716 tenea-

935 1748 1039 1829 'mus,
1054 1755 1132 1832 quia
1145 1754 1391 1816 dicitDominus
1406 1771 1413 1810 ε
1429 1755 1609 1828 omnaque
1621 1751 1747 1813 otdcrtt

954 1856 1136 1915 mutierem
1166 1856 1211 1914 ed
1235 1855 1539 1926 concupiscendum
1562 1865 1650 1920 eum,
1667 1851 1748 1920 jem

954 1949 1141 2012 mechatus
1155 1949 1207 2012 est
1219 1964 1298 2012 cnm
1312 1963 1354 2011 ea
1368 1952 1406 2011 tn
1417 1950 1518 2010 corde
1532 1960 1606 2010 suo.
1622 1945 1742 2025 (matt.

955 2059 994 2128 V,
1010 2053 1077 2135 28).

1228 2181 1365 2242 CAPUT
1378 2181 1466 2242 xlll.

1046 2314 1375 2389 Depraesnmptione
1393 2312 1644 2387 fornicationis,

997 2465 1032 2526 Si
1047 2464 1121 2542 quis
1129 2463 1279 2536 fratrum,
1292 2462 1425 2525 diaholo
1437 2460 1628 2538 instigante,
1639 2459 1748 2520 iorni-

956 2565 1099 2634 oaretur,
1116 2560 1277 2632 habiturn,
1295 2575 1391 2638 quem
1404 2575 1447 2621 ex
1466 2575 1527 2620 sna
1542 2556 1747 2634 turpitudine
1776 2638 1780 2647 Ι

956 2658 1080 2732 amisit,
1090 2658 1206 2720 extoto
1219 2658 1373 2734 deponat,
1385 2657 1418 2718 et
1428 2657 1570 2718 anostra
1585 2653 1748 2730 religione

956 2756 1087 2840 penitus
1107 2754 1303 2832 expellatur,
1328 2755 1362 2816 et
1384 2753 1499 2831 postea
1519 2751 1747 2830 poenitentiam

956 2852 1059 2915 faciat
1072 2853 1113 2914 de
1127 2852 1284 2930 peccatis.

1227 3049 1364 3110 CAPUT
1384 3049 1469 3111 XIV.

957 3195 1127 3261 dammodo
1138 3191 1271 3266 fratres
1282 3191 1425 3254 deceant
1435 3193 1490 3252 ire
1495 3204 1561 3265 per
1570 3189 1748 3250 mnndum.

996 3342 1134 3417 Quando
1149 3341 1270 3405 iratres
1276 3341 1401 3405 vadunt
1415 3340 1651 3418 permundum,
1663 3337 1748 3400 nihil

956 3442 1089 3519 portent
1100 3456 1161 3518 per
1173 3441 1273 3513 viam,
1283 3455 1344 3502 nec
1354 3439 1535 3511 sacculum,
1545 3453 1608 3500 nec
1621 3452 1746 3515 peram,

957 3555 1019 3601 nec
1033 3555 1163 3616 panem,
1180 3553 1242 3599 nec
1263 3537 1450 3615 pecuniam,
1469 3527 1530 3597 nec
1543 3537 1684 3610 virgam.
1710 3535 1750 3596 nt

957 3637 992 3698 in
1004 3651 1245 3713 quamcumque
1261 3635 1393 3697 domurn
1407 3633 1619 3704 intraverint,
1637 3632 1750 3693 dicant
1819 3675 1822 3682 .

957 3735 1100 3812 primum
1113 3735 1201 3794 :Pax
1212 3733 1291 3793 huic
1301 3731 1424 3792 domui.
1435 3733 1474 3792 nt
1483 3731 1518 3790 in
1531 3728 1750 3792 eademdomo

958 3833 1141 3902 manentes,
1161 3830 1262 3892 edant
1289 3830 1322 3892 et
1340 3828 1454 3890 bibant
1470 3843 1543 3904 qnae
1565 3826 1651 3904 apud
1674 3826 1750 3888 illos

958 3931 1046 3990 sunt.
1071 3930 1146 3989 Non
1173 3925 1454 3997 resistantmalo,
1471 3925 1528 3986 sed
1550 3925 1579 3985 si
1602 3925 1676 4002 quis
1692 3937 1750 3984 eos

959 4027 993 4088 iu
1005 4026 1176 4087 maxillam
1196 4023 1410 4103 percusserit,
1425 4022 1595 4101 praebeant
1613 4023 1645 4084 ei
1671 4021 1750 4082 alte-

958 4139 1045 4196 ram3
1070 4124 1103 4186 et
1130 4123 1187 4199 qui
1208 4121 1357 4182 auferret
1377 4119 1427 4181 eis
1450 4120 1693 4190 vestimentum,
1717 4118 1751 4179 et

958 4220 1117 4292 tunicam,
1134 4235 1201 4280 non
1223 4217 1431 4296 prohibeant.
1462 4215 1749 4294 omnipotentiae

957 4317 1122 4393 tribuant3
1138 4317 1195 4379 sed
1209 4317 1239 4378 si
1252 4317 1326 4395 quis
1339 4315 1488 4378 auferret
1499 4331 1573 4393 quae
1588 4329 1648 4376 sna
1659 4313 1748 4382 sunt,

958 4432 1026 4478 non
1042 4416 1205 4494 repetant.

1244 4613 1381 4674 CAPUT
1394 4612 1463 4670 XV.

999 4757 1093 4823 Quod
1100 4756 1233 4828 fratres
1245 4768 1313 4815 non
1329 4752 1469 4815 teneant
1483 4751 1637 4822 bestiam,
1650 4765 1713 4812 nec
1807 4834 1809 4838 ι

1270 4851 1431 4924 equitem.

999 4986 1140 5062 Injungo
1176 4982 1329 5046 omnibus
1365 4981 1524 5043 iratribus
1564 4981 1659 5053 meis,
1684 4982 1752 5042 tam

960 5081 1091 5144 clericis
1103 5097 1202 5160 quam
1212 5081 1319 5154 laicis,
1337 5079 1492 5142 euntibus
1507 5095 1566 5157 pen
1580 5078 1751 5151 mnndum,

960 5180 1037 5242 licet
1049 5178 1257 5241 morantibus
1276 5178 1312 5239 in
1336 5177 1429 5250 locis,
1446 5178 1533 5255 quod
1548 5178 1641 5240 nullo
1656 5177 1754 5239 modo

960 5278 1046 5355 apud
1076 5293 1122 5350 ae,
1140 5292 1202 5338 nec
1230 5275 1317 5353 apud
1344 5275 1458 5348 alium,
1473 5277 1506 5340 et
1521 5275 1632 5354 aliquo
1656 5276 1754 5338 modo

959 5375 1100 5436 bestiam
1127 5374 1273 5452 aliquam
1306 5372 1461 5436 habeant.
1482 5375 1552 5436 Neo
1581 5373 1630 5435 eis
1655 5373 1755 5434 liceat

961 5472 1125 5550 equitare,
1143 5471 1209 5532 nisi
1235 5471 1430 5534 infirmitate
1445 5472 1499 5535 vel
1514 5485 1634 5548 magna
1645 5485 1757 5531 neces·

960 5572 1059 5634 sitate
1075 5571 1247 5646 cogantur.
