4184 6410
321 296 382 358 sla
514 269 521 313 ³
792 293 847 353 nn
877 289 1015 353 orsas
1041 292 1074 351 s.
1095 287 1272 351 eunoun
1304 287 1491 352 annuant
1905 293 1963 356 sn

320 471 422 520 avare
456 454 561 526 tenet,
597 467 696 530 quam
735 451 888 529 promisit
919 448 1112 522 candelam,

319 554 420 632 paulo
442 551 515 630 post
539 550 655 612 eodem
676 550 787 626 turget
804 550 997 612 adolescens
1013 546 1112 620 malo,

319 651 373 714 eui
393 665 459 710 non
476 649 566 710 aliud
590 664 688 724 quam
708 648 776 709 voti
799 646 998 709 solutionem
1015 645 1114 706 adbi-

318 747 390 810 buit
408 747 604 818 remedium,
621 748 657 807 nt
672 747 785 822 optata
800 745 968 805 frueretur
979 742 1113 805 valetu-

318 846 407 918 dine,
429 860 527 922 quam
552 845 665 906 statim
690 843 741 904 est
764 843 948 904 assecutus.
972 839 1116 901 Bartho-

317 944 457 1005 lomaeus
483 941 579 1002 miles
607 941 649 1002 de
678 955 794 1016 campo
825 936 980 1009 rotundo,
1010 936 1112 998 tiliam

317 1040 421 1117 gravi
439 1039 568 1100 calculo
594 1038 667 1098 dire
690 1038 867 1108 dolentem,
894 1035 1016 1097 emisso
1037 1035 1113 1095 voto

317 1139 359 1200 de
383 1135 550 1199 visitando
577 1138 610 1198 et
635 1135 807 1196 adorando
837 1133 950 1194 Sancti
977 1132 1113 1194 Antonii

318 1235 507 1313 sepulchro,
524 1233 636 1296 statim
650 1247 766 1293 sanam
779 1231 920 1306 accepit.

358 1333 468 1394 Lectis
486 1331 533 1392 tot
552 1345 592 1391 ac
607 1329 709 1392 tantis
724 1329 790 1390 viri
805 1327 863 1390 Dei
881 1325 1064 1397 miraculis,
1082 1330 1114 1388 et

318 1429 523 1491 acclamante
550 1425 706 1488 universo
736 1426 857 1503 populo
884 1427 956 1502 ejus
983 1425 1112 1486 sancti-

317 1528 431 1600 tatem,
443 1527 478 1587 in
494 1523 636 1586 eeclesia
651 1523 836 1585 cathedrali
852 1522 1030 1599 spoletana
1044 1537 1115 1582 sur·

319 1639 402 1700 gens
431 1637 450 1700 a
478 1621 563 1682 solio
594 1618 761 1692 Pontifex,
795 1619 950 1680 invocato
980 1617 1114 1678 nomine

318 1721 445 1783 deificae
460 1718 634 1780 Trinitatis
647 1715 877 1779 beatissimum
892 1716 1025 1776 Patrem
1039 1717 1112 1776 An-

316 1818 447 1880 tonium
464 1816 655 1877 sanctorum
678 1815 830 1888 catalogo
851 1813 1061 1890 conscripsit,
1082 1814 1114 1874 et

317 1915 439 1977 festum
454 1913 564 1975 obitus
587 1911 673 1972 diem
693 1910 810 1973 haberi
830 1911 1012 1984 constitnit,
1033 1926 1115 1972 oon-

318 2011 440 2073 oedens
456 2009 610 2071 omnibus
626 2025 706 2070 rere
721 2009 958 2085 poenitentibus
974 2008 1007 2069 et
1027 2021 1112 2068 con-

318 2108 428 2181 fessis
451 2107 663 2184 sepulchrum
688 2107 760 2166 eius
779 2107 815 2166 in
837 2106 891 2167 die
911 2105 1111 2179 festivitatis,

317 2207 377 2267 aut
387 2221 446 2282 per
457 2206 603 2278 octavam,
614 2203 792 2281 quotannis
804 2219 879 2264 cnm
892 2202 1002 2264 debita
1016 2217 1114 2263 reve·

317 2303 426 2364 rentia
439 2299 1113 2375 visitantibus,relaxationemnniusanni

316 2400 358 2461 de
377 2399 527 2477 injuncta
546 2398 610 2459 sibi
633 2398 839 2475 poenitentia.
860 2398 977 2458 Statim
998 2411 1113 2458 omnes

317 2497 447 2575 praelati
464 2497 624 2574 hymnum
641 2499 827 2557 :relicum
841 2498 1022 2557 formamus
1032 2510 1114 2555 oan-

316 2597 442 2668 tarunt,
468 2610 532 2670 quo
560 2591 739 2655 terminato
761 2592 917 2654 Pontifex
940 2591 1008 2653 alta
1031 2607 1113 2653 voce

317 2692 542 2768 Antiphonam
564 2690 657 2751 illam
674 2693 698 2752 0
717 2691 844 2752 Doctor
867 2690 1005 2763 optime,
1025 2689 1115 2750 into·

318 2790 422 2862 navit,
437 2803 535 2865 quam
549 2787 660 2848 clerus
674 2787 851 2848 universus
864 2802 984 2862 magno
998 2787 1114 2848 modu-

317 2887 443 2948 lamine
459 2886 655 2962 prosecntus
670 2887 732 2958 est,
749 2886 840 2960 Papa
853 2883 1067 2954 versiculum,
1081 2886 1115 2947 et

319 2985 505 3046 orationem
539 2982 746 3044 concinente.
781 2981 907 3042 Deinde
936 2981 1010 3058 post
1041 2981 1113 3042 dies

321 3097 446 3158 paucos
473 3095 636 3158 persnas
663 3079 792 3142 litteras
817 3079 912 3141 datas
938 3080 984 3140 llI
1009 3094 1113 3140 nonas

315 3179 394 3255 julii
416 3177 584 3241 intimarit
606 3175 758 3238 omnibus
780 3175 999 3238 ecelesiarum
1027 3191 1115 3252 prae-

318 3271 1115 3352 latishujusmodifactameanonizationem,hor·

319 3373 476 3449 tutusque
496 3372 548 3433 est
568 3386 683 3432 omnes
705 3371 746 3432 ad
769 3370 876 3432 sancti
891 3370 956 3432 viri
976 3372 1112 3432 cultum.

319 3471 422 3532 Plura
444 3469 626 3546 diplomata
649 3469 749 3545 hujus
774 3467 932 3530 videntur
954 3468 1115 3545 apotheo-

319 3567 366 3627 sis
389 3566 424 3627 in
449 3565 520 3626 solo
545 3563 817 3642 subscriptionis
841 3563 895 3624 die
917 3563 1114 3642 discrepan-

317 3664 365 3726 tia
386 3685 393 3724 :
412 3679 486 3724 cum
502 3663 591 3724 enim
608 3661 713 3723 multa
733 3661 915 3723 transmitti
935 3663 1114 3738 oporteret,

320 3777 384 3822 neo
417 3777 483 3822 nno
512 3759 746 3822 scribebantur
771 3759 829 3820 aut
855 3758 1021 3820 dabantur
1048 3758 1113 3830 die,

321 3858 446 3921 diversi
475 3857 634 3934 temporis
663 3857 845 3935 praeferunt
873 3857 988 3928 notas,
1021 3857 1115 3918 utin

318 3956 395 4018 aliis
408 3955 593 4019 Pontificiis
609 3955 730 4016 litteris
744 3953 867 4030 saepius
878 3969 938 4030 per
952 3953 1015 4015 hoo
1032 3969 1115 4031 opus

321 4053 528 4116 observatur.
559 4055 685 4114 Horum
712 4052 884 4128 exemplar
912 4050 1055 4112 habetur
1079 4051 1114 4112 in

321 4153 453 4226 regesto
465 4149 629 4212 Vaticano
646 4164 679 4209 n.
698 4150 736 4209 12
750 4148 812 4209 sub
827 4148 961 4210 kalend.
976 4148 1066 4226 julii,
1083 4151 1116 4210 et

318 4247 420 4308 totius
446 4246 496 4306 rei
527 4246 630 4320 gestae
659 4244 780 4306 seriem
815 4243 1115 4322 descriptionemve

318 4343 518 4418 originalem
536 4342 625 4403 inter
644 4343 758 4403 vetera
772 4340 939 4406 tabularia
954 4342 1113 4416 Anagniae

318 4441 498 4517 repertam,
529 4438 659 4501 servari
684 4441 797 4501 Romae
819 4439 855 4501 in
881 4439 1043 4501 Vaticano
1072 4453 1114 4500 ex

316 4539 473 4601 mandato
489 4535 691 4598 sanctissimi
709 4537 844 4599 Domini
866 4535 1019 4611 Gregorii
1037 4537 1114 4597 Xlll

317 4637 382 4698 sibi
405 4636 564 4698 retulisse
591 4633 920 4696 Reverendissimum
946 4636 984 4694 D.
1008 4633 1114 4694 Calli-

316 4734 450 4811 garium
467 4731 783 4794 Brittonoriensium
800 4731 1007 4808 episcopum,
1025 4731 1114 4794 scri-

317 4831 367 4894 bit
386 4831 597 4907 RodulphuS,
614 4845 712 4907 quam
734 4831 844 4890 tamen
865 4844 927 4904 ego
944 4843 1010 4890 non
1022 4829 1115 4907 potui

317 4929 471 5006 detegere
492 4927 602 5005 inquit
621 4925 818 5002 wadingus.
848 4926 979 4987 Bullam
1004 4927 1114 4988 autem

318 5026 471 5104 subjicio.

357 5124 569 5199 «Gregorius
599 5121 785 5199 episcopus,
805 5138 922 5185 servus
941 5137 1115 5185 serrorum

317 5223 389 5290 Dei,
416 5220 665 5284 venerabilibus
686 5219 858 5292 fratribus
889 5219 1116 5296 archiepisco-

317 5321 380 5399 pis,
405 5321 439 5382 et
466 5318 632 5396 episcopis
648 5335 655 5378 :
671 5316 800 5379 dilectis
829 5317 909 5379 filiis
927 5316 1113 5390 abbatibus,

317 5417 485 5496 prioribus
522 5418 555 5478 et
587 5415 664 5476 aliis
698 5415 918 5477 ecclesiarum
955 5415 1113 5494 praelatis,

354 5549 394 5619 (l)
412 5545 562 5618 Soph.,1n,
578 5545 621 5604 lo.

354 5621 395 5691 (t)
413 5620 504 5686 halt,
518 5632 577 5688 aru,
593 5617 637 5672 ts.

1169 453 1367 527 presentem
1383 451 1539 527 paginam
1549 449 1761 527 inspecturis,
1775 449 1917 515 salntem
1933 457 1964 514 et

1168 548 1391 624 Apostolioam
1407 548 1682 610 benedictionem.

1209 647 1329 706 «Cum
1350 645 1440 707 dicat
1464 647 1624 706 Dominus
1651 661 1712 722 per
1737 647 1962 723 Prophetam:

1170 741 1254 802 dabo
1267 759 1327 804 vos
1342 743 1470 804 cunctis
1494 743 1626 819 populis
1642 743 1676 802 in
1691 742 1824 804 laudern
1839 744 1873 805 et
1887 744 1964 818 glo-

1169 839 1254 899 riam
1269 841 1302 902 ot
1315 840 1476 901 honorem
1488 839 1556 918 (1);
1574 841 1607 901 et
1622 856 1681 917 per
1700 857 1736 902 se
1753 839 1962 916 polliceatur,

1169 936 1349 1013 quodjusli
1373 936 1460 997 sicut
1481 937 1530 999 sol
1554 937 1590 997 in
1606 940 1786 1013 conspectu
1807 937 1869 998 Dei
1894 937 1965 997 ful·

1168 1032 1292 1108 gebunt
1313 1029 1373 1112 (2).
1403 1034 1493 1111 pium
1522 1035 1556 1095 et
1576 1037 1704 1111 justum
1725 1038 1786 1108 est,
1809 1036 1857 1108 ut,
1883 1052 1965 1113 qnos

1168 1132 1255 1191 Deus
1271 1130 1388 1192 merito
1413 1131 1600 1193 sanctitatis
1618 1133 1757 1194 coronat
1776 1134 1808 1195 et
1823 1131 1967 1194 honorat

1168 1226 1204 1287 in
1219 1227 1324 1296 coelis,
1340 1243 1401 1288 nos
1416 1229 1643 1290 venerationis
1655 1227 1765 1290 officio
1777 1229 1963 1301 laudemus,

1168 1325 1201 1385 et
1225 1323 1450 1399 glorificemus
1471 1325 1507 1386 in
1531 1325 1647 1399 terris;
1664 1341 1739 1387 eum
1756 1325 1830 1402 ipse
1854 1327 1965 1405 potins

1168 1420 1323 1482 landetur
1337 1424 1370 1484 et
1384 1421 1589 1498 glorificetur
1608 1423 1643 1482 in
1657 1421 1737 1496 illis,
1754 1423 1811 1501 qui
1825 1425 1876 1485 est
1891 1424 1967 1484 lau-

1168 1517 1290 1579 dabilis
1318 1520 1352 1580 st
1379 1519 1546 1594 gloriosus
1572 1519 1607 1580 in
1635 1520 1757 1581 saecula
1781 1517 1842 1600 (3),
1872 1522 1906 1583 et
1929 1521 1965 1582 in

1169 1615 1305 1678 sanetis.
1322 1616 1364 1678 Ut
1375 1616 1463 1677 enim
1478 1631 1547 1676 suae
1558 1615 1692 1678 virtutis
1704 1617 1887 1694 potentiam
1901 1618 1967 1678 mi·

1168 1712 1320 1774 rabiliter
1339 1711 1539 1783 manifestet,
1555 1713 1588 1776 et
1610 1715 1733 1777 nostrae
1746 1714 1865 1776 salutis
1892 1731 1968 1778 cau·

1168 1825 1239 1871 sam
1258 1810 1522 1872 misericorditer
1546 1813 1718 1888 operatum
1747 1812 1862 1874 fideles
1887 1829 1967 1876 suos

1169 1923 1251 1984 quos
1275 1923 1406 1985 semper
1421 1911 1560 1970 coronat
1588 1910 1624 1970 in
1647 1910 1742 1980 coelo.
1773 1909 1966 1989 frequenter

1169 2005 1268 2066 etiarn
1283 2004 1427 2067 honorat
1438 2005 1472 2066 in
1489 2005 1623 2078 saeoulo,
1647 2007 1688 2067 ad
1708 2023 1823 2068 eorum
1838 2025 1968 2070 memo-

1168 2103 1237 2162 rias
1245 2103 1473 2179 signafaciens
1486 2104 1518 2165 et
1526 2103 1688 2180 prodigia,
1699 2120 1759 2180 per
1770 2121 1844 2182 qnae
1855 2107 1968 2183 pravi·

1167 2200 1220 2261 tas
1230 2199 1452 2262 confundatur
1466 2201 1640 2273 haeretica,
1655 2205 1689 2263 et
1703 2201 1784 2263 fides
1799 2203 1967 2264 catholica

1168 2297 1384 2360 confirmetur
1410 2319 1418 2359 ε
1446 2297 1572 2371 fideles
1599 2299 1719 2360 mentis
1742 2303 1876 2376 torpore
1901 2300 1968 2361 dis-

1168 2411 1276 2467 cusse,
1295 2395 1336 2457 ad
1351 2394 1430 2456 boni
1438 2396 1549 2472 operis
1560 2397 1964 2466 excitentnrinstantiam

1168 2493 1319 2555 haeretici
1346 2493 1484 2570 depulsa
1514 2493 1549 2554 in
1576 2509 1640 2571 qua
1664 2495 1778 2571 jacent
1803 2496 1968 2558 caeoitatis

1169 2590 1330 2666 caligine,
1359 2589 1401 2650 ab
1424 2591 1516 2652 invia
1542 2591 1748 2654 reducantur
1777 2592 1817 2653 ad
1848 2593 1965 2668 viam3
2056 2639 2057 2656 t

1169 2688 1315 2765 etjudaei
1327 2689 1426 2765 atque
1441 2689 1568 2764 Pagani
1583 2704 1664 2750 vero
1685 2689 1811 2751 lumine
1830 2691 1966 2766 cognito

1169 2785 1357 2847 currantad
1371 2785 1537 2847 Christum
1549 2785 1666 2859 lucem,
1676 2787 1776 2858 viam,
1788 2789 1965 2850 veritatem

1169 2885 1202 2945 et
1221 2883 1335 2944 vitam.
1349 2881 1443 2944 Unde
1464 2897 1537 2954 nos,
1561 2883 1764 2958 charissimi,
1785 2886 1818 2947 et
1843 2886 1872 2944 si
1897 2903 1967 2947 non
2056 2939 2057 2948 ,

1169 2981 1310 3058 quantas
1358 2980 1535 3054 debemuS‚
1583 2982 1724 3058 quantas
1776 2999 1966 3059 possumus,
2056 2983 2057 3020 f

1168 3078 1294 3154 gratias
1318 3079 1448 3154 agimus
1476 3078 1660 3153 gratiarum
1687 3079 1835 3140 omnium
1860 3081 1969 3156 largi-

1168 3175 1233 3237 tori
1250 3174 1356 3252 :quod
1381 3174 1497 3236 diebus
1517 3175 1651 3248 nostris,
1668 3176 1710 3237 ad
1732 3177 1967 3240 confirmatio-
2056 3247 2057 3266 χ

1169 3289 1245 3333 nem
1260 3272 1432 3334 catholica
1445 3272 1534 3344 fidei,
1551 3273 1583 3334 et
1593 3273 1634 3334 ad
1650 3271 1879 3338 confusionem
1895 3275 1971 3336 hae-

1168 3370 1281 3432 retioas
1301 3369 1489 3446 pravitatis,
1506 3370 1680 3432 evidenter
1697 3370 1836 3433 innovat
1854 3372 1967 3448 signa,

1170 3469 1202 3529 et
1216 3465 1383 3528 mirabilia
1396 3469 1548 3544 potenter
1562 3468 1731 3542 immutat;
1746 3468 1872 3530 faciens
1889 3471 1970 3532 illos

1170 3578 1349 3626 coruscare
1366 3563 1548 3637 miraculis,
1566 3564 1736 3641 quiddam
1751 3566 1968 3638 catholicam,

1169 3665 1237 3723 tam
1252 3660 1352 3723 corde
1376 3677 1475 3738 qnam
1490 3677 1558 3734 ore,
1576 3677 1637 3724 neo
1652 3678 1718 3724 non
1733 3665 1767 3725 et
1787 3677 1890 3741 opere
1905 3680 1971 3725 ro-

1169 3758 1340 3820 borarunt.
1357 3761 1403 3820 De
1425 3774 1564 3837 qnorum
1585 3775 1735 3833 numero,
1750 3762 1874 3823 sancte
1890 3779 1972 3824 me·

1170 3857 1284 3918 moriae
1294 3856 1411 3918 beatus
1426 3858 1601 3930 antonius,
1620 3859 1660 3920 de
1684 3858 1807 3920 Ordine
1822 3859 1973 3921 fratrum
2056 3857 2057 3888 ³

1170 3955 1335 4015 Minorum
1353 3975 1360 4014 :
1375 3954 1432 4030 qui
1447 3954 1527 4015 olim
1551 3953 1675 4031 degens
1702 3955 1736 4016 in
1750 3956 1875 4017 saeculo
1893 3973 1974 4019 ma-

1169 4051 1244 4126 gnis
1257 4049 1401 4128 pollebat
1415 4051 1554 4124 meritis,
1572 4068 1660 4113 nunc
1675 4054 1793 4114 vivens
1814 4053 1851 4114 in
1866 4056 1972 4124 coelo,

1169 4147 1283 4210 multis
1298 4150 1452 4211 coruscat
1466 4150 1648 4220 miraculis,
1666 4150 1702 4212 nt
1715 4152 1787 4228 ejus
1805 4153 1974 4214 sanctitas

1169 4245 1269 4306 cerlis
1290 4245 1424 4307 indiciis
1444 4247 1687 4324 comprobetur.
1703 4251 1782 4309 Cum
1798 4249 1890 4309 enim
1907 4251 1977 4312 du·
2056 4301 2057 4316 ,

1169 4343 1247 4404 dum
1281 4343 1484 4404 venerabilis
1513 4344 1616 4406 frater
1643 4346 1758 4408 noster
1788 4347 1976 4424 episcopus

1169 4441 1202 4502 et
1216 4440 1328 4503 dilecti
1345 4439 1417 4514 filii,
1434 4443 1578 4518 potestas
1592 4445 1625 4504 ot
1645 4459 1820 4504 commune
1834 4445 1978 4505 Padua-

1170 4552 1289 4599 nornm
1315 4537 1411 4600 nobis
1440 4555 1498 4615 per
1519 4540 1659 4601 nuncios
1683 4557 1762 4602 suos
1782 4544 1816 4603 et
1836 4541 1977 4604 litteras

1169 4634 1341 4697 humiliter
1363 4636 1617 4712 supplicassent,
1643 4639 1680 4699 ut
1707 4654 1783 4699 cnm
1804 4640 1977 4701 Dominus

1170 4733 1277 4795 eidem
1291 4735 1406 4796 sancto
1423 4734 1550 4794 tantam
1570 4734 1748 4798 contulerit
1759 4735 1920 4812 gloriam,
1938 4741 1979 4800 ut

1170 4830 1368 4892 addendam
1385 4831 1559 4893 scientiam
1575 4832 1691 4908 primae
1713 4833 1808 4896 stolae
1820 4834 1978 4897 immor-

1169 4928 1246 4990 talis
1262 4928 1379 5004 ipsius,
1395 4929 1428 4990 et
1438 4930 1702 5005 experimentum
1714 4931 1851 4993 evidens
1863 4931 1910 4994 de
1926 4949 1981 4995 se·

1170 5025 1279 5087 cunda
1292 5047 1300 5101 3
1316 5026 1529 5102 sepulchrum
1551 5029 1623 5105 eius
1638 5029 1688 5090 tot
1708 5032 1742 5090 et
1756 5029 1859 5091 tantis
1872 5030 1980 5092 daret
2056 5099 2057 5104 ἵ

1170 5138 1348 5185 coruscare
1363 5123 1545 5196 miraculis,
1567 5123 1653 5201 quod
1678 5129 1750 5202 ejus
1771 5125 1862 5187 inter
1885 5129 1980 5190 alios

1170 5223 1302 5282 sanctos
1325 5235 1391 5281 non
1417 5220 1567 5283 invocari
1591 5222 1762 5300 suffragia,
1793 5225 1845 5285 est
1873 5225 1979 5286 indi-

1170 5334 1286 5393 gnum;
1300 5318 1456 5394 deipsius
1467 5319 1639 5380 miraculis
1651 5321 1751 5382 testes
1760 5321 1867 5398 recipi
1879 5339 1981 5383 man·

1171 5417 1326 5477 daremus
1348 5432 1438 5476 :non
1457 5415 1676 5490 attendentes,
1700 5417 1786 5496 quod
1817 5419 1902 5481 licet
1934 5420 1977 5482 ad

1208 5543 1249 5620 (3)
1261 5549 1342 5614 Dan,
1361 5561 1400 5616 ru,
1417 5547 1461 5603 52.
