4226 6406
319 279 403 351 50⁷4
794 282 849 341 00
878 277 1489 340 01001000100111000001
1652 241 1653 244 Ὺ
1902 281 1964 342 sos

320 445 455 524 negavit
473 444 542 516 ilie,
566 443 602 505 et
619 441 679 504 Vir
694 439 752 502 Dei
772 439 941 517 persoluto
964 438 1112 516 quotidie
1167 438 1251 499 mire
1267 437 1438 500 afflueret:
1455 437 1596 515 peritior
1609 437 1721 500 tamen
1738 439 1825 517 apud
1840 438 1964 503 iratres

320 547 557 606 nocturnarum
570 553 704 616 precum
718 537 838 608 0111010,
850 537 890 598 ad
906 552 980 598 0001
993 536 1112 598 cellam
1167 535 1352 598 habebatur
1364 535 1604 598 abluendorum
1615 536 1737 598 culinae
1751 538 1961 611 utensilium,

320 641 505 709 secedebat,
529 637 724 713 sumptaque
744 651 858 696 secum
877 635 998 710 exigua
1015 632 1113 709 panis
1167 649 1266 709 quam
1300 633 1481 708 Scripturas
1514 635 1639 695 sanctae
1667 635 1823 710 mysteria
1850 635 1966 712 expli-

319 737 494 816 particula,
512 737 549 798 et
559 735 594 795 10
609 749 689 796 vase
704 747 802 810 aqna,
819 731 958 808 cogebat
977 745 1113 792 carnem
1167 729 1276 790 candi.
1294 729 1492 792 praetectum
1507 731 1596 790 enim
1612 747 1709 792 snum
1725 729 1836 808 (quem
1852 736 1964 794 Guar-

319 849 437 912 parere
461 832 609 916 spiritum
636 831 887 906 solitariamque
905 829 976 890 iilic
999 843 1110 904 qnan—
1167 827 1302 889 dianum
1317 825 1446 906 dicunt)
1470 826 1611 904 supplex
1626 830 1774 902 rogarat,
1792 831 1829 890 01
1846 831 1962 906 magni

318 935 388 994 tum
407 930 501 992 licuit
520 930 622 991 vitam
640 928 775 999 ducens,
792 928 916 988 sanctis
932 925 1111 1002 cogitatio·-
1166 924 1320 986 benetlcii
1340 925 1413 986 loco
1432 924 1497 1002 ipsi
1516 925 1708 1002 permittere
1726 926 1829 988 vellet
1846 928 1963 990 eluere

318 1029 418 1090 nibus
437 1029 470 1090 et
488 1024 757 1110 meditationibus
777 1025 931 1102 spiritum
951 1022 1112 1084 adversus
1167 1023 1317 1099 coquinae
1338 1037 1429 1093 vasa,
1451 1023 1484 1084 01
1499 1037 1636 1084 verrere
1657 1022 1806 1100 quotidie
1820 1024 1963 1088 fratrum

317 1127 519 1190 tentationes
537 1122 792 1194 communiebat,
814 1124 848 1183 et
869 1121 982 1182 divino
997 1134 1112 1181 amore
1165 1119 1356 1180 domicilia:
1377 1119 1461 1180 nulii
1476 1120 1535 1180 aiii
1550 1119 1600 1180 rei
1615 1123 1727 1196 aptum
1743 1121 1777 1182 et
1794 1120 1908 1184 utilem
1923 1137 1962 1184 se

317 1241 355 1286 se
373 1221 599 1286 coniirmabat.
626 1219 801 1282 Perstabat
824 1218 893 1279 illic
912 1217 1003 1279 solus
1024 1231 1110 1279 noc·
1166 1216 1337 1288 confitens,
1354 1231 1429 1278 cnm
1448 1218 1540 1280 esset
1555 1231 1674 1279 101010
1686 1232 1746 1278 vas
1765 1217 1906 1280 electum
1927 1220 1963 1280 et

316 1321 425 1384 turnis
443 1319 536 1381 horis
559 1318 593 1379 in
616 1316 784 1394 precibns3
808 1318 978 1392 totumque
1002 1329 1038 1374 se
1060 1311 1114 1375 di·
1167 1313 1311 1389 Spiritus
1326 1313 1443 1375 Sancti
1461 1313 1570 1389 gretia
1585 1313 1777 1376 multivaria
1792 1317 1958 1378 ornatum.

316 1417 404 1479 vinae
425 1415 645 1500 moderationi
669 1413 864 1490 permittens
884 1412 918 1474 et
942 1426 1112 1472 commen·
1165 1409 1347 1472 Mandabat
1369 1425 1449 1486 ergo
1469 1410 1615 1488 quotidie
1639 1411 1759 1473 humili
1781 1427 1820 1474 ao
1840 1413 1962 1476 devoto

317 1515 411 1586 dans,
432 1514 468 1574 10
483 1511 674 1574 celestibus
696 1511 767 1586 spei
787 1525 856 1570 suae
877 1523 1035 1570 ancoram
1055 1523 1112 1569 so-
1165 1507 1268 1569 corde
1288 1507 1409 1568 culinae
1443 1523 1510 1580 res,
1545 1509 1579 1571 et
1606 1509 1745 1570 fratrum
1771 1509 1958 1585 domicilia3

316 1611 480 1673 lidissime
491 1607 664 1686 defigebat.
682 1609 751 1668 Nec
766 1607 904 1668 deerant
917 1605 968 1666 illi
983 1603 1110 1667 crebras
1165 1605 1299 1666 eximias
1310 1604 1483 1680 cujusdam
1495 1605 1694 1668 humilitatis
1707 1607 1740 1668 01
1751 1607 1959 1683 contemptos

316 1707 549 1770 infestationes
564 1707 762 1776 damonum,
783 1704 969 1766 volentium
984 1719 1059 1764 0010
1075 1703 1109 1763 10
1165 1702 1218 1762 sui
1230 1701 1271 1762 de
1283 1717 1319 1762 se
1335 1700 1486 1778 exempla
1500 1701 1662 1778 prebens.

317 1807 441 1868 sanotae
462 1803 623 1866 orationis
643 1801 752 1864 studio
776 1798 982 1878 perturbare.
1004 1801 1109 1862 Tanta
1204 1799 1334 1860 Nonita
1353 1799 1457 1874 agunt
1472 1799 1623 1876 plerique
1633 1799 1703 1871 alii,
1716 1799 1959 1878 quiantequam

316 1905 426 1964 autem
453 1917 489 1962 se
510 1899 622 1962 inedia
646 1897 830 1960 maceravit
853 1919 860 1957 :
891 1899 928 1959 ut
948 1897 1109 1974 quemad·
1164 1896 1232 1958 sint
1249 1895 1416 1973 discipuli,
1426 1896 1578 1986 magistri
1591 1912 1668 1959 esse
1678 1897 1804 1967 volunt,
1819 1915 1959 1976 seseque

315 1999 449 2060 modum
470 1997 635 2060 testantur
651 1996 686 2068 ii,
710 1995 767 2074 qui
786 1993 820 2056 id
839 1993 1005 2066 viderunt,
1026 1994 1110 2055 hora
1164 1993 1200 2054 in
1215 1993 1406 2056 cathedram
1420 1991 1617 2071 'importune
1640 1995 1792 2071 ingerere
1812 2011 1878 2058 non
1893 2013 1956 2058 ve-

314 2094 506 2158 reteotionis
516 2093 558 2156 ad
569 2093 687 2155 tratres
698 2093 877 2163 rediturus,
889 2091 1026 2153 nutante
1041 2105 1109 2168 pres
1163 2091 1292 2152 rentur.
1316 2091 1435 2154 Contra
1462 2093 1635 2164 00100100,
1647 2095 1718 2170 jam
1738 2091 1902 2168 periectos
1921 2095 1958 2154 in

315 2191 419 2252 nimia
439 2190 665 2252 imbecillitate
680 2205 808 2264 gressu,
830 2189 977 2266 seipsum
999 2187 1108 2249 inter·
1165 2189 1345 2264 scripturis
1357 2188 1480 2251 divinis
1493 2189 1580 2252 inter
1594 2189 1714 2252 idiotas
1725 2190 1758 2252 et
1776 2189 1877 2252 101100
1889 2191 1957 2254 lai-

248 2319 249 2327 *
310 2289 393 2350 dum
417 2288 604 2348 sustentare
624 2301 691 2347 non
712 2285 835 2362 posset.
859 2285 914 2346 Sic
933 2285 1037 2361 igitur
1056 2285 1110 2345 vir
1163 2301 1220 2346 oos
1235 2285 1350 2348 haberi
1363 2287 1491 2360 maluit,
1508 2303 1605 2364 quam
1622 2286 1745 2349 sciolus
1757 2291 1816 2351 aut
1831 2289 1957 2365 magis-

315 2385 374 2446 iile
399 2385 519 2462 plenus
544 2383 719 2460 sapientia,
750 2397 818 2444 non
843 2382 937 2445 brevi
959 2383 1108 2459 ternpore
1162 2383 1214 2444 ter
1224 2382 1341 2456 rideri,
1354 2385 1529 2461 potiusque
1543 2384 1715 2446 laboribus
1726 2387 1884 2462 occupari
1896 2402 1957 2448 cu-

314 2481 456 2558 simplex
480 2481 567 2542 vixit
590 2479 676 2557 apud
701 2480 898 2557 simplices:
923 2481 957 2541 01
977 2495 1107 2542 omnem
1162 2479 1305 2552 lineriis,
1333 2497 1432 2557 qnam
1454 2481 1638 2557 magisterii
1653 2482 1845 2544 cathedram
1861 2499 1959 2544 occu-

315 2579 542 2655 arrogantiam
577 2577 696 2640 humili
726 2577 825 2640 corde
857 2577 1021 2649 devitans,
1046 2576 1108 2639 sub
1162 2593 1254 2654 0010.
1274 2580 1397 2640 Verum
1423 2573 1603 2652 enimvero,
1631 2579 1714 2641 licet
1734 2579 1957 2643 totisvlribus

314 2676 439 2738 indocti
454 2689 608 2752 persona,
622 2675 740 2752 gratiae
755 2674 866 2736 lumen
881 2672 1065 2736 abscondit.
1162 2675 1197 2734 in
1218 2674 1252 2735 id
1269 2675 1485 2744 incumberet,
1507 2678 1545 2739 nt
1561 2693 1581 2738 a
1596 2677 1749 2740 Ministro
1765 2679 1954 2754 impositum

1161 2787 1281 2834 munus
1295 2774 1412 2835 liceret
1430 2773 1670 2850 subterfugere,
1687 2777 1876 2836 nontamen
1893 2791 1956 2852 00-

604 2870 740 2930 GAPUT
761 2871 816 2930 Vi.
1160 2869 1224 2931 tuit
1245 2872 1323 2934 voto
1352 2871 1452 2948 potiri
1473 2887 1546 2933 sno.
1568 2871 1714 2934 Tandem
1738 2887 1818 2948 ergo
1833 2873 1953 2934 cedens

1160 2968 1230 3029 tum
1244 2967 1335 3029 illius
1354 2967 1528 3041 voluntati,
1540 2972 1610 3030 tum
1622 2971 1769 3031 01001010
1785 2971 1952 3047 precibus,

1161 3081 1235 3126 cnm
1250 3067 1369 3129 timore
1382 3066 1513 3126 Domini
1528 3067 1635 3143 primo
1651 3083 1746 3128 orsus
1762 3069 1814 3129 est
1823 3068 1953 3144 simpli·

1159 3162 1243 3224 citer
1262 3162 1303 3223 ad
1325 3177 1383 3224 eos
1404 3163 1515 3225 dicere
1532 3185 1539 3224 ι
1556 3164 1613 3226 sed
1628 3180 1702 3226 cum
1718 3164 1820 3227 vellet
1840 3166 1954 3226 Domi-

353 3259 416 3320 Sed
437 3275 503 3320 non
525 3261 576 3321 est
594 3273 714 3334 pessus
737 3261 825 3319 Deus
846 3273 978 3335 semper
1001 3257 1106 3320 latere
1159 3260 1406 3322 nusincernam
1428 3261 1590 3323 hactenus
1610 3261 1671 3322 suh
1686 3261 1796 3323 modio
1811 3263 1951 3339 positam

313 3371 404 3431 001ος
432 3355 539 3416 voluit
564 3353 743 3432 aliquando
771 3354 865 3415 illum
894 3355 1105 3416 innotescere
1158 3356 1194 3416 in
1204 3356 1351 3416 omniurn
1360 3357 1572 3433 conspectum
1581 3356 1734 3434 01010111,
1746 3357 1782 3417 10
1791 3358 1952 3420 orationis

312 3451 519 3530 simplicibus
545 3451 714 3515 iratribus.
743 3452 824 3512 Cum
847 3451 937 3513 enim
965 3452 1104 3512 multum
1159 3466 1349 3528 progressu,
1365 3453 1457 3515 tanto
1467 3453 1643 3515 verborum
1656 3453 1845 3530 splendore,
1859 3455 1951 3516 tanta

307 3553 379 3628 jam
402 3549 561 3626 temporis
583 3550 746 3620 fluxisset,
767 3544 890 3610 iratres
915 3564 975 3626 pro
999 3551 1104 3612 sacris
1160 3550 1373 3626 mysticarum
1402 3551 1640 3613 sententiarum
1666 3551 1841 3612 altitudine
1871 3568 1950 3614 usus

311 3644 1106 3724 00010100110011110111110,0011010011010οω
1159 3647 1220 3718 est,
1251 3648 1288 3708 ut
1311 3662 1425 3709 omnes
1451 3647 1486 3708 in
1513 3663 1674 3708 summam
1696 3647 1949 3710 admirationem

310 3745 362 3808 est
387 3744 534 3806 AEmilite
560 3743 688 3814 civitas,
724 3743 987 3805 confinxerunt:
1016 3744 1106 3804 inter
1158 3741 1411 3816 adducerentur,
1422 3745 1566 3806 maxime
1576 3745 1662 3821 quod
1673 3745 1794 3821 praeter
1803 3745 1950 3806 omnium

310 3857 392 3920 quos
408 3841 507 3903 etiam
525 3839 632 3902 adfuit
651 3841 815 3902 Antonius
830 3841 864 3901 et
879 3839 1013 3917 quidam
1035 3840 1104 3901 tra·
1158 3839 1347 3918 opinionem
1364 3839 1398 3901 id
1420 3842 1581 3914 eveniret,
1597 3842 1696 3902 simul
1711 3841 1811 3903 etiam
1826 3841 1949 3904 eximia

308 3941 377 4002 tres
389 3941 421 4000 S.
436 3937 610 4000 Dominici.
625 3937 774 3999 instante
785 3938 896 3999 autem
912 3937 1104 3998 collationis
1158 3938 1947 4016 0100οο111010οο000110011101011111001001011

308 4036 403 4108 hore,
426 4033 585 4096 iratribus
606 4049 649 4095 ex
673 4049 765 4095 more
785 4034 1008 4110 congregatis,
1034 4035 1102 4094 mi·
1157 4035 1754 4113 necaffirmaredubitarsntejusmodi
1764 4051 1949 4097 sermonem

309 4133 414 4194 nister
437 4131 502 4193 loci
525 4132 619 4192 illius
639 4130 760 4191 fratres
784 4131 1019 4192 Dominicanos
1040 4147 1103 4192 ro·
1157 4147 1326 4208 nunquam
1347 4147 1384 4193 se
1406 4134 1484 4194 ante
1514 4132 1577 4194 hac
1591 4132 1770 4194 audivisse.
1787 4133 1836 4193 Ita
1853 4129 1950 4192 dein-

308 4229 409 4306 gavit,
427 4227 464 4290 ut
483 4226 671 4290 sitientibus
685 4226 822 4288 verbum
843 4225 964 4288 salutis
979 4243 1103 4304 propo·
1157 4245 1234 4304 ceps
1249 4245 1314 4290 non
1330 4229 1457 4290 minina
1467 4229 1578 4290 affecti
1593 4227 1830 4299 consolatione,
1847 4243 1952 4290 vens-

309 4325 437 4386 nerent.
467 4324 537 4386 Illis
564 4323 808 4395 recusantibus,
844 4323 930 4400 quod
954 4323 1039 4385 nihil
1065 4339 1103 4387 00
1155 4324 1317 4386 rebantur
1331 4326 1365 4386 in
1383 4325 1442 4387 illo
1457 4321 1618 4388 divinitus
1642 4325 1802 4387 0101001001
1826 4324 1949 4386 dirinae

313 3013 408 3074 llltus
422 3013 586 3077 absconso
605 3017 667 3073 luco
687 3017 820 3073 currere
839 3011 941 3084 coepit
961 3015 999 3072 in
1020 3026 1104 3074 oro-

345 3109 447 3184 ttone,
463 3111 696 3184 quamiussus
709 3109 826 3170 habuit
841 3123 887 3170 ea
906 3108 1070 3184 tempore.

309 4421 563 4500 preparassent
581 4419 761 4496 instigante
782 4435 858 4481 eum
876 4419 1008 4482 10111101
1027 4421 1100 4497 spi·
1156 4421 1327 4498 sapientiae
1353 4422 1550 4494 claritatem,
1577 4437 1652 4484 curn
1669 4423 1736 4484 tam
1752 4421 1874 4496 insigni
1891 4419 1949 4481 hu·

308 4519 376 4582 ritu
397 4517 467 4590 Dei,
493 4516 646 4578 minister
665 4517 705 4578 ad
728 4517 919 4590 Antonium,
940 4517 981 4578 de
1005 4520 1100 4595 cujus
1154 4514 1295 4576 militate
1308 4517 1529 4594 conjunctam.

308 4615 496 4679 eruditione
511 4614 596 4676 nihil
611 4615 771 4691 comperti
792 4613 946 4687 habebat,
964 4629 1000 4675 se
1014 4629 1098 4676 oon-

307 4717 452 4783 vertens,
471 4712 566 4790 jubet
587 4712 624 4774 ut
642 4711 729 4790 apud
753 4711 874 4774 iratres
896 4712 984 4774 dicat
1005 4713 1103 4790 quio-
1432 4713 1568 4773 CAPUT
1597 4713 1667 4772 Vli.

308 4812 386 4891 quid
402 4811 465 4888 ipsi
481 4810 676 4886 suggereret
692 4808 830 4886 spiritus
851 4808 922 4870 Dei.
943 4810 1017 4870 Non
1037 4826 1101 4887 pu-

305 4909 487 4972 1011010010
502 4907 678 4984 quicquam
699 4907 786 4968 scire
801 4905 842 4966 de
857 4905 1033 4983 scripturis
1047 4907 1099 4968 di-

306 5005 406 5077 vinis,
431 5004 490 5065 aut
511 5003 635 5080 legisse
658 5003 796 5080 aliquid,
822 5002 889 5063 nisi
914 5002 1001 5064 10110
1024 5019 1098 5080 quae

306 5103 348 5164 ad
383 5099 647 5170 ecclesiasticum
682 5099 828 5162 odicium
864 5099 1097 5176 pertinerent=
1193 5096 1942 5175 1100011000010100100101010111000010110,

306 5215 398 5277 spem
414 5200 524 5260 tamen
543 5197 740 5258 nonnullam
759 5197 790 5259 ei
812 5195 995 5266 adferebat,
1011 5197 1096 5276 quod
1152 5194 1847 5273 0010010110ωο0011010,111100101001010
1862 5210 1945 5256 con-

306 5296 459 5358 audierat
476 5295 583 5366 illum,
600 5289 801 5356 necessitate
824 5295 973 5370 cogente,
999 5293 1098 5371 idque
1152 5290 1247 5353 tusus
1270 5294 1332 5366 est,
1355 5295 1452 5369 rupto
1476 5292 1633 5354 diuturno
1650 5291 1796 5367 silentio,
1811 5293 1945 5368 prodire

305 5408 455 5474 perraro,
478 5391 603 5468 aliquid
624 5391 772 5454 litterate
796 5390 933 5452 dixisse.
955 5393 995 5453 nt
1008 5393 1098 5453 certe
1152 5389 1186 5450 in
1198 5388 1377 5466 publicum,
1393 5388 1714 5465 demandataqueiili
1724 5387 1944 5450 concionandi

1153 4854 1282 4914 Mtssus
1288 4853 1459 4928 prodeat
1473 4855 1946 4925 101100010100101010300-

1284 4952 1393 5028 diens,
1408 4950 1589 5012 hereticos
1603 4953 1817 5012 convincens.

189 5491 195 5498 '
305 5508 380 5555 curn
393 5491 506 5554 tantus
524 5489 579 5550 1110
591 5493 689 5562 00001,
707 5489 743 5551 01
758 5487 919 5552 memoria
934 5503 995 5566 pro
1010 5489 1098 5551 codi·
1151 5485 1338 5562 provincia,
1354 5487 1464 5549 cultor
1482 5487 1585 5548 eremi
1604 5487 1725 5548 missus
1737 5487 1789 5548 est
1802 5485 1844 5548 ad
1857 5501 1945 5561 010-

305 5590 398 5652 oibus
426 5589 585 5658 uteretur,
616 5589 650 5647 et
677 5586 809 5662 mystici
838 5586 962 5664 eloquii
988 5587 1096 5662 gratia
1151 5583 1326 5646 dicandum
1344 5584 1487 5646 Verbum
1509 5583 1579 5654 Dei,
1601 5584 1722 5660 dignus
1736 5583 1868 5682 quidem
1883 5581 1943 5644 tali
