4158 6380
130 218 166 282 41
603 213 933 276 Paobneonlntln.
956 243 997 260 -
1016 211 1282 275 TESTIMONIA.
1723 209 1764 270 42

130 373 243 437 «suut
263 369 338 432 fusa
355 369 437 451 (l)».
454 373 504 434 An
528 387 594 434 non
607 373 679 434 baec
692 371 827 432 humilis
848 371 915 434 elo·
973 388 992 431 c
1014 372 1144 444 mentis,
1155 371 1343 448 suspectum
1354 367 1766 446 redditurzpulehriorqne

130 469 261 550 quentia
277 469 418 544 simplex
436 470 467 530 et
486 469 672 546 incomptus
688 468 793 546 stylus
814 483 918 530 sacrae
973 467 1166 530 «enitescit
1190 469 1262 545 ipsa
1287 483 1347 528 sua
1372 467 1515 544 puritate
1538 465 1734 543 simplicitas
1756 485 1764 524 ε

132 567 319 642 Scripturas,
331 566 366 626 in
379 581 443 642 qna
459 581 524 625 non
534 565 758 642 prurientibus
780 564 917 625 auribus
974 581 992 626 c
1014 581 1087 642 quae
1109 565 1195 640 quod
1219 566 1352 626 mentiri
1373 564 1509 636 nesciat,
1523 579 1631 632 omne,
1644 578 1765 640 quam-

130 662 352 740 expeetandus
377 661 536 724 eadentiae
564 679 676 734 sonus,
702 662 759 723 sed
777 662 918 722 sinceris
972 660 1286 729 ‹visadornatum
1307 662 1525 738 compositum
1540 646 1765 722 velamentum

130 758 292 822 mentibus
314 759 512 834 requirenda
535 758 719 821 substantia
742 759 920 820 doctrinaet
973 774 992 817 ι
1014 758 1267 820 abhorret.»Ex
1279 757 1467 819 humilitate
1478 773 1558 833 ergo
1569 757 1722 818 Auctoris
1734 756 1767 817 et

129 861 210 918 Dum
220 855 259 914 ad
269 871 388 916 uanam
398 854 841 932 eloquentiametverbornm
850 870 920 916 cor·
974 853 1051 930 styli
1074 853 1155 915 satis
1171 854 1243 915 haee
1258 853 1507 914 commendatur
1521 852 1684 914 doctrina:
1757 865 1763 878 ¹

128 953 323 1016 ticemtotns
335 952 445 1013 adbuc
464 954 647 1014 attenderet
659 953 873 1027 Augustinus,
887 954 919 1013 et
1013 949 1119 1024 Atque
1127 964 1169 1009 ex
1177 948 1322 1025 ejusrita
1331 947 1615 1024 etexemplo,qnis
1624 947 1765 1022 ignorat,

131 1049 354 1124 cumprimum
367 1049 845 1126 legeretsacramScripturam
858 1045 918 1129 (2).
974 1061 1073 1121 qnam
1097 1043 1197 1120 digna
1213 1047 1256 1106 sit
1271 1044 1505 1106 venerationel
1520 1045 1649 1120 Optima
1669 1045 1768 1120 plene

130 1147 240 1207 «visa
255 1145 540 1223 estipsiindigna,
565 1163 663 1223 qnam
680 1147 844 1208 Tullianae
868 1146 921 1207 di·
975 1141 1026 1200 est
1046 1140 1111 1202 viri
1134 1140 1271 1201 humilis
1298 1139 1495 1202 humilitatis
1516 1140 1680 1208 doctrina,
1694 1156 1767 1216 quae

128 1243 289 1318 ‹gnitati
317 1245 525 1320 compararet
548 1260 555 1304 :
588 1245 697 1305 tumor
729 1243 817 1304 enim
848 1245 920 1320 ejus
974 1253 993 1296 c
1015 1238 1086 1299 sive
1101 1237 1265 1314 loquendo
1280 1237 1423 1299 instruat
1437 1235 1497 1316 (5),
1512 1236 1583 1298 sive
1598 1251 1767 1297 commen-

128 1358 147 1401 c
169 1339 232 1419 (sic
245 1339 317 1416 ipsc
328 1339 581 1419 deseloqnitnr)
590 1340 776 1416 refugiebat
788 1340 920 1400 modum
975 1351 993 1393 ιι
1015 1333 1171 1397 debiliter
1191 1333 1332 1395 tacendo
1356 1335 1515 1412 quiescat,
1538 1349 1668 1412 semper
1686 1349 1768 1394 nos-

128 1455 146 1500 «
167 1440 251 1513 ejus,
261 1439 293 1498 et
302 1438 392 1498 acies
400 1441 472 1514 ejus
480 1453 547 1498 non
559 1437 920 1514 penetrabatinteriora
975 1449 994 1492 ιι
1016 1431 1102 1492 citur
1117 1447 1190 1492 esse
1206 1431 1353 1508 prolicua
1370 1452 1378 1492 ι
1399 1432 1440 1492 de
1454 1432 1611 1494 thesauro
1628 1447 1769 1508 namque

129 1552 147 1593 ι
168 1537 240 1611 ejus
256 1555 262 1594 :
281 1534 340 1596 illa
356 1535 444 1596 enim
465 1537 548 1606 erat,
568 1551 641 1612 qnae
661 1536 826 1597 cresceret
847 1550 920 1594 cum
975 1545 994 1588 c
1015 1544 1076 1591 suo
1099 1529 1262 1590 bonorum
1287 1545 1435 1606 operum,
1450 1545 1523 1606 quae
1547 1530 1650 1605 gessit
1672 1529 1768 1588 rudi·
1856 1589 1861 1602 ,

127 1630 922 1707 cparvulis,illeautemdedignabaturessepar·
975 1627 1126 1688 «menta
1155 1627 1393 1703 pronuntians,
1422 1627 1610 1688 auditorum
1639 1626 1768 1688 animos

127 1745 145 1788 ιι
166 1728 277 1799 velus,
292 1730 325 1789 et
339 1729 491 1805 turgidus
505 1728 592 1790 lastn
606 1729 669 1790 sibi
681 1728 817 1804 grandis
828 1728 922 1788 vide·
975 1738 994 1781 s
1015 1723 1179 1784 convertit
1200 1723 1240 1784 ad
1264 1724 1406 1799 gratiam
1421 1746 1428 1783 ε
1446 1725 1626 1784 concordat
1648 1723 1769 1800 quippe

127 1843 145 1884 ιι
165 1824 355 1886 naturane
367 1841 485 1886 vereor
496 1841 537 1886 ne
547 1827 717 1900 contingat
726 1825 780 1896 iis,
792 1825 846 1900 qui
858 1824 920 1884 sibi
976 1835 994 1880 c
1015 1823 1088 1895 ejus
1103 1819 1172 1882 vita
1193 1836 1267 1881 cum
1287 1837 1380 1891 voce,
1397 1820 1642 1897 efficaciterque
1661 1821 1768 1882 bene-

127 1923 238 1998 magni
254 1923 420 1994 uidentur,
438 1925 470 1984 et
490 1922 631 1998 superbo
655 1922 767 1983 animo
791 1923 831 1982 ad
850 1922 920 1982 baec
975 1932 994 1975 s
1016 1916 1118 1977 dictio
1134 1917 1246 1978 divina
1265 1918 1448 1978 assentitur
1463 1918 1496 1978 in
1513 1933 1623 1994 opere.
1638 1934 1656 1977 r
1671 1918 1769 1978 Prius

127 2021 298 2081 Francisci
315 2017 421 2096 Opera
442 2021 580 2096 legenda
596 2020 815 2094 accesserint;
833 2020 866 2080 et
879 2035 920 2080 ne
976 2013 1092 2074 ardeat
1107 2014 1165 2074 lux
1179 2015 1214 2075 in
1228 2015 1337 2090 seipsa
1354 2015 1579 2076 necessarium
1595 2017 1655 2086 est,
1671 2031 1769 2092 quam

128 2115 203 2176 dum
228 2117 315 2178 banc
331 2117 515 2179 doctrinam
538 2119 707 2194 tamquam
720 2118 920 2193 incomptam

126 2214 295 2289 abjiciant,
319 2214 443 2290 absque
471 2215 580 2276 fructu
598 2215 739 2286 steriles,
757 2217 790 2274 et
811 2215 921 2274 mente

122 2311 232 2387 jejuni
245 2311 414 2373 recedant.
426 2313 489 2373 Sed
501 2311 784 2384 sianimchumili,
795 2312 831 2372 ut
844 2327 922 2386 par-

125 2407 205 2478 vuli,
223 2407 320 2469 lactis
336 2409 509 2484 sapientiae
534 2407 657 2484 cupidi,
675 2424 748 2468 eam
762 2408 920 2484 perlege-

125 2503 204 2575 rint,
231 2521 298 2565 non
318 2504 494 2566 verborum
514 2506 714 2582 compositas
740 2505 919 2576 orationes,

127 2617 193 2661 non
209 2601 324 2662 doctas
337 2601 476 2674 fabulas,
491 2619 557 2662 non
567 2603 738 2679 poetarum
748 2603 920 2677 figmenta,

127 2713 192 2760 non
219 2697 368 2769 facetiae,
387 2699 444 2759 sed
474 2699 708 2774 Evangelicam
737 2699 921 2760 doctrinam

128 2797 329 2871 qnaerentes3
347 2795 466 2857 uberes
481 2795 588 2858 sontes
603 2797 785 2866 invenient,
799 2795 921 2872 quibus

127 2907 305 2969 numquam
328 2893 439 2956 satiati
461 2893 569 2954 adbuc
596 2893 728 2964 sitient,
753 2893 858 2954 donec
879 2893 921 2953 ad

126 2990 227 3050 Deum
243 2989 367 3052 iontem
382 2991 493 3052 vivum
506 2991 677 3062 accedant,
695 2991 751 3067 qui
767 2991 923 3067 propinet

127 3087 207 3163 ipsis
222 3088 362 3148 calicem
377 3103 476 3162 equae
488 3091 577 3149 otoce
590 3088 747 3150 satietatis
760 3092 796 3148 te
812 3089 922 3148 vitent

129 3186 298 3246 ueternum
312 3183 509 3264 (Joan.,1v).
524 3185 636 3246 Facile
652 3185 739 3246 banc
750 3185 922 3245 Francisci

129 3282 201 3342 cin
243 3283 409 3359 loquendo
457 3283 703 3359 simplicitatem
748 3281 924 3343 excusabit

129 3395 146 3438 c
168 3380 396 3441 sanctimoniae
412 3380 558 3441 auctoris
574 3379 795 3454 magnitudo»
811 3378 873 3459 (3),
890 3380 924 3441 et

129 3477 306 3538 candidum
329 3477 478 3538 Lectoris
500 3477 671 3552 ingenium
694 3498 701 3536 ε
724 3476 922 3538 «bonorum

130 3589 148 3634 c
167 3575 256 3635 enim
272 3574 482 3650 ingeniorum
497 3573 638 3650 insignis
660 3576 710 3635 est
730 3574 872 3646 indulca,
885 3574 922 3634 in

130 3687 148 3728 c
168 3671 279 3732 verbis
294 3687 408 3732 verum
424 3686 547 3742 amare,
565 3687 631 3732 non
644 3670 745 3732 verba
759 3670 820 3749 (l).
838 3671 922 3744 Quid

130 3769 258 3829 «enim
291 3768 425 3846 prodest
456 3768 560 3830 clavis
592 3784 713 3840 aurea,
738 3769 767 3828 si
791 3769 923 3844 aperire

130 3880 148 3922 c
168 3867 255 3942 quod
267 3867 431 3938 volumus,
447 3881 514 3926 non
527 3865 654 3942 potestl
666 3865 725 3925 ant
738 3865 814 3941 quid
829 3865 924 3927 obest

131 3978 148 4021 c
169 3962 291 4038 lignea,
309 3963 337 4023 si
353 3963 416 4024 boc
436 3963 555 4039 potest,
572 3962 704 4039 qnando
726 3961 809 4022 nihil
826 3977 922 4038 quae-

131 4075 148 4118 ι
169 4061 285 4131 rimus,
306 4059 372 4120 nisi
394 4061 507 4136 patere
529 4059 614 4136 quod
631 4059 781 4120 clausum
797 4059 923 4121 estrat

131 4173 148 4216 c
170 4157 257 4218 sicut
271 4157 430 4218 effossum
443 4156 583 4217 informe
598 4173 717 4217 aurum
728 4157 761 4216 et
774 4156 868 4228 rude,
882 4172 921 4217 eo

131 4255 305 4316 «charius
329 4270 402 4316 esse
426 4255 526 4322 solet,
551 4254 637 4332 quod
662 4253 747 4314 nibil
771 4253 923 4315 videatur

132 4367 149 4410 c
170 4351 308 4413 alterius
330 4351 454 4413 metalli
477 4351 601 4412 babere
621 4352 834 4412 commixtum
852 4373 859 4411 :
877 4352 922 4412 ita

132 4463 150 4508 c
169 4450 303 4525 egregia
319 4453 542 4520 monumenta,
560 4465 621 4508 sna
636 4449 742 4525 ipsius
758 4450 923 4510 vetustate

132 4547 269 4622 «atque
297 4547 508 4623 simplicitate
532 4546 700 4616 micantia,
726 4537 844 4621 quibus
868 4561 923 4605 res

132 4657 149 4700 c
171 4644 279 4719 potius
295 4659 393 4720 qnam
407 4643 509 4704 uerba
525 4644 559 4702 in
575 4643 680 4719 pretio
705 4659 779 4704 esse
804 4643 921 4714 solent,

133 4741 297 4815 «gratior
320 4757 340 4801 a
362 4740 460 4817 plane
482 4743 580 4802 erunt
599 4743 697 4816 atque
708 4741 921 4817 jucundiora,

133 4853 150 4895 c
172 4839 287 4915 quovis
303 4840 425 4916 scripto
446 4837 642 4900 recentioris
661 4839 826 4909 Auctoris,
844 4839 923 4915 qni-

133 4950 150 4992 «
171 4935 372 5014 buseumqne
380 4937 577 5014 eloquentiae
587 4935 733 5011 phaleris
749 4936 921 4996 exornato,

133 5033 334 5110 «Quidquid
355 5033 444 5094 enim
469 5032 643 5095 obducitur
666 5031 741 5093 luco
766 5033 824 5094 aut
845 5033 922 5108 pig·

169 5161 193 5234 (t
230 5163 307 5222 ldem
321 5163 397 5232 eod,
408 5163 456 5221 lib.
471 5179 520 5232 vn,
535 5177 561 5220 c.
579 5166 605 5221 7.

169 5236 196 5306 (Ξ
229 5236 315 5308 Aug,
333 5237 351 5292 l.
366 5249 406 5303 ιιι,
424 5236 517 5305 Confi,
531 5249 556 5291 c.
571 5235 597 5290 5.

168 5307 196 5376 (3
231 5307 319 5376 llier,
336 5305 425 5378 Epist.
439 5306 499 5374 loe,
518 5305 553 5362 ed
569 5304 733 5363 Pamrnaclr.

168 5377 197 5448 (l
225 5377 312 5450 Aug,
324 5377 349 5434 l.
365 5379 404 5432 lle
416 5377 503 5432 doctr.
519 5376 694 5446 Ctrtsticno,
719 5391 745 5434 e.
762 5391 791 5446 ιι,
816 5378 922 5434 Βανοιι.

134 5451 202 5505 torn.
216 5451 256 5505 lll
269 5463 315 5504 au.
337 5448 443 5506 Ctrtst.
464 5447 525 5504 356.

170 5517 210 5591 td)
233 5519 315 5576 baur.
330 5521 400 5588 lust,
420 5518 453 5574 de
469 5518 532 5574 tho
548 5518 689 5587 solitario,
706 5532 731 5574 c.
747 5519 772 5576 7.

976 2111 1121 2187 ponatur
1144 2127 1243 2188 super
1267 2112 1504 2172 candelabrum
1520 2111 1578 2190 (6),
1604 2114 1638 2174 nt
1662 2111 1772 2174 luceat

977 2209 1130 2268 omnibus
1141 2210 1198 2285 qui
1210 2209 1245 2269 in
1256 2209 1352 2270 domo
1364 2211 1455 2284 sunt;
1469 2210 1503 2270 ot
1512 2210 1539 2270 si
1552 2210 1600 2270 sal
1613 2211 1648 2270 ln
1660 2211 1770 2285 seipso

977 2305 1176 2367 infatuatum
1209 2306 1324 2377 luerit,
1362 2306 1525 2383 quomodo
1560 2307 1770 2368 condimento

977 2402 1083 2478 ipsius
1109 2403 1228 2464 caetera
1254 2403 1438 2464 salientur?
1462 2404 1538 2464 ldec
1553 2405 1655 2466 vitam
1678 2406 1770 2482 prius
1847 2387 1852 2400 ⁵

978 2500 1190 2576 quaerendam
1217 2517 1316 2578 quarn
1343 2501 1538 2572 doctrinam,
1569 2503 1772 2578 significauit

977 2597 1101 2672 Regius
1115 2600 1214 2660 Vates
1227 2597 1286 2677 (7),
1303 2599 1394 2674 prius
1409 2597 1523 2659 beatos
1539 2599 1686 2660 clamans
1699 2616 1768 2672 eos,

977 2694 1073 2770 «qni
1098 2694 1303 2756 immaculati
1318 2696 1406 2756 viam
1431 2695 1531 2773 hujus
1553 2697 1666 2758 saeculi
1690 2712 1770 2773 per-

977 2809 995 2851 «
1018 2793 1202 2862 transeunt,
1220 2807 1354 2868 gressus
1375 2809 1453 2854 suos
1468 2795 1648 2856 secundum
1664 2796 1771 2871 legem

977 2905 995 2950 c
1017 2889 1199 2965 dirigentes
1216 2912 1223 2949 :
1239 2906 1337 2967 quam
1350 2906 1418 2962 eos,
1434 2891 1490 2968 qui
1503 2895 1695 2954 scrutantur
1709 2895 1772 2954 tes·

977 3003 995 3046 c
1016 2987 1156 3048 timonia
1173 2991 1245 3063 ejus
1261 3009 1268 3049 ι
1285 2989 1362 3050 ante
1376 2988 1465 3048 enim
1480 2989 1560 3060 utta,
1578 3007 1675 3068 quam
1691 2990 1772 3052 doc-

976 3101 995 3143 «
1016 3085 1105 3146 trina
1121 3086 1299 3162 quaerenda
1316 3088 1388 3148 est:
1404 3087 1473 3148 vita
1490 3087 1578 3147 enim
1594 3086 1679 3148 hona
1698 3088 1771 3150 sine

976 3182 1168 3244 «doctrina
1200 3183 1301 3244 habet
1323 3183 1494 3259 gratiam:
1520 3184 1672 3246 doctrina
1698 3186 1771 3248 sine

977 3281 1096 3351 «vita,
1121 3281 1345 3357 integritatem
1367 3297 1433 3342 non
1458 3281 1567 3344 habet.
1591 3283 1710 3344 »Hinc
1729 3283 1771 3344 de

976 3379 1057 3439 Jesu
1089 3379 1211 3440 dieitur
1244 3379 1385 3456 coepisse
1413 3379 1540 3448 lacere,
1568 3380 1602 3441 et
1633 3380 1770 3456 docere,

979 3491 1043 3551 quo
1072 3475 1145 3536 loco
1174 3475 1350 3538 verborum
1377 3477 1576 3554 antepositio
1592 3493 1659 3542 non
1682 3481 1774 3542 caret

978 3573 1147 3648 mysterio,
1176 3576 1209 3635 et
1234 3573 1306 3650 ipse
1335 3573 1376 3634 dc
1403 3574 1599 3636 Ductoribus
1631 3575 1771 3652 loquens

978 3669 1058 3731 dicit
1081 3691 1089 3729 :
1113 3673 1177 3738 oet
1200 3673 1317 3732 aretem
1331 3672 1464 3746 secertt,
1480 3672 1514 3734 et
1535 3674 1702 3740 onerent,
1718 3677 1773 3735 tto

977 3781 1124 3842 magneta
1146 3769 1324 3828 vocabitur
1345 3771 1382 3828 tn
1394 3771 1510 3843 aequo
1528 3773 1692 3830 caetorum
1710 3768 1770 3848 (8).

977 3863 1080 3924 Audis
1102 3864 1258 3940 quoniam
1284 3865 1441 3941 praecedit
1469 3863 1591 3926 lactum
1609 3862 1668 3945 (9),
1692 3866 1772 3927 sub-

978 3961 1127 4036 sequitur
1153 3961 1303 4022 doctrina
1332 3983 1340 4021 2
1370 3961 1534 4038 siqnidem
1561 3962 1769 4040 benefacere,

977 4057 1769 4135 primadoctrinacst.Gessantibusenimverbis,

978 4155 1041 4216 hoc
1063 4156 1170 4233 ipsum
1195 4157 1290 4218 docet
1311 4157 1464 4218 homines
1491 4173 1573 4234 opus
1597 4158 1768 4235 optimum,

977 4253 1055 4312 dum
1081 4253 1212 4316 videtur
1237 4271 1245 4314 :
1270 4255 1356 4331 quod
1386 4256 1448 4317 etsi
1473 4271 1554 4316 voce
1580 4273 1680 4318 aures
1704 4274 1772 4320 non

978 4351 1110 4422 excitet,
1135 4352 1257 4413 virtute
1287 4353 1398 4413 tamen
1429 4353 1528 4414 corde
1560 4357 1770 4432 compungat.

979 4449 1058 4519 Quis
1082 4449 1171 4509 enim
1191 4449 1313 4510 bonum
1329 4449 1451 4511 lactum
1472 4450 1588 4511 videns
1603 4468 1669 4512 non
1683 4468 1771 4528 gau·

979 4545 1065 4616 deat,
1093 4546 1248 4618 miretur,
1278 4547 1440 4618 imitetur,
1472 4563 1511 4608 ac
1539 4549 1639 4609 veluti
1669 4550 1770 4612 tacito

979 4643 1137 4718 magistro
1165 4645 1281 4714 utens,
1310 4646 1382 4720 ejus
1411 4644 1563 4720 exemplo
1592 4645 1772 4708 doceatur?

979 4740 1081 4801 Dictis
1107 4741 1211 4814 igitur
1235 4740 1321 4802 lacta
1337 4741 1538 4817 praecedunt.
1558 4743 1671 4802 inanis
1693 4759 1772 4821 ergo

978 4837 1011 4898 et
1031 4836 1204 4926 fidicula,
1242 4837 1499 4910 contemnenda,
1536 4839 1772 4920 hypocrisique

978 4934 1196 5010 plena,vana,
1211 4935 1350 5001 inutilis.
1365 4935 1518 5008 mendax,
1532 4939 1564 4999 et
1579 4940 1630 4998 sui
1650 4943 1770 5002 aucto-

978 5032 1025 5094 ris
1050 5031 1197 5101 inimica,
1219 5049 1320 5110 quum
1349 5034 1393 5094 sit
1415 5033 1567 5096 doctrina
1593 5053 1666 5113 quae
1691 5053 1772 5100 aue

1015 5163 1054 5236 (6)
1075 5165 1166 5232 blett,
1182 5179 1221 5220 ιιι.

981 5307 986 5318 Ι
1015 5235 1253 5316 (illusionum,
1270 5234 1296 5290 ln
1313 5235 1401 5308 princ.
1416 5235 1514 5294 Ambr.
1535 5239 1562 5294 ln
1578 5239 1653 5296 Psal.
1674 5255 1770 5311 cxvnr,

979 5319 1152 5446 mlssmltlceu.
1168 5391 1196 5434 v.

980 5445 1179 5573 anglumlmbr.
1209 5447 1239 5504 tn
1260 5447 1348 5505 Saum.
1373 5449 1406 5506 de
1434 5450 1538 5508 Coum.
1566 5452 1690 5524 Mortgr.
1721 5467 1774 5522 per
