4152 6388
136 404 203 466 325

137 563 274 642 quidem
293 571 357 638 ago
381 563 554 640 parvulus,
570 563 725 641 simplex,
746 565 779 626 et
792 565 933 641 imperi-

132 663 194 722 tus
209 675 375 731 sermone,
400 662 560 737 majorem
577 661 695 722 orandi
714 662 827 738 accepi
851 677 933 738 gra-

138 757 234 831 tiam,
251 771 349 833 quam
363 756 531 833 loquendi.
545 757 685 820 Videtur
697 759 797 820 etiam
812 759 847 819 in
858 775 936 822 ora·
950 801 956 812 .

138 855 231 916 done
252 853 393 924 lucrum,
421 855 454 914 et
472 854 652 916 cumulatio
676 855 872 930 gratiarum,
899 856 935 916 in

139 949 379 1027 praedicatione
393 950 581 1012 distributio
603 950 754 1028 quaedam
773 951 935 1012 donorum

139 1047 274 1110 coelitus
287 1050 511 1124 acceptorum.
534 1048 738 1110 lucratione
753 1049 853 1110 etiam
870 1065 935 1126 pu-

136 1145 282 1208 rificatio
296 1144 494 1208 interiorum
509 1145 699 1218 affectuum,
717 1146 750 1208 et
764 1145 870 1207 unitio
883 1144 936 1207 ad

139 1254 247 1304 unum
261 1256 377 1304 verum
392 1242 424 1303 et
437 1255 602 1304 summum
616 1242 739 1304 bonum
750 1259 824 1304 cum
839 1243 936 1319 vigo-

140 1340 274 1402 raiione
294 1339 449 1416 virtutie3
468 1340 504 1400 in
520 1339 758 1416 praedicatione
779 1340 938 1416 spiritua-

140 1437 226 1498 lium
255 1435 473 1512 pulverizatio
497 1436 628 1514 pedum,
649 1436 822 1499 distractio
846 1437 937 1498 circa

140 1533 259 1604 multa,
284 1534 318 1594 et
344 1531 510 1594 relaxatio
529 1532 726 1610 discipliuae.
742 1533 888 1595 Tandem
902 1534 938 1594 in

139 1629 295 1692 oratione
313 1631 417 1690 Deum
446 1629 658 1706 alloquimur,
679 1631 888 1702 etaudimus,
904 1630 938 1692 et

140 1726 240 1805 quasi
263 1725 450 1802 angelicam
470 1726 574 1790 vitam
594 1729 744 1802 agentes,
766 1727 857 1789 inter
870 1743 936 1788 an·-

139 1824 236 1902 gclos
250 1837 506 1899 conversamur,
529 1824 565 1885 in
584 1824 820 1901 predicatione
834 1824 937 1886 multa

139 1922 275 1999 oportet
299 1921 581 2004 condescensione
599 1921 649 1982 uti
663 1920 704 1982 ad
724 1920 888 1994 homines,
905 1923 939 1983 at
1044 1975 1045 1978 ,

138 2018 287 2080 bumana
295 2017 610 2090 intersaevivendo,
620 2017 766 2080 bumana
777 2019 935 2096 cogitare,

139 2115 268 2188 vidore,
285 2115 408 2187 dicere,
431 2116 465 2177 et
478 2115 607 2176 audire.
634 2115 699 2176 Sed
720 2129 822 2176 unum
837 2117 888 2204 <apt
902 2115 938 2176 in

140 2213 360 2285 cordarium,
376 2213 461 2289 quod
475 2211 605 2275 videtur
613 2213 869 2289 praeponderare
884 2212 937 2274 bis

140 2309 297 2372 omnibus
314 2311 394 2372 ante
408 2312 523 2381 Deum,
542 2309 631 2386 quod
645 2309 800 2372 videlieet
819 2309 938 2384 unige-

139 2407 233 2470 nitus
248 2407 307 2468 Dei
327 2407 445 2476 Filius,
470 2407 527 2483 ¹qul
539 2409 592 2469 est
606 2407 776 2482 sapientia
795 2421 935 2480 summa,

139 2504 278 2581 propter
303 2503 491 2565 animarum
517 2503 657 2566 salutem
680 2505 723 2564 de
736 2505 813 2565 sinu
827 2504 937 2566 Patria

140 2599 326 2673 descendit,
343 2602 379 2662 ut
392 2615 453 2662 suo
465 2600 623 2662 mundum
636 2599 938 2662 informansexem·

140 2697 209 2775 plo,
223 2696 361 2760 verbum
376 2696 497 2758 salutis
519 2696 709 2760 bominibus
732 2698 935 2774 loqueretur.

139 2811 225 2874 quos
246 2795 335 2856 sacri
359 2794 534 2870 sanguinis
562 2795 669 2871 pretio
696 2795 886 2867 redimeret,
905 2796 938 2857 et

139 2891 339 2954 emundaret
357 2891 503 2959 lavacro,
526 2892 561 2953 et
583 2892 703 2968 poculo
724 2893 934 2964 sustentaret,

140 2989 228 3050 nibil
241 2988 308 3050 sibi
321 2987 457 3051 omnino
480 2997 677 3061 reservans,
696 2989 785 3065 quod
808 3004 875 3050 non
902 2989 936 3050 in

140 3085 284 3148 salumin
312 3085 460 3146 nostram
486 3085 671 3148 liberaliter
685 3096 688 3104 ·
702 3087 865 3161 erogaret
895 3086 937 3146 Et

141 3186 222 3262 quia
256 3181 414 3244 debemus
462 3182 573 3244 omnia
607 3183 718 3244 facem
755 3183 936 3244 secundum

140 3280 315 3358 exemplar
324 3291 441 3340 eorum
452 3295 525 3364 quaa
539 3279 690 3340 videmus
702 3280 737 3340 in
752 3280 836 3356 ipso,
849 3281 938 3341 tam·

141 3393 242 3457 quam
256 3377 292 3438 ln
305 3377 417 3438 monte
434 3374 579 3447 sublimi,
603 3375 735 3438 videtur
749 3379 817 3438 Deo
831 3378 936 3452 magis

139 3475 310 3554 placitum,
323 3471 408 3549 quod
420 3472 611 3534 intermissa
622 3473 732 3550 quiete
740 3471 831 3534 foras
839 3489 937 3549 egre·

140 3573 275 3636 diamur
300 3569 341 3630 ad
365 3568 523 3630 laborem.
545 3568 630 3642 Quid
645 3569 681 3632 in
703 3569 767 3632 bac
781 3586 819 3633 re
841 3569 935 3634 vobis

139 3666 305 3739 videatur,
322 3665 496 3728 consulite.

388 3866 591 3941 connino
613 3879 682 3941 xv.

159 4012 210 4071 Da
221 4011 348 4073 litteris
361 4013 643 4084 immutantibus,
659 4013 693 4074 et
707 4012 911 4074 doctoribus.

163 4169 170 4212 ·.
180 4151 325 4225 Fratres,
342 4154 399 4230 qul
423 4153 573 4216 scientiae
588 4154 783 4217 curiositate
801 4153 934 4215 ducun-

138 4249 206 4320 tur,
234 4249 270 4310 ia
299 4248 353 4312 dio
376 4249 603 4312 tribulationis
619 4251 792 4313 invenient
814 4266 934 4313 manus

493 377 1140 470 reserarem-nonnar1onns
1165 407 1432 470 nontamen.

1720 407 1782 469 326

988 564 1781 639 edificandialios,dimittentvooationamsuam,

988 661 1143 725 videlicet
1157 664 1306 724 sanctam
1321 662 1555 734 bumilitatem,
1570 671 1687 748 puram
1701 664 1783 724 slm-

989 759 1182 835 plicitatem,
1195 761 1390 831 orationem,
1408 762 1440 822 et
1450 761 1670 833 devotionem,
1681 763 1782 838 atqua

988 854 1156 916 dominam
1178 857 1324 918 nostram
1340 859 1577 933 paupertatem.
1594 859 1633 920 nt
1647 860 1782 920 contin-

989 953 1045 1028 gat
1065 953 1144 1025 illis,
1166 953 1252 1030 quod
1277 953 1364 1014 undo
1379 954 1540 1031 putabunt
1559 955 1666 1031 magis
1682 956 1801 1025 imbui,

991 1064 1050 1110 seu
1065 1050 1196 1126 impleri
1211 1050 1397 1122 devotione,
1415 1052 1446 1113 et
1461 1053 1599 1112 accendi
1612 1068 1737 1125 amore,
1751 1053 1785 1116 et

991 1143 1176 1205 illuminari
1191 1145 1249 1206 Dei
1271 1145 1461 1220 cognitione
1482 1147 1784 1222 propterintellec-

989 1241 1060 1302 tum
1086 1242 1280 1318 Scripturae,
1303 1241 1381 1302 inde
1405 1243 1661 1304 occasionaliter
1672 1260 1786 1306 rema-

991 1337 1115 1400 nebunt
1129 1339 1220 1400 intus
1235 1338 1348 1413 frigidi
1368 1340 1401 1401 et
1412 1339 1522 1410 vacui,
1539 1340 1572 1401 et
1586 1339 1635 1400 sic
1649 1341 1690 1400 ad
1703 1342 1787 1418 pris·

991 1434 1312 1498 tinamvoeationem
1324 1435 1435 1496 redire
1451 1438 1785 1514 conpulerantque

991 1532 1783 1608 tempusvlvendisecundumvocationemsuam‚

989 1627 1027 1688 in
1040 1634 1126 1690 vano
1136 1630 1169 1690 et
1185 1627 1268 1690 falso
1284 1629 1393 1691 studio
1408 1629 1603 1692 amiserunt

1230 1895 1432 1958 contario
1460 1897 1545 1958 XVI.

990 2053 994 2058 ·
1032 2045 1195 2106 Davantr
1217 2045 1251 2106 et
1279 2045 1420 2108 mmtdts
1438 2048 1740 2120 praedicatoribus.

1031 2212 1127 2273 Multi
1153 2214 1231 2275 sunt
1254 2211 1387 2288 fratros,
1407 2215 1464 2292 qui
1478 2217 1582 2278 totum
1598 2234 1694 2280 suum
1710 2222 1785 2283 stu·-

991 2308 1082 2369 diurn
1101 2311 1134 2372 et
1154 2312 1258 2372 totam
1274 2327 1368 2372 suam
1383 2313 1643 2375 sollicitudinem
1659 2321 1787 2392 ponunt

990 2405 1026 2465 in
1037 2407 1240 2483 acquirendo
1257 2409 1444 2480 scientiam,
1460 2411 1665 2474 dimittentes
1681 2427 1785 2476 voca-

991 2503 1116 2564 tiouem
1136 2519 1231 2564 auam
1249 2509 1410 2578 muctam,
1434 2508 1633 2572 extrariam
1649 2510 1787 2572 bumili-

990 2600 1069 2662 tatis
1093 2602 1127 2662 ct
1148 2603 1450 2664 sanctaeorationis
1468 2606 1625 2669 manicat
1646 2621 1786 2684 corpore

991 2697 1186 2774 evagando:
1203 2698 1352 2775 quicum
1376 2701 1497 2777 populo
1517 2703 1784 2779 praedicaverint,
1825 2723 1833 2740 ·
1887 2775 1891 2790 1
2009 2680 2013 2688 ’

990 2795 1025 2856 et
1044 2794 1201 2857 noverint
1222 2795 1354 2872 aliquos
1380 2796 1457 2858 inde
1477 2799 1651 2872 edificari,
1667 2803 1720 2863 vel
1742 2805 1784 2865 ad

991 2892 1219 2968 poenitentiam
1229 2894 1391 2965 converti,
1401 2895 1613 2968 inmutaret
1621 2901 1786 2964 extollunt

991 2989 1080 3049 teda
1095 3003 1196 3066 opero
1211 2989 1244 3051 et
1256 2989 1486 3066 lucroalieno,
1497 3005 1572 3053 cum
1591 2997 1702 3056 tamen
1712 3013 1786 3058 rna-

990 3085 1042 3160 gis
1055 3085 1090 3145 in
1110 3084 1417 3147 condemnationem
1438 3090 1471 3148 et
1497 3089 1532 3148 ln
1555 3094 1786 3170 prejudicium
1918 3135 1920 3142 ι

991 3197 1088 3242 annm
1098 3181 1365 3257 praedicaverint,
1383 3185 1421 3246 et
1432 3185 1518 3245 nibil
1537 3187 1584 3247 ibi
1601 3191 1784 3257 secundum

990 3279 1164 3340 imitatem
1186 3280 1317 3356 operati
1355 3279 1509 3354 fuerint,
1538 3285 1603 3345 nisi
1627 3287 1784 3364 unquam

990 3375 1213 3438 instrumenta
1234 3377 1381 3445 illorum,
1400 3394 1462 3455 per
1476 3395 1558 3458 qnos
1572 3397 1653 3446 vere
1670 3385 1784 3447 Domi-

989 3488 1052 3534 nus
1078 3471 1223 3534 fructum
1254 3473 1448 3551 hujusmodi
1481 3479 1669 3555 acquisivit.
1698 3481 1785 3544 Nam

990 3585 1072 3646 quos
1083 3569 1224 3631 credunt
1237 3573 1374 3648 propter
1383 3574 1562 3636 scientiam
1576 3579 1610 3638 et
1620 3579 1786 3652 praedica·-

988 3667 1113 3729 tionem
1128 3683 1223 3728 suam
1248 3667 1420 3740 aedificari,
1445 3672 1534 3732 etad
1555 3675 1785 3750 poenitentiam

990 3764 1149 3836 mntem,
1167 3764 1326 3826 Dominus
1345 3767 1555 3828 orationibus
1574 3771 1607 3832 et
1627 3771 1784 3848 lacrymis

990 3861 1179 3922 sanctorum
1195 3875 1390 3938 pauperum,
1403 3862 1590 3937 humilium,
1607 3869 1641 3928 et
1652 3868 1786 3945 simpli-

989 3945 1077 4017 cium
1101 3955 1241 4018 fratrum
1270 3957 1413 4020 aedificat
1438 3959 1471 4022 et
1504 3964 1677 4037 convertit,
1705 3965 1785 4027 licet

989 4053 1053 4130 ipsi
1075 4053 1182 4115 sancti
1204 4052 1323 4117 fratrea
1348 4056 1384 4117 ut
1412 4056 1592 4132 plurimum
1617 4061 1781 4136 ignorent.

990 4151 1045 4213 Sic
1058 4149 1146 4211 enim
1156 4152 1208 4212 est
1220 4150 1375 4213 voluntas
1388 4153 1462 4224 Dei,
1480 4155 1608 4217 utillud
1619 4159 1781 4233 nesciant,

988 4262 1030 4309 ne
1042 4247 1119 4308 inde
1133 4245 1268 4310 valeant
1279 4246 1463 4325 superbire.

139 4359 219 4406 suas
230 4359 369 4407 vacuas.
393 4345 471 4408 Ideo
485 4347 604 4409 vellem
628 4363 686 4409 eos
707 4348 815 4423 magis
830 4347 932 4410 robo-
1028 4342 1086 4404 Isti
1101 4344 1188 4415 sunt,
1212 4342 1332 4405 fratres
1351 4344 1427 4417 mei,
1445 4345 1568 4409 milltes
1584 4349 1707 4413 tabulae
1721 4368 1782 4414 ro·¹

137 4441 210 4502 rari
230 4438 425 4516 virtutibus,
451 4445 487 4505 ut
507 4458 582 4503 cum
597 4445 726 4520 tempus
742 4443 934 4506 tribulatio-
987 4429 1111 4511 lunae,
1132 4439 1191 4516 qui
1210 4439 1398 4502 latitantia
1417 4443 1573 4516 desertis,
1587 4447 1623 4508 et
1646 4449 1680 4508 in
1699 4449 1782 4510 locis

137 4537 194 4598 nis
218 4539 360 4612 venerit,
389 4553 502 4601 secum
526 4539 689 4602 baberent
703 4541 879 4602 Dominum
898 4541 933 4600 in
987 4537 1134 4610 remotis,
1163 4539 1200 4599 ut
1226 4537 1420 4614 diligentius
1444 4545 1564 4604 vacent
1584 4545 1727 4606 orationi
1750 4546 1784 4610 et

137 4635 934 4714 angustia.Venturaestenimtrlbulatio,quan-
988 4629 1207 4706 msditationt‚
1233 4649 1294 4716 sua
1321 4637 1355 4696 et
1379 4635 1521 4697 aliorum
1544 4643 1680 4715 peccata
1703 4643 1780 4719 plo-

137 4725 181 4792 do
206 4723 286 4792 libri
312 4731 354 4794 ad
379 4732 522 4794 nibilum
544 4732 642 4794 utiles
664 4733 702 4794 ln
723 4731 878 4795 fenestris
899 4733 934 4794 et
987 4729 1111 4802 rantes,
1141 4729 1292 4792 virentes
1316 4731 1524 4808 simpliciter,
1553 4737 1587 4798 et
1609 4735 1782 4801 bumillter

136 4827 276 4889 latebre
290 4829 518 4905 projiciantur.
529 4829 618 4890 Nolo
630 4828 751 4891 fratres
763 4843 855 4891 meos
868 4845 932 4890 cu-
987 4828 1233 4898 conversantes,
1250 4842 1390 4904 quorum
1405 4830 1566 4892 sanctitas
1581 4847 1601 4894 a
1619 4833 1686 4896 lieo
1699 4851 1781 4913 cog-

136 4921 234 5001 pidos
244 4935 320 4986 esse
331 4926 495 4999 scientiae,
506 4925 932 4996 etlibrorum,seduoloeos
986 4923 1145 4994 arantur,
1168 4921 1402 5000 utaliquando
1426 4924 1586 4989 lintribus
1610 4931 1644 4990 et
1666 4929 1778 4993 bomi-

136 5015 273 5082 fundari
287 5031 389 5098 super
402 5023 552 5084 sanctam
566 5023 799 5094 bumilitatem,
812 5023 847 5084 et
860 5022 933 5082 imi·
986 5019 1083 5081 nibus
1098 5021 1150 5082 est
1163 5019 1288 5124 ignota.
1310 5023 1436 5082 Horum
1453 5024 1574 5086 animae
1592 5025 1635 5087 ab
1650 5031 1778 5106 angelis

136 5115 605 5196 taripuramsimplicltatem,
634 5119 782 5180 saneim
800 5118 931 5180 oratio-
986 5119 1053 5177 Deo
1080 5116 1400 5193 prmsentabuutur:
1426 5120 1507 5180 tuno
1534 5123 1693 5186 Dominus
1719 5143 1778 5188 os·-

137 5227 233 5287 nem,
259 5218 295 5277 et
317 5215 485 5276 dominam
510 5217 750 5292 paupertatem.
777 5217 856 5276 llaec
876 5215 931 5278 via
985 5213 1098 5274 tendet
1118 5213 1186 5274 illis
1200 5211 1344 5274 fructum
1367 5217 1400 5276 et
1419 5217 1605 5280 mercedem
1626 5220 1777 5286 laborum

136 5311 211 5372 sola
233 5313 287 5372 est
307 5325 429 5373 secura
453 5311 493 5373 ad
520 5312 660 5374 salutern
689 5312 874 5389 propriam,
898 5313 933 5374 et
986 5322 1132 5380 suorum,
1148 5310 1314 5383 videlicet,
1330 5312 1451 5373 multas
1466 5315 1606 5388 animas,
1621 5322 1777 5394 quaesuis

136 5408 283 5470 aliorum
298 5409 573 5476 aedificationem,
586 5407 746 5485 quonlam
761 5409 930 5481 tibristus,
986 5405 1158 5482 exemplis,
1170 5406 1387 5476 orationibus,
1400 5411 1434 5470 et
1448 5410 1605 5488 lacrymis
1617 5418 1695 5478 sunt
1709 5417 1779 5479 sal·

137 5503 181 5566 ad
204 5507 303 5580 ¹cujas
316 5505 538 5567 imitationem
565 5505 675 5566 vocati
699 5507 778 5566 sant
797 5504 929 5577 fratres,
985 5505 1081 5565 vatae.
1104 5503 1144 5565 nt
1162 5495 1250 5566 dicet
1263 5503 1332 5566 illis
1348 5525 1356 5565 ε
1373 5506 1451 5568 iiiiii
1472 5507 1538 5570 mei
1556 5509 1682 5584 dilecti,
1699 5530 1776 5578 ecce

136 5599 226 5688 lianc
252 5598 359 5660 solam
378 5598 474 5660 nobis
487 5598 642 5670 ostendit,
656 5599 690 5660 et
703 5598 815 5661 docuit
828 5599 931 5661 verbo
984 5600 1034 5662 tot
1047 5600 1080 5662 et
1093 5599 1177 5660 tales
1192 5601 1312 5663 animae
1327 5601 1463 5664 salvatae
1478 5607 1556 5666 sunt
1567 5610 1688 5670 vestris
1702 5625 1777 5674 ora·

129 5695 480 5772 -pariteretexemplo
497 5695 592 5756 Multi
608 5695 738 5766 fratres
755 5695 931 5758 occasions
984 5694 1156 5768 tionibus,
1172 5695 1340 5774 lacrymis,
1370 5700 1403 5761 et
1432 5701 1605 5778 eraanplis.
1631 5707 1672 5768 lit
1697 5711 1777 5784 piria
