4184 6410
335 320 392 382 uti

334 493 414 541 sarm
422 468 772 552 pastorc0›ao(1).nt
786 482 887 545 super
899 467 1009 529 virum
1025 463 1133 527 cohae-

335 574 449 637 redem
464 571 566 642 mihi;
590 567 676 630 idest
699 581 800 643 super
819 564 970 627 eumdem
997 563 1130 634 Filium,

337 671 451 748 quiin
479 668 606 728 unitate
638 664 830 726 substantiae
859 661 942 722 mihi
975 661 1130 722 cohaeret.

337 769 419 829 Cum
427 766 529 842 igitur
540 779 646 840 poenae
666 762 793 824 tramea
808 760 1018 821 suscitetura
1033 758 1133 818 Patre

337 864 451 926 contra
474 861 607 932 Filium,
631 863 665 922 et
687 860 869 928 Pastorem,
887 871 961 916 cum
975 854 1132 914 immunis

336 961 438 1022 tuerit
459 975 479 1020 a
503 959 640 1035 peccato
671 979 678 1016 :
704 956 842 1017 multum
871 951 1054 1015 timendum
1084 952 1134 1012 θεῖ

338 1073 435 1120 servo
448 1057 559 1118 inutili
572 1057 614 1116 de
628 1070 737 1131 poena,
759 1069 833 1114 cum
849 1049 1026 1127 multiplici
1042 1049 1132 1109 irre·

335 1157 418 1219 titus
431 1153 532 1215 luerit
547 1152 654 1228 culpa.
680 1151 774 1211 Unde
794 1148 977 1210 Ezechielis
993 1143 1105 1226 (1,25)
1123 1161 1130 1205 :

339 1253 452 1314 «Cum
468 1251 562 1311 tieret
585 1265 652 1310 vox
663 1262 763 1323 super
775 1245 1030 1315 firmamentum,
1046 1242 1132 1320 quod

337 1349 412 1410 erat
425 1363 525 1425 super
535 1346 635 1422 caput
648 1360 773 1416 eorum,
791 1343 933 1409 stabant,
946 1343 978 1403 et
994 1341 1134 1401 submit-

339 1445 454 1509 tebant
467 1445 542 1504 alas
560 1458 648 1504 suas.
662 1442 949 1502 »Firmamentum
971 1437 1060 1499 istud
1085 1437 1134 1498 est

341 1543 504 1614 Christus,
522 1541 578 1617 qui
593 1540 644 1601 θεῖ
658 1554 759 1616 super
769 1539 867 1615 caput
881 1537 1042 1609 nostrum,
1056 1535 1134 1612 quia

338 1638 645 1717 incomparabiliter
655 1637 790 1698 excellit
800 1651 896 1697 omne
907 1650 989 1711 opus
999 1633 1132 1704 bonum,

341 1740 375 1800 et
400 1753 530 1800 omnem
549 1735 715 1812 justitiam
738 1735 898 1795 nostram.
928 1733 1009 1792 (ium
1034 1730 1136 1806 igitur

339 1835 398 1897 ilat
410 1851 476 1898 vox
490 1848 591 1910 super
605 1833 725 1909 ipsum,
739 1831 855 1903 restat,
871 1829 907 1890 ut
921 1843 981 1890 nos
997 1827 1137 1888 submit-

340 1933 450 1993 tamus
462 1930 534 1990 alas
553 1929 697 2000 nostras,
716 1926 805 1990 idest
825 1925 912 1987 bona
925 1939 1038 2001 opera,
1056 1922 1134 2001 qui-

337 2027 400 2089 bus
421 2028 456 2088 in
472 2026 577 2088 altum
602 2025 774 2088 volamus:
790 2037 853 2084 noc
873 2022 1075 2098 reputemus,
1096 2035 1136 2081 ea

338 2141 411 2188 esse
426 2124 569 2200 alicuius
583 2122 756 2194 momenti,
771 2121 824 2184 vel
839 2119 975 2183 valerie.

379 2222 537 2300 Sequitur
554 2224 617 2281 :dc
632 2221 862 2280 macconis.
886 2216 985 2277 Canis
1009 2215 1072 2276 iste
1086 2214 1136 2276 θεῖ

336 2318 501 2390 diabolus,
519 2315 777 2394 quiindiscrete‚
796 2317 829 2376 et
841 2315 914 2375 sine
931 2310 1136 2375 causanobis

338 2401 491 2487 oblatrat,
509 2431 571 2475 nec
586 2429 647 2475 uos
660 2413 740 2474 sinit
752 2411 891 2488 pacidce
907 2409 1063 2472 incedere
1078 2424 1138 2485 per

340 2515 442 2576 viam.
471 2513 562 2573 Licet
584 2511 673 2572 euim
702 2510 737 2570 in
768 2506 1137 2586 quibusdam-latrandi

339 2627 475 2673 causam
488 2625 555 2670 non
569 2608 701 2680 hebeat,
718 2608 754 2666 in
769 2607 824 2668 ria
843 2603 1033 2683 hujusmodi
1046 2619 1138 2664 sem-

340 2706 585 2786 perinquietat,
603 2707 636 2766 et
657 2719 716 2780 per
730 2719 868 2779 pravam
892 2702 1138 2777 suggestionem

338 2805 490 2866 lacerare
499 2803 614 2865 tentat.
626 2802 689 2862 Hic
701 2801 752 2863 θεῖ
761 2800 820 2862 ille
832 2815 894 2862 rex
905 2798 1014 2862 Sehon
1025 2801 1138 2859 Amor-

338 2903 518 2973 rhaeorum,
535 2899 575 2960 de
596 2915 661 2978 quo
682 2899 804 2974 legitur
827 2899 1049 2958 Numerorum
1070 2893 1136 2974 (21,

338 2997 405 3078 22),
428 2997 515 3075 quod
540 2997 601 3058 dlii
626 2995 730 3057 Israel
760 2994 964 3070 rogaverunt
990 3008 1077 3067 eum,
1103 2993 1138 3054 ut

341 3111 399 3157 eos
420 3094 575 3157 incedere
597 3093 803 3170 permitteret
817 3107 878 3168 per
889 3092 1013 3153 terram
1030 3105 1135 3162 suam,

340 3193 488 3254 dicentes
522 3213 530 3251 ι
562 3192 638 3251 Non
675 3189 915 3251 declinabimus
951 3189 986 3249 in
1021 3187 1137 3248 vineas

340 3291 429 3361 tuas,
469 3288 523 3351 vel
551 3288 586 3347 in
621 3302 720 3362 agros
756 3287 847 3357 tuos,
884 3300 946 3346 nec
986 3283 1138 3345 bibemus

340 3401 446 3463 aquas
481 3399 525 3446 ex
556 3384 666 3460 puteis
698 3383 777 3444 tuis.
814 3382 925 3444 Sehon
962 3381 1137 3458 interpre-

339 3483 430 3545 tatur
448 3482 588 3544 tentatio
610 3480 793 3543 oculorum.
814 3478 877 3540 Hic
897 3480 948 3543 est
973 3477 1135 3550 diabolus,

342 3581 399 3658 qui
413 3580 554 3642 diversae
573 3577 768 3642 tentationis
790 3573 896 3641 oculis
911 3576 1066 3638 humanis
1081 3575 1136 3636 la-

340 3691 443 3756 queos
462 3676 567 3753 ponit.
594 3675 657 3748 Qui
678 3674 763 3735 bene
785 3673 908 3735 dicitur
929 3689 990 3734 rex
1012 3677 1136 3734 Amor-

339 3776 518 3847 rhaeorum,
530 3775 588 3852 qui
598 3772 837 3850 interpretatur
847 3772 1047 3832 amaricans.
1058 3769 1137 3831 Post

340 3873 557 3936 tentationem
570 3871 659 3932 enim
673 3869 857 3942 oculorum,
867 3883 1039 3946 poenarum
1050 3883 1137 3928 ama-

340 3970 520 4032 ritudinem
533 3969 666 4044 infligit.
684 3969 780 4028 Hunc
794 3967 951 4028 debemus
963 3981 1095 4040 rogare,
1108 3965 1137 4024 si

340 4067 502 4128 israelitae
517 4079 642 4136 eumue,
667 4065 703 4125 ut
717 4064 885 4139 permittat
908 4077 970 4122 nos
995 4077 1054 4137 per
1067 4061 1138 4122 tor-

338 4179 422 4234 rem,
439 4163 525 4224 idest
542 4177 601 4238 per
614 4159 774 4234 mundun,
787 4160 823 4220 iu
834 4175 899 4236 quo
921 4159 1034 4220 mundi
1050 4173 1138 4218 ama·

340 4264 432 4322 tores
470 4258 629 4337 possidet,
657 4257 803 4320 transire
839 4257 912 4318 sine
940 4257 1134 4318 tentatione.

341 4357 433 4430 Quod
459 4357 489 4417 si
513 4355 696 4417 dixerimus
716 4355 812 4416 :Non
841 4353 1082 4416 declinabimus
1100 4353 1137 4414 in

338 4455 456 4518 vineas
477 4455 561 4523 tuas,
584 4466 715 4531 semper
733 4453 845 4514 tamen
865 4451 960 4513 nobis
980 4450 1134 4512 oblatrat.

341 4553 404 4614 Sed
418 4567 491 4631 quae
502 4551 579 4614 sunt
590 4552 663 4612 istae
677 4549 797 4622 vineae,
814 4549 944 4626 inques
958 4562 1023 4608 nou
1037 4545 1138 4608 debe·

339 4666 413 4712 mus
442 4649 633 4712 declinaret
659 4647 742 4720 illae,
769 4645 957 4724 dequibus
982 4643 1136 4710 dicitur:¹

340 4749 442 4810 <Uva
464 4763 579 4810 eorum
603 4761 667 4808 uva
682 4744 780 4816 tellis,
798 4745 830 4805 et
856 4743 942 4804 botri
959 4741 1136 4802 amarissi-

339 4843 453 4925 mi(2).
471 4847 581 4906 »Haec
595 4845 646 4905 θεῖ
655 4843 727 4915 ira;
745 4843 782 4903 ln
803 4841 880 4903 telle
899 4839 989 4902 enim
1010 4837 1135 4901 irasci-

340 4959 425 5004 mur.
441 4941 591 5012 Haecest,
611 4941 759 5017 inquam,
776 4940 839 5012 ira,
848 4952 921 5016 quae
936 4951 1067 5013 semper
1075 4951 1136 4998 nos

276 5069 279 5076 ·
341 5039 563 5114 persequitur,
594 5039 629 5098 et
649 5037 794 5097 maxime
820 5035 909 5108 illos,
935 5049 1020 5111 quos
1045 5032 1137 5095 videt

340 5135 558 5195 continentes.
575 5133 738 5194 Naturale
755 5135 806 5194 est
823 5132 936 5194 odium
957 5131 1044 5192 inter
1059 5129 1138 5191 dra-

340 5245 468 5301 conem,
503 5233 536 5291 et
564 5230 791 5306 elephantem,
824 5229 910 5292 idest
943 5229 1031 5289 iuter
1062 5226 1138 5288 dia-

342 5327 467 5398 bolum,
482 5328 515 5388 et
531 5328 777 5400 continentem;
807 5327 894 5388 uude
918 5326 1002 5387 bene
1030 5325 1137 5402 sequi·

339 5427 413 5501 tur3
429 5427 488 5486 Fet
509 5427 700 5486 draconum
719 5427 840 5487 atatam
862 5439 994 5495 eorum,
1011 5422 1137 5485 videli-

377 5558 419 5626 tl)
432 5557 515 5614 loun.
534 5556 576 5624 lt),
591 5557 635 5613 ll.

377 5629 420 5698 (a)
435 5627 516 5686 Dect.
534 5628 579 5698 32,
590 5627 625 5686 32
640 5634 668 5684 ct
678 5627 722 5684 33.

755 311 788 372 S.
819 305 996 372 ANTONII
1025 305 1214 369 PADUANI
1242 305 1381 366 OPERA
1408 299 1557 366 OMNIA.

1940 297 2005 360 672

1187 465 1240 527 cet
1251 464 1354 526 ardor
1368 461 1657 540 concupiscentiae.
1666 461 1825 539 Sequitur
1839 459 1953 522 etiam
1962 458 2004 520 de

1186 562 1296 623 vineis
1311 561 1386 623 istis
1404 581 1411 620 r
1428 561 1461 621 et
1480 575 1645 622 venenum
1668 551 1821 634 aspidum
1844 558 2003 618 insana·-

1186 659 1269 730 biie;
1284 658 1346 719 hoc
1362 659 1412 720 est
1424 657 1544 718 mentis
1559 656 1746 728 obduratio,
1764 671 1840 732 quae
1857 653 2005 716 contes-

1187 757 1314 818 sionem
1345 755 1443 816 tollit.
1485 755 1578 816 Sicut
1605 755 1694 814 enim
1725 754 1819 830 aspis
1856 752 2003 814 obturat

1187 869 1298 923 aures,
1313 868 1356 913 ne
1371 852 1485 913 audiat
1497 852 1728 913 incantantes:
1743 852 1790 912 sic
1802 850 2003 911 obduratur

1187 950 1391 1027 inpeccatis,
1416 965 1459 1010 ne
1475 964 1590 1010 vocem
1610 949 1839 1025 praedicatoris
1861 948 1999 1018 audiat,

1188 1049 1309 1110 timens
1324 1048 1398 1108 erui
1412 1047 1452 1107 de
1466 1046 1605 1107 latebris
1615 1047 1784 1116 vitiorum,
1800 1046 1893 1106 sicut
1903 1045 2001 1120 aspis

1188 1145 1228 1206 de
1254 1159 1398 1208 caverna
1424 1159 1497 1204 sua.
1521 1143 1678 1221 Sequitur
1699 1165 1706 1204 :
1728 1145 1797 1204 Nec
1823 1142 1861 1202 in
1893 1159 1999 1217 agros

1187 1244 1277 1304 tuos.
1291 1242 1372 1318 Agri
1395 1243 1452 1302 isti
1473 1257 1540 1302 non
1563 1241 1639 1302 sunt
1663 1241 1735 1316 agri
1751 1241 1997 1316 primitiarum,

1187 1341 1255 1400 imo
1271 1341 1349 1400 suut
1359 1337 1538 1410 maledicti,
1553 1336 1674 1414 quibus
1685 1337 1862 1398 maledixit
1872 1337 1997 1408 David,

1189 1435 1267 1514 quia
1283 1437 1318 1496 in
1339 1436 1389 1496 eis
1415 1433 1609 1496 interiectus
1630 1435 1681 1495 est
1696 1434 1775 1494 Saul
1789 1448 1865 1504 rex,
1882 1435 1917 1495 et
1933 1437 1997 1495 Jo-

1190 1533 1310 1594 nathas
1323 1554 1331 1608 ;
1345 1533 1434 1594 unde
1455 1533 1490 1593 in
1520 1531 1666 1593 secundo
1688 1533 1816 1607 Regum
1842 1529 1893 1610 (1,
1911 1530 1996 1608 21):

1189 1631 1347 1692 «Montes
1375 1629 1507 1701 Gelboe,
1538 1645 1600 1690 nec
1625 1644 1693 1700 ros,
1712 1644 1774 1689 nec
1799 1627 1919 1705 pluvia
1937 1645 1998 1689 ve-

1189 1728 1285 1789 niant
1310 1743 1410 1804 super
1428 1742 1499 1798 vos,
1526 1742 1633 1804 neque
1652 1726 1719 1788 sint
1740 1727 1776 1786 in
1796 1725 1894 1788 vobis
1917 1727 1997 1802 agri

1190 1825 1453 1902 primitiarum.»
1467 1824 1548 1900 Agri
1559 1823 1781 1900 primitiarum
1795 1824 1876 1884 sunt
1889 1839 1997 1899 opera

1190 1923 1304 1983 nostra
1318 1920 1406 1982 bona
1419 1921 1537 1998 prima,
1552 1921 1584 1982 et
1596 1920 1712 1982 electa.
1729 1920 1782 1981 illi
1795 1936 1879 1982 vero
1898 1936 1997 1981 ancar-

1191 2021 1243 2081 tes
1264 2021 1382 2081 Getice
1397 2019 1485 2092 sunt,
1502 2017 1589 2080 idest
1609 2017 1739 2080 lubrici.
1757 2019 1836 2080 Haec
1851 2018 1907 2078 θεῖ
1932 2035 1995 2078 su-

1191 2116 1318 2194 perbia,
1335 2131 1408 2194 quae
1429 2117 1469 2176 de
1491 2115 1628 2194 peccato
1648 2115 1683 2176 in
1699 2117 1873 2192 peccatum
1892 2131 1996 2176 ruere

1191 2214 1282 2286 lacit,
1309 2214 1346 2275 ut
1372 2213 1595 2275 interficiatur
1618 2227 1679 2274 rex
1707 2213 1805 2281 Saul,
1832 2213 1997 2274 videlicet

1192 2311 1264 2388 ipse
1288 2311 1450 2382 Christus,
1480 2311 1568 2372 sicut
1590 2309 1767 2387 apostolus
1787 2310 1830 2370 ad
1854 2311 1996 2371 Galatas

1193 2407 1236 2487 (3,
1255 2407 1286 2487 1)
1306 2425 1312 2468 :
1327 2425 1346 2468 c
1361 2407 1445 2469 hnte
1460 2423 1601 2484 quorum
1612 2407 1727 2469 oculos
1740 2408 1895 2469 Christus
1910 2425 1996 2485 prm·

1194 2507 1338 2582 scriptus
1360 2506 1420 2576 est,
1446 2507 1479 2568 et
1500 2504 1547 2584 (3)
1569 2505 1802 2567 crucifixus.»
1827 2506 1995 2568 Jonatbas

1193 2604 1294 2664 etiam
1310 2602 1520 2677 interficitur,
1534 2603 1590 2680 qui
1605 2603 1843 2679 interpretatur
1861 2603 1996 2663 colum-

1190 2700 1244 2772 ba,
1270 2698 1426 2762 videlicet
1451 2699 1574 2761 donum
1600 2699 1746 2776 Spiritus
1776 2701 1904 2762 Sancti.
1934 2703 1996 2762 Se-

1192 2797 1304 2874 quitur
1327 2813 1334 2857 :
1356 2813 1375 2856 c
1400 2801 1512 2874 Aquas
1537 2796 1577 2858 de
1597 2797 1705 2874 puteis
1721 2798 1789 2859 tuis
1804 2813 1872 2858 non
1893 2797 1993 2858 bibe-

1192 2909 1276 2954 mus.
1294 2895 1430 2969 «Aquae
1443 2895 1516 2956 istae
1531 2895 1693 2970 puteales,
1710 2893 1848 2972 adquae
1871 2894 1994 2956 biben-

1192 2992 1251 3052 das
1264 2992 1393 3069 oportet
1406 2991 1589 3064 incurvari,
1601 2993 1679 3053 sunt
1689 2991 1817 3054 deliciae
1830 2993 1990 3060 terrenae.

1192 3103 1265 3166 quae
1280 3089 1353 3150 sine
1364 3090 1499 3166 peccato
1512 3104 1578 3149 non
1591 3089 1803 3150 hauriuntur.
1813 3089 1878 3150 Sed
1894 3106 1993 3166 aquae

1191 3186 1354 3259 viventes
1369 3185 1456 3262 apud
1490 3189 1605 3260 Deum,
1634 3186 1793 3248 salientes
1818 3187 1854 3248 in
1883 3189 1990 3249 vitam

1193 3285 1363 3348 aeternam.
1653 3340 1654 3344 ,

1233 3382 1390 3458 sequitur
1406 3403 1413 3442 τ
1428 3384 1530 3446 Solea
1550 3397 1606 3444 mc
1627 3397 1674 3444 cm
1701 3387 1896 3445 araleonis.
1919 3387 1988 3446 Leo

1191 3477 1254 3541 iste
1265 3480 1314 3540 θεῖ
1324 3479 1487 3553 diabolus,
1505 3479 1545 3540 de
1558 3483 1653 3556 cujus
1666 3497 1724 3542 ore
1745 3480 1827 3556 petit
1845 3482 1988 3554 salvari,

1192 3575 1232 3637 de
1245 3591 1309 3654 quo
1332 3577 1435 3638 Joelis
1446 3576 1490 3656 (1,
1504 3576 1538 3656 6)
1556 3597 1564 3636 :
1587 3581 1722 3650 «Gens,
1748 3577 1907 3640 ascendet
1930 3595 1993 3639 su-

1191 3688 1251 3751 per
1266 3671 1313 3753 (4)
1329 3675 1454 3735 terram
1469 3689 1577 3736 meam
1601 3673 1708 3744 fortis,
1733 3676 1768 3736 et
1791 3676 1994 3737 innumera-

1191 3769 1268 3830 bilis
1285 3791 1292 3830 :
1309 3768 1425 3831 dentes
1441 3772 1514 3847 ejus
1529 3772 1566 3832 ut
1586 3770 1701 3833 dentes
1723 3771 1843 3845 leonis,
1867 3775 1902 3834 et
1915 3789 1991 3833 mo·

1191 3867 1280 3928 lares
1291 3869 1363 3945 ejus
1374 3868 1411 3929 ut
1423 3867 1525 3928 catuli
1539 3867 1684 3930 leonis.»
1709 3869 1842 3940 Dentes,
1863 3870 1992 3946 quibus

1191 3963 1344 4024 diabolus
1356 3964 1500 4035 truncat,
1521 3965 1599 4025 suut
1612 3965 1720 4041 prima
1742 3967 1893 4042 peccata,
1910 3969 1993 4042 qui-

1191 4059 1283 4122 busa
1299 4061 1463 4122 charitate
1479 4063 1624 4138 separat,
1637 4063 1699 4124 eta
1714 4077 1853 4139 corpore
1866 4063 1992 4126 Christi

1191 4159 1369 4234 abrumpit.
1396 4159 1553 4230 Molares,
1584 4159 1704 4235 quibus
1737 4160 1843 4235 molit,
1878 4163 1913 4222 et
1941 4166 1994 4224 at-

1190 4255 1279 4326 terit,
1306 4256 1385 4316 sunt
1414 4256 1550 4332 peccata
1579 4256 1780 4331 inveterata,
1802 4259 1931 4336 etjam
1959 4260 1992 4319 in

1191 4353 1466 4416 consuetudinem
1491 4352 1643 4426 deducta,
1669 4353 1789 4430 quibus
1814 4355 1914 4417 homo
1934 4359 1992 4418 at-

1190 4450 1289 4511 tritus
1300 4450 1359 4511 rix
1374 4449 1483 4526 potest
1494 4465 1682 4526 resurgere.
1705 4451 1864 4528 Sequitur
1883 4469 1891 4512 :
1910 4456 1960 4513 Εῖ
1971 4471 1992 4514 α

1190 4549 1351 4608 cornibus
1363 4550 1584 4609 unicornium
1606 4548 1838 4610 humilitatem
1858 4563 1988 4610 mearat.

1194 4644 1381 4716 Unicornis,
1403 4643 1470 4705 alio
1494 4645 1592 4705 modo
1616 4645 1756 4706 vocatur
1778 4645 1989 4718 rhinoceros

1191 4741 1315 4801 animal
1331 4741 1460 4804 scilicet
1471 4740 1770 4816 indignabundum,
1788 4743 1823 4803 in
1839 4743 1914 4804 nari
1928 4761 1991 4804 sua

1190 4837 1317 4899 habens
1333 4853 1449 4900 cornu.
1466 4839 1529 4900 Hic
1541 4840 1593 4899 est
1607 4838 1772 4912 diabolus,
1789 4840 1885 4916 origo
1905 4841 1991 4902 indi-

1190 4936 1370 5012 gnationis,
1395 4937 1428 4998 et
1444 4935 1620 5013 superbiae.
1637 4936 1699 4996 Hic
1720 4937 1821 4998 habet
1844 4937 1880 4998 in
1900 4941 1988 5010 nari,

1191 5031 1278 5092 idest
1292 5033 1326 5092 in
1343 5032 1566 5108 suggestione,
1582 5049 1655 5110 quae
1672 5048 1731 5110 per
1741 5049 1841 5094 nares
1855 5035 1990 5096 intelli-

1191 5129 1280 5204 gitur
1295 5132 1430 5205 propter
1450 5129 1774 5206 perceptibilitatem,
1791 5146 1896 5192 cornu
1912 5134 1989 5194 ela-

1190 5227 1316 5298 tionis,
1351 5225 1428 5302 quia
1462 5227 1564 5288 elatio
1600 5227 1759 5304 praecedit
1802 5233 1990 5304 peccatum.

1191 5326 1313 5386 Contra
1337 5323 1400 5383 hoc
1431 5323 1512 5386 dicit
1540 5325 1575 5384 iu
1598 5324 1659 5386 Job
1684 5323 1748 5404 (40,
1770 5326 1824 5402 21)
1847 5343 1854 5380 :
1876 5331 1993 5389 Nura-

1190 5423 1272 5496 quaa
1299 5435 1406 5495 pones
1432 5424 1599 5484 circutum
1635 5425 1672 5484 tu
1704 5427 1849 5486 auribus
1884 5428 1992 5497 mars?

1239 5551 1267 5620 3)
1282 5552 1364 5622 Vctp.
1379 5552 1407 5609 in
1419 5550 1510 5608 vobis.

1240 5623 1268 5693 i)
1288 5623 1369 5693 Vctp.
1386 5621 1513 5680 ascendit
1529 5622 1566 5678 iu.
