4152 6388
364 303 427 364 211

795 295 850 365 AD
871 304 1009 368 OPERA
1030 303 1063 366 S.
1087 301 1307 366 FRANCISCI
1328 307 1586 384 asslsmrls,
1935 316 1977 378 212

366 463 510 526 usnemu
524 463 670 522 animum
683 475 751 539 prae
765 462 942 526 devotione
956 462 1160 540 liquescere?
1214 463 1331 527 relicto
1347 469 1553 544 autographo
1575 467 1644 530 illio
1659 483 1721 530 suo
1741 468 1881 530 antonio
1894 473 1977 534 liran-

368 561 510 622 alienari
534 561 687 621 sensumt
713 561 746 622 et
772 561 862 622 vires
887 561 974 624 totas
1004 561 1160 624 destituit
1214 559 1306 632 uisci,
1319 561 1396 625 dato
1410 565 1472 625 XII
1486 563 1648 626 kalendas
1661 562 1849 626 decembris
1862 568 1977 642 eJusden

369 661 490 720 Omnes
504 661 613 720 antem
626 659 704 720 ante
713 673 881 720 recessum
893 675 911 720 e
922 659 996 720 loco
1011 659 1160 721 osculum
1214 659 1305 730 anni,
1327 659 1525 722 transmisso
1541 677 1584 722 ex
1597 662 1737 724 archivo
1751 663 1878 724 Sancte
1891 666 1977 728 Maria

368 753 517 816 dedimus
539 757 653 817 sancto
675 755 761 832 pedi,
784 771 964 833 omnesque
979 756 1105 832 pariter
1118 756 1160 817 ob
1213 755 1416 832 Angelorum
1440 758 1528 834 apud
1553 759 1748 826 assisiates.
1769 758 1856 836 quod
1874 776 1912 820 ex
1926 763 1978 823 vul-

368 851 502 913 odorem
524 853 702 914 refocillati
725 869 852 914 sumus.
882 856 945 915 Pes
972 867 1053 915 vero
1073 851 1160 914 allus
1214 853 1288 928 gari
1307 854 1424 916 ltalico
1444 855 1571 932 placuit
1587 855 1744 917 Latinum
1764 856 1976 920 transcribere:

367 949 498 1011 fimbria
513 948 645 1012 habitus
665 951 879 1027 operiebatur
895 967 903 1012 z
918 965 979 1012 nec
998 949 1095 1012 nobis
1108 950 1161 1013 vi·
1255 951 1323 1026 ligo
1338 951 1510 1014 Galeottus
1534 967 1555 1012 a
1583 953 1747 1014 Galeottis
1774 952 1816 1012 de
1829 953 1975 1028 Bistocbio,

367 1063 440 1108 sum
466 1046 528 1110 luit
551 1048 646 1108 illum
670 1048 834 1110 violenter
859 1049 1020 1126 arripere.
1038 1049 1161 1109 Manus
1215 1047 1285 1108 vidi
1295 1048 1543 1110 sanctissimum
1556 1064 1677 1126 corpus
1695 1049 1765 1110 mei
1784 1051 1885 1126 patris
1898 1057 1978 1114 saucii

367 1144 523 1206 similiter
546 1145 724 1222 perforare
748 1147 784 1208 ut
802 1145 903 1223 pedes
927 1144 1158 1218 cernebantur,
1215 1145 1398 1217 Francisci,
1421 1146 1508 1223 quod
1534 1145 1643 1208 adbuc
1669 1147 1786 1208 vivum
1805 1151 1938 1222 apparet,
1958 1155 1978 1213 et

366 1243 535 1304 recentem
557 1244 754 1319 sanguinem
776 1243 998 1306 ostendentes.
1018 1243 1161 1318 (ligitur
1216 1241 1460 1318 operimentum
1472 1245 1546 1320 ejus
1566 1243 1728 1305 intactum
1744 1245 1843 1320 atque
1857 1243 1979 1306 immacu·

367 1341 529 1402 memoria
547 1340 710 1418 profunda
726 1341 848 1407 nostrae
872 1339 1110 1418 redemptionis
1124 1340 1160 1400 in
1214 1337 1329 1400 latum.
1347 1341 1389 1401 Ut
1407 1341 1528 1403 ostium
1552 1341 1684 1417 aperuit
1710 1343 1752 1403 R.
1775 1343 1813 1401 P.
1829 1343 1937 1414 custos,
1950 1360 1978 1404 ex

367 1452 465 1499 servo
495 1438 632 1510 intueri,
660 1454 733 1516 quae
760 1438 795 1498 in
823 1437 1042 1514 Redemptore
1067 1438 1160 1515 prius
1215 1451 1310 1498 sacro
1338 1452 1478 1514 corpore
1502 1437 1581 1498 talis
1599 1453 1639 1500 ac
1662 1438 1758 1500 tanta
1783 1439 1978 1502 suaveolentia

366 1535 516 1597 fuerant!
545 1537 571 1596 0
593 1535 695 1611 igitur
723 1551 820 1598 sacra
843 1537 984 1598 vulnera
1010 1537 1044 1597 et
1070 1535 1157 1598 dulci
1215 1534 1378 1608 processit
1390 1535 1428 1595 ut
1438 1535 1673 1612 ampliusuihil
1689 1535 1801 1612 possit
1814 1535 1976 1612 desiderari

367 1631 573 1694 osculatione
588 1633 700 1710 digna.
717 1649 790 1710 quae
806 1634 880 1710 post
896 1633 1078 1694 humanum
1092 1632 1161 1709 lap·
1215 1630 1369 1706 stigmata
1384 1633 1463 1695 item
1473 1633 1557 1694 adeo
1569 1633 1719 1694 recentia
1731 1633 1766 1694 et
1778 1632 1978 1696 mrbicundaut

366 1729 489 1790 eumin
508 1729 691 1791 remedium
706 1729 783 1792 data
807 1733 902 1792 suntl
925 1733 965 1792 nt
987 1731 1061 1808 quis
1080 1745 1161 1790 nos-

365 1827 465 1900 trum,
483 1827 539 1905 qui
554 1827 677 1888 ibidem
690 1827 878 1900 aderamus,
892 1843 995 1889 ausus
1008 1827 1072 1889 init
1082 1843 1160 1889 am-

366 1922 454 2000 plius
483 1940 604 2002 corpus
630 1940 762 1986 sacrum
789 1926 942 2001 tangere,
973 1925 1041 1986 nisi
1068 1925 1160 1987 solus

366 2035 515 2082 summus
536 2022 711 2084 Pontifexl
726 2025 800 2100 lpse
821 2023 910 2084 enim
928 2038 1046 2084 manus
1067 2022 1159 2084 illius

366 2119 531 2195 pretiosas
550 2120 762 2182 devotissime
784 2121 954 2182 osculatus
973 2123 1034 2192 est,
1056 2135 1158 2182 oscu-

365 2215 500 2294 lumque
513 2233 609 2279 sacro
625 2218 676 2279 ori
693 2217 794 2280 dedit.
808 2221 836 2278 a
850 2218 966 2295 quinta
980 2233 1061 2280 vero
1075 2233 1159 2280 noc-

365 2312 409 2374 tis
424 2312 506 2376 bora
529 2329 634 2391 usque
655 2315 696 2376 ad
718 2315 927 2376 undecimam
944 2315 1014 2377 illic
1029 2317 1158 2378 mansi-

364 2426 449 2483 mus,
467 2412 666 2475 suavissimo
683 2413 785 2475 odore
798 2412 928 2490 repleti.
946 2415 1027 2474 Cum
1041 2429 1122 2475 uero
1139 2428 1159 2475 a

365 2509 579 2570 narrantibus
615 2511 804 2572 nuntiatum
839 2509 903 2573 unt
938 2509 1034 2572 nobis
1072 2510 1158 2571 diem

365 2619 468 2681 prope
491 2621 576 2679 esse,
601 2606 707 2668 doluit
732 2622 831 2683 quam
860 2607 1005 2668 maxime
1025 2627 1033 2666 z
1051 2607 1160 2668 visum

366 2701 455 2762 enim
469 2701 578 2763 iuerat
599 2701 695 2764 nobis
710 2718 770 2779 per
782 2703 899 2764 boram
913 2701 960 2764 ibi
972 2702 1086 2764 inisse.

405 2801 443 2859 ln
453 2798 522 2860 illis
530 2815 610 2861 vero
620 2799 764 2861 tribunis
775 2799 941 2862 sociorum
955 2799 1044 2862 beati
1054 2802 1160 2862 Fran-

366 2895 447 2957 cisei
462 2911 602 2973 corpora
614 2897 777 2958 tumulata
786 2898 902 2975 jacent
913 2917 920 2958 ι
930 2898 1160 2977 unusquisque

366 2993 455 3055 enim
483 2995 592 3056 locum
615 3011 712 3056 suum
737 2996 896 3074 possidet,
918 3011 1005 3056 unus
1024 2996 1113 3068 bino,
1127 2999 1161 3060 et

365 3091 451 3154 alter
465 3092 575 3168 illinc;
591 3095 669 3155 ante
683 3094 806 3156 ostium
819 3108 898 3155 vero
909 3093 975 3154 loci
985 3096 1078 3170 jacet
1090 3109 1161 3155 cor·

365 3207 427 3268 pus
446 3191 537 3252 illius
552 3191 706 3253 exstatici
721 3191 786 3252 viri
807 3191 867 3252 Dei
882 3190 996 3252 fratris
1010 3191 1157 3267 AEgidii:

365 3302 507 3365 quorum
529 3303 668 3364 corpora
687 3289 812 3366 absque
836 3287 1056 3350 diminutione
1078 3288 1157 3362 ulla,

364 3383 497 3460 integra
527 3379 719 3458 cernuntur,
754 3385 992 3446 suavissimum
1025 3385 1159 3448 odorem

365 3481 618 3544 redolentiabd
632 3485 816 3544 extremum
827 3483 938 3545 autem
951 3499 1026 3544 cum
1039 3499 1160 3559 magua

364 3579 469 3640 animi
484 3580 678 3642 fortitudine
694 3580 854 3648 roborati,
873 3595 989 3642 omnes
1004 3581 1082 3642 iude
1103 3596 1161 3642 re·

364 3677 537 3738 cessimus.
555 3677 742 3740 cardinalis
756 3692 837 3740 vero
851 3677 1047 3754 Aristergius
1063 3693 1160 3755 quem

365 3775 520 3851 superius
535 3777 806 3848 memoravimus,
823 3775 974 3852 quamvis
989 3776 1024 3836 in
1039 3791 1162 3838 memo-

363 3873 437 3934 rata
459 3873 653 3936 infirmitate
673 3873 916 3951 aliquantulum
936 3873 1160 3935 convaluisset

363 3970 400 4031 in
415 3970 479 4042 die,
499 3971 645 4034 attamen
660 3972 756 4034 nocte
777 3971 928 4049 sequenti
953 3973 1082 4033 naturae
1102 3971 1161 4032 de-

364 4067 469 4129 bitum
482 4069 592 4130 solvit.
611 4069 680 4130 Nec
692 4070 745 4132 est
756 4069 973 4130 dubitandum
988 4067 1075 4146 quod
1090 4070 1160 4130 tau·

363 4167 418 4226 tus
439 4166 538 4227 homo
555 4182 576 4226 a
596 4182 660 4243 quo
673 4165 757 4238 baeu,
773 4181 846 4243 quae
862 4167 1085 4238 narravimus,
1099 4181 1159 4230 ao·

364 4263 524 4339 cepimus,
536 4262 614 4322 dnm
630 4263 671 4322 ad
685 4263 762 4324 vitae
776 4262 985 4340 pervenisset
997 4265 1157 4336 extrema,

365 4359 608 4437 composuisset
621 4359 842 4432 mendacium,
853 4359 1002 4422 reterens
1015 4361 1075 4422 illa
1086 4377 1159 4439 quae

364 4473 444 4520 vera
465 4473 531 4520 nou
551 4457 673 4519 essent.
698 4455 895 4520 Aillrmahat
918 4474 1049 4536 quoque
1064 4460 1160 4520 ante-

300 4628 304 4637 ,
364 4571 464 4634 quam
486 4556 640 4632 spiritum
664 4554 748 4616 coelo
770 4554 933 4628 redderet,
950 4556 1037 4634 quod
1052 4555 1158 4618 Nico-

362 4653 438 4716 laus
454 4653 619 4724 Pontifex,
636 4651 713 4713 dum
736 4668 755 4713 e
776 4653 849 4714 loco
868 4653 929 4715 illo
943 4669 1042 4715 sacro
1063 4667 1160 4714 rece·

364 4752 467 4824 deret,
484 4751 691 4829 promisisset
710 4750 896 4826 guardiano
911 4754 944 4812 et
958 4751 1088 4812 caeteris
1103 4751 1159 4827 qui

364 4849 464 4910 simul
479 4849 629 4920 aderant,
653 4847 738 4910 nulli
760 4848 951 4910 mortalium
974 4848 1085 4925 palam
1107 4847 1160 4908 ia-

364 4961 442 5009 cere
456 4962 530 5023 quae
542 4946 683 5018 viderat,
698 4946 775 5007 dum
785 4946 858 5022 ipse
870 4946 998 5007 viveret
1008 4945 1159 5023 quamvis

363 5059 431 5121 non
446 5044 702 5120 parvipenderet
716 5043 775 5104 illa
790 5043 967 5105 manifesta
983 5042 1056 5104 fleri
1071 5043 1159 5120 apud

363 5141 515 5204 homines
529 5142 676 5213 dorotea,
694 5142 728 5202 et
741 5140 863 5218 probos
879 5140 1019 5218 quinon
1034 5155 1159 5202 seeun-

345 5239 443 5300 dum
458 5254 593 5300 earnem
608 5237 792 5300 ambulant.

401 5336 511 5398 Aliam
526 5335 611 5397 addo
625 5335 788 5397 rationem
803 5336 946 5398 illustris
959 5335 1026 5397 viri
1040 5337 1078 5396 D.
1092 5337 1160 5396 Ga-

364 5434 456 5497 leotti
478 5450 499 5496 a
521 5433 681 5494 Galeottis
707 5433 747 5494 de
765 5434 946 5505 Bistoebio,
973 5432 1041 5511 qui,
1071 5447 1159 5494 anno

221 5609 232 5624 ,
363 5533 483 5607 MDlX,
511 5531 633 5593 meruit
656 5530 770 5592 videre
799 5531 906 5594 sancti
931 5531 996 5592 uiri
1025 5543 1156 5606 corpus,

365 5633 461 5709 cujus
483 5629 583 5693 situm
608 5629 642 5691 et
666 5627 889 5716 conditionem
918 5628 974 5690 bio
1001 5626 1161 5690 describit

1214 1727 1281 1788 vivi
1297 1730 1448 1806 corporis
1458 1729 1663 1792 viderentur.
1674 1729 1835 1792 Feliciter
1847 1729 1978 1791 boccona

1215 1827 1313 1900 pactu
1327 1826 1422 1902 potiti
1436 1843 1550 1888 sumus
1561 1827 1667 1889 tribus
1679 1826 1742 1888 sub
1751 1841 1901 1888 auroram
1912 1827 1977 1889 boris

1214 1921 1267 1982 die
1282 1922 1411 1984 decimo
1426 1925 1543 1986 octavo
1556 1923 1762 1993 novembris,
1779 1925 1977 1986 comitantibus

1214 2021 1252 2081 R.
1266 2022 1302 2080 P.
1315 2019 1420 2083 fratre
1433 2021 1557 2084 Julioa
1576 2023 1694 2084 Leucio
1718 2023 1810 2084 sacri
1829 2024 1976 2082 conventus

1214 2117 1362 2190 custode,
1389 2118 1422 2180 et
1444 2117 1548 2180 tratre
1571 2120 1764 2182 iustiniano
1789 2133 1808 2178 a
1835 2118 1977 2180 Collostate

1215 2215 1372 2276 sacrista.
1388 2217 1458 2278 Nec
1473 2216 1597 2296 absque
1610 2217 1717 2294 pretio
1735 2215 1880 2290 obtinni;
1899 2216 1975 2275 dissi-

1214 2311 1367 2374 dentibus
1386 2314 1508 2376 etenim
1521 2315 1609 2376 inter
1629 2329 1666 2376 se
1680 2314 1735 2376 his
1750 2312 1904 2391 patribus,
1918 2327 1975 2372 con·

1214 2425 1348 2472 sensum
1368 2411 1495 2474 extorsi
1518 2412 1622 2474 multo
1646 2427 1783 2482 nummo
1812 2411 1976 2486 cooperante

1214 2508 1297 2568 meis
1311 2509 1397 2571 votis
1408 2510 1480 2586 ipso
1495 2510 1609 2572 sancto
1627 2509 1833 2588 patriarcha.
1849 2506 1973 2574 Ecclesia,

1213 2605 1249 2665 in
1271 2621 1336 2682 qua
1363 2610 1516 2670 servatur
1540 2609 1707 2684 pretiosus
1735 2607 1794 2668 bic
1818 2605 1973 2672 thesaurus

1214 2702 1365 2778 speciosa
1376 2707 1438 2776 est,
1450 2706 1590 2781 januam
1601 2703 1731 2766 habete
1746 2703 1879 2779 regione
1888 2697 1974 2760 altaris

1214 2799 1385 2876 praecipui,
1407 2801 1449 2862 ad
1470 2799 1556 2878 quod
1578 2815 1638 2878 per
1660 2801 1833 2878 egregium
1854 2795 1975 2875 perveni·

1212 2898 1269 2958 tur
1282 2896 1458 2971 ambitum;
1470 2897 1682 2960 descenditur
1691 2913 1774 2960 vero
1788 2898 1823 2958 in
1834 2893 1973 2958 ecclesian

1214 3009 1274 3069 per
1296 2994 1418 3070 gradus
1444 2995 1695 3072 septemdecim,
1723 3009 1862 3074 quorum
1885 3005 1974 3052 uuun-

1215 3107 1377 3170 quemque
1398 3107 1459 3154 nos
1481 3093 1519 3154 in
1542 3094 1706 3156 descensu
1723 3091 1974 3155 sacravimusuna

1215 3189 1366 3252 oratione
1380 3191 1553 3252 Dominica
1574 3193 1606 3254 et
1628 3191 1831 3254 salutatione
1842 3184 1971 3262 angelica.

1215 3286 1311 3350 Modo
1329 3288 1552 3364 experiemur,
1569 3288 1647 3366 quid
1666 3289 1747 3351 vitae
1762 3285 1906 3364 supersit.
1920 3277 1971 3341 libi

1214 3386 1336 3454 autem,
1350 3385 1474 3447 Antoni
1501 3385 1679 3447 Drancisoe
1702 3385 1826 3448 dilecte
1844 3381 1896 3452 rili,
1910 3379 1972 3440 lanu

1214 3481 1366 3559 relinquo
1381 3483 1587 3555 memoriam,
1610 3485 1644 3544 et
1669 3483 1789 3546 hortor
1800 3473 1970 3559 quantumin

1213 3581 1246 3640 te
1261 3578 1371 3651 luerit,
1393 3581 1524 3643 coneris
1537 3580 1680 3642 similem
1701 3579 1836 3658 assequi
1849 3573 1970 3652 pelian.

1215 3676 1355 3738 tirmiter
1378 3677 1542 3756 spondens
1569 3693 1733 3739 summam
1763 3678 1795 3740 te
1822 3691 1841 3738 a
1864 3668 1972 3734 Domino

1214 3774 1474 3836 consolationem
1483 3778 1724 3837 assecuturum.
1740 3773 1873 3837 Interim
1884 3765 1970 3828 sancto

1214 3872 1782 3950 patriFranoisooteexvisoeribus
1802 3860 1970 3932 commendo.

1253 3969 1387 4032 Addidit
1407 3969 1488 4031 illud
1507 3970 1548 4032 de
1564 3971 1642 4032 vitea
1664 3966 1877 4032 diuturnioris
1894 3971 1972 4034 expe·

1213 4067 1356 4131 rimento
1383 4071 1519 4144 propter
1544 4083 1751 4130 communem
1780 4060 1971 4128 assertionem

1214 4165 1382 4242 quodiam
1398 4181 1529 4226 sacrum
1549 4167 1583 4228 et
1596 4165 1792 4241 religiosum
1806 4161 1873 4226 vult
1884 4149 1971 4219 Doni-

1214 4275 1277 4323 nus
1292 4264 1443 4325 sanctum
1459 4278 1591 4340 corpus,
1604 4271 1640 4326 ut
1654 4279 1722 4325 non
1738 4261 1837 4326 liceat
1846 4261 1909 4333 ejus
1917 4252 1971 4312 ins-

1214 4359 1402 4436 pectoribus
1417 4359 1499 4421 illud
1514 4359 1628 4422 videre
1643 4360 1676 4422 et
1695 4360 1808 4422 vivere
1820 4352 1971 4428 longiorem

1213 4457 1327 4518 vitam.
1335 4457 1445 4520 Rebus
1456 4457 1619 4533 religione
1628 4455 1871 4520 etsaoramento
1878 4440 1968 4526 plenis,

1214 4555 1260 4617 lta
1276 4554 1456 4631 aliquando
1470 4556 1721 4616 venerationem
1735 4557 1769 4617 et
1784 4542 1970 4616 reverentiam

1214 4652 1373 4714 Dominus
1384 4652 1551 4725 conciliat,
1563 4652 1617 4714 vel
1632 4653 1710 4729 quia
1724 4653 1765 4713 ad
1775 4643 1970 4740 mysterioruul

1213 4765 1329 4812 eorum
1344 4751 1513 4828 aspectum
1528 4753 1753 4822 excaecantur,
1764 4750 1829 4810 imo
1840 4745 1870 4806 et
1880 4745 1970 4801 eraul-

1213 4849 1347 4909 mantur
1365 4847 1490 4910 curiosi
1507 4847 1725 4925 inspectores,
1741 4847 1794 4908 vel
1809 4841 1881 4922 quia
1893 4833 1968 4896 uun

1213 4945 1285 5021 ipse
1312 4943 1472 5007 Dominus
1498 4944 1596 5015 tollit,
1623 4945 1776 5022 nequod
1803 4947 1929 5004 sacrun,
1947 4922 1969 4982 ⁸¹

1214 5043 1347 5104 silentio
1382 5043 1519 5119 dignum
1548 5044 1611 5114 est,
1633 5041 1796 5120 pluribus.
1817 5019 1968 5123 propalant

1213 5137 1305 5201 addo
1328 5140 1384 5202 hio
1405 5141 1486 5202 item
1508 5139 1698 5216 sepulchri,
1719 5139 1773 5202 vel
1802 5125 1969 5210 suppedanei

1213 5236 1333 5314 lapidis
1354 5237 1559 5314 epitaphium
1588 5236 1791 5314 exscriptum
1819 5217 1976 5304 aquodam

1213 5333 1306 5396 ducis
1332 5333 1593 5396 Mediolanensis
1614 5333 1786 5396 Drancisci
1801 5321 1969 5420 Siortieatt

1213 5431 1304 5504 mite,
1330 5431 1504 5494 delubrum
1526 5432 1592 5494 hoo
1615 5431 1837 5508 subingresso,
1860 5437 1878 5482 a
1898 5415 1968 5485 θυμω

1214 5531 1358 5606 posteris
1368 5529 1452 5591 illud
1462 5529 1573 5606 accepi
1587 5551 1594 5590 :
