4204 6402
351 289 413 350 735
630 337 633 349 .
781 291 813 349 S.
842 285 1015 350 ANTONII
1046 289 1233 350 PADUANI
1262 287 1399 350 OPERA
1427 287 1574 351 OMNIA.
1600 285 1602 290 ’
1944 292 2008 355 736

354 430 481 511 Christi
498 446 776 512 carnemdivldit.
808 399 966 526 Seguitur
991 469 998 508 ε
1021 449 1153 510 Sessio·

243 619 246 624 ,
352 563 443 618 nem,
460 548 495 606 et
508 545 790 606 resurrectionem
804 547 1084 608 eorumvidistiin
1096 563 1151 622 op-

354 637 559 720 pressionem
573 657 769 719 pauperum.
786 646 855 705 Hoc
879 646 995 705 contra
1006 643 1148 722 judices,

352 741 384 802 et
394 741 558 801 doctores.
566 741 898 801 Doctorumenimest
911 742 1029 802 sedere
1041 741 1076 800 in
1092 757 1150 802 ca-

350 837 467 899 thedra
478 835 518 896 ad
530 837 725 909 docendum,
737 839 770 899 et
778 838 939 915 judicum,
952 837 987 898 in
1001 837 1078 900 sede
1094 841 1146 916 ju·

353 935 495 996 diciaria
510 935 551 994 ad
564 936 654 995 recte
661 935 890 1012 judicandum.
903 925 1050 997 caveant
1069 951 1148 1011 ergo

349 1033 418 1106 isti,
439 1047 481 1092 ne
497 1031 657 1102 docendo,
676 1033 729 1092 vel
748 1031 798 1092 illi
812 1019 995 1108 jndicando
1011 1037 1149 1109 surgant

352 1131 473 1191 contra
497 1130 685 1200 Dominum,
708 1144 749 1190 ne
771 1129 839 1190 illis
864 1129 1039 1206 adaptetur
1063 1130 1147 1190 illud

351 1227 503 1288 Michaeae
524 1225 568 1305 (2,
596 1225 668 1286 lad
687 1224 721 1305 9)
745 1247 752 1285 ε
777 1243 795 1286 c
818 1228 936 1288 Nonne
951 1227 1053 1288 verba
1075 1243 1147 1289 mea

351 1324 438 1385 bona
455 1326 533 1385 sunt
548 1338 622 1384 cum
637 1339 687 1395 eo,
700 1324 757 1400 qui
773 1325 862 1386 recte
886 1325 1059 1400 graditur?
1081 1328 1114 1387 et
1130 1341 1147 1385 e

351 1420 522 1482 contrario
558 1422 699 1498 populus
731 1437 823 1481 meus
850 1423 886 1481 in
913 1423 1145 1483 adversarium

351 1519 435 1579 mihi
448 1519 621 1593 consurgit
634 1516 693 1597 (1).
707 1521 856 1595 Desuper
865 1519 1012 1580 tunicam
1023 1518 1071 1599 (2)
1080 1519 1148 1595 pal-

352 1616 434 1676 lium
450 1631 559 1676 meum
580 1617 774 1688 sustulistis,
799 1618 831 1677 et
854 1617 995 1694 eosqui
1015 1616 1147 1693 simpli-

349 1715 434 1777 citer
463 1714 664 1786 transibant,
695 1715 907 1788 convertistis
937 1714 971 1774 in
1007 1714 1144 1783 bollum,

351 1812 511 1874 Mulieres
526 1813 640 1888 populi
662 1812 728 1872 mei
745 1810 897 1888 dejecisti
915 1811 963 1890 (3)
983 1811 1024 1871 de
1048 1813 1145 1872 domo

352 1910 548 1971 deliciarum
572 1924 708 1969 suarum
734 1930 741 1968 ε
761 1925 781 1970 a
796 1909 944 1985 parvulis
960 1925 1075 1970 earum
1091 1911 1147 1971 tu-

351 2006 438 2067 listis
459 2006 591 2066 laudem
616 2021 723 2066 meam
749 2005 784 2065 in
813 2009 1020 2083 perpetuum.
1046 2006 1144 2068 »Vel

351 2104 506 2165 etiamad
521 2103 666 2164 litteram
690 2119 769 2164 vera
792 2104 869 2176 sint,
891 2105 1003 2165 tamen
1028 2119 1144 2165 mora-

351 2201 428 2262 liter
441 2201 564 2277 exponi
579 2203 728 2278 possunt,
746 2204 782 2263 ut
803 2217 863 2277 per
891 2201 1029 2277 pallium
1055 2201 1144 2262 bona

349 2299 558 2361 conversatio
574 2297 798 2374 intelligatur3
809 2299 966 2376 qnoniam
978 2298 1065 2360 sicut
1075 2299 1145 2376 pal·

349 2395 430 2456 lium
446 2395 690 2472 sagittamentis
716 2395 868 2467 hircinis,
895 2397 941 2457 ita
959 2395 1048 2457 bona
1063 2412 1146 2457 con-

349 2494 496 2556 versatio
509 2493 625 2554 contra
637 2493 838 2554 tentationes
851 2493 975 2554 diaboli
988 2494 1140 2570 ponitur3

350 2591 448 2670 quod,
473 2591 621 2668 inquam,
644 2591 782 2668 pallium
803 2589 981 2652 asubditis
1003 2591 1141 2663 tollitur,

350 2687 563 2765 quandoper
586 2687 774 2764 exemplum
796 2687 892 2750 malae
915 2690 1145 2750 conversatio·

351 2786 416 2853 nis,
445 2784 499 2846 vel
528 2785 785 2861 suggestionem,
819 2785 871 2846 vel
905 2787 1142 2862 negligentiam

349 2882 563 2960 praelatorum
590 2882 652 2953 illi,
676 2882 731 2958 qui
752 2882 844 2959 prius
867 2882 1062 2960 simpliciter
1076 2883 1142 2944 hu·

345 2979 492 3057 jusmodi
506 2978 703 3056 temporalia
724 2979 924 3052 transibant,
947 2995 1006 3057 per
1028 2997 1144 3042 exom-

350 3077 406 3155 pla
422 3077 634 3154 praelatorum
650 3076 809 3154 corrupti,
830 3076 917 3138 bella
940 3078 1055 3140 contra
1073 3083 1142 3141 Do-

350 3175 476 3236 minum
495 3175 680 3236 moverunt.
707 3174 746 3235 nt
760 3189 861 3250 snper
883 3175 945 3236 hoc
960 3177 1141 3252 conqueri-

348 3274 405 3333 tur
430 3272 537 3331 Filins
563 3271 678 3332 dicens
703 3287 710 3326 :
739 3270 897 3332 Mulieres
936 3273 1049 3349 populi
1076 3275 1140 3334 mei

349 3369 498 3446 ejecistis
534 3368 574 3428 de
612 3367 708 3429 domo
748 3368 944 3430 deliciarum
979 3385 1139 3444 suarum,

349 3465 438 3528 idest
449 3465 490 3526 de
505 3465 591 3526 bona
607 3465 829 3541 conscientia3
857 3468 889 3527 et
904 3467 952 3527 sic
968 3467 1071 3529 abeis
1086 3469 1142 3528 tu-

348 3564 436 3625 listis
450 3563 581 3625 laudem
596 3577 715 3636 meam,
734 3563 821 3625 idest
836 3562 938 3626 vitam
961 3567 1138 3642 aeternam3

350 3663 383 3723 et
398 3661 507 3723 hocin
523 3661 730 3737 perpetuum.

615 3913 755 3972 SERMO
777 3911 873 3974 LXV.

348 4059 390 4117 lle
412 4057 606 4126 meditatione,
631 4057 808 4126 executione,
836 4065 864 4116 et
889 4057 1076 4117 delectatione
1091 4059 1142 4116 ini-

507 4145 633 4217 quitatis,
649 4151 677 4202 et
690 4143 848 4217 frequentia
864 4145 984 4218 peccati.

218 4279 231 4354 “,
348 4289 573 4364 iniquitatem
599 4289 785 4350 meditatus
809 4289 861 4351 est
884 4292 921 4350 tn
939 4292 1039 4352 cubiti
1054 4305 1140 4352 suo:

387 4387 500 4450 astttu
513 4389 607 4449 omitt
618 4389 684 4446 otae
698 4400 768 4447 non
782 4388 888 4455 bonos,
898 4388 1070 4450 malitiam
1082 4404 1141 4450 au·

389 4486 457 4546 tcnt
472 4499 541 4546 noo
555 4483 699 4545 atcdt'ott.
715 4481 819 4562 (Psal.
832 4486 884 4556 35,
902 4482 949 4564 5.)

388 4639 424 4699 In
440 4636 503 4697 hoo
525 4650 626 4696 versu
641 4633 783 4712 quatuor
798 4635 971 4709 notantur;
994 4637 1137 4698 Medita-

345 4735 393 4798 tio
409 4733 537 4796 scilicet
547 4731 744 4810 iniquitatis,
761 4747 836 4792 cum
851 4732 931 4794 dicit
947 4755 954 4794 ε
968 4734 1139 4808 Iniquita-

348 4835 416 4894 tcm
424 4831 611 4893 meditatos
621 4831 690 4901 est;
701 4830 860 4891 Executio
871 4831 1067 4908 iniquitatis,
1080 4847 1139 4908 per

347 4928 410 4989 hoc
424 4929 510 5005 quod
531 4927 674 4988 dicitur:
691 4929 734 4987 In
748 4929 849 4989 ctthtti
860 4942 944 5000 suo,·
960 4929 1135 5005 Frequen-

345 5026 393 5087 tia
420 5025 559 5101 peccati,
586 5037 659 5084 curn
681 5023 762 5084 dicit
788 5045 795 5083 ε
823 5025 1051 5086 Astitt'toncnt
1072 5029 1138 5086 ntae

345 5123 541 5194 stoctonam·
556 5120 719 5180 Gaudium
735 5118 805 5180 sive
828 5118 1003 5182 delectatio
1019 5121 1139 5198 iniqui·

345 5219 435 5288 tatis,
452 5233 527 5277 cum
549 5216 629 5278 dicit
651 5237 658 5276 τ
682 5219 761 5278 Non
783 5219 901 5277 odivit.
925 5217 1137 5294 iniquitatem

269 5314 273 5322 '
346 5314 509 5393 siquidem
543 5313 720 5374 meditatur
747 5312 847 5374 homo
873 5317 910 5375 tn
938 5318 1135 5388 caeciliane,

381 5473 408 5545 (1
436 5471 522 5544 Vulg.
537 5471 723 5528 consurrexit.

380 5546 409 5616 (2
442 5543 528 5615 vulg.
543 5542 648 5598 tunica.

380 5617 408 5688 (3
441 5615 526 5687 vulg.
541 5612 675 5685 ejecistis.

1205 463 1280 510 curn
1309 447 1519 526 iniquitatem
1544 449 1809 526 praeconceptam
1842 451 1884 512 ad
1918 467 2010 528 opus

1204 545 1374 622 perducit;
1397 547 1431 608 et
1455 546 1504 608 sic
1526 562 1620 608 mens
1640 546 1796 619 hominis,
1816 565 1891 624 quaa
1908 551 2009 625 prius

1204 642 1512 719 perinhabitantem
1522 643 1665 719 gratiam
1678 646 1751 705 erat
1765 644 1887 718 cubile,
1904 649 1942 707 et
1958 662 2012 706 sa·

1205 741 1351 801 crarium
1381 741 1526 816 Spiritus
1551 743 1677 815 Sancti,
1700 741 1843 804 edicitur
1869 745 2012 804 antrum

1203 836 1339 898 diaboli.
1366 836 1461 906 Unde
1484 837 1545 899 Job
1571 837 1637 916 (37,
1661 837 1696 916 8)
1723 859 1730 898 ε
1754 841 2011 915 «ingredietur

1202 933 1312 996 bestia
1325 934 1501 996 latibulum
1517 951 1625 1006 suum,
1641 938 1675 996 et
1686 937 1722 995 in
1738 939 1834 998 antro
1850 953 1915 999 suo
1933 955 2009 999 mo-

1203 1032 1379 1093 rabitur.»
1400 1032 1506 1094 Valde
1530 1032 1694 1108 siquidem
1718 1034 1827 1110 turpe,
1848 1038 1883 1096 et
1897 1036 2008 1096 inbo-

1203 1131 1334 1190 nestum
1345 1131 1406 1202 est,
1420 1129 1614 1201 thalamum,
1630 1131 1662 1192 et
1675 1132 1860 1192 sacrarium
1882 1134 2006 1193 Trini-

1202 1227 1282 1286 tatis
1307 1228 1455 1288 converti
1472 1228 1506 1286 in
1530 1229 1675 1299 antrum,
1690 1230 1723 1289 et
1737 1229 1847 1290 cubile
1861 1230 2006 1292 diaboli.

1204 1323 1299 1383 Unde
1324 1323 1484 1384 Dominus
1510 1340 1569 1401 per
1594 1325 1798 1400 sophoniam
1818 1326 1860 1387 de
1889 1329 2008 1390 anima
2087 1325 2088 1380 1

1202 1422 1389 1496 peccatrice
1402 1421 1450 1482 ait
1461 1421 1505 1498 (2,
1522 1420 1573 1500 15)
1592 1443 1600 1481 :
1616 1438 1635 1481 ‹
1651 1422 1821 1493 Quomodo
1841 1422 1934 1486 iacta
1955 1428 2008 1487 est
2087 1465 2088 1520 i

1202 1517 1237 1577 in
1258 1517 1425 1578 desertum
1458 1518 1567 1580 cubile
1593 1519 1730 1580 bestiast
1755 1537 1774 1578 n
1814 1523 1853 1582 Et
1882 1539 2005 1584 revera
2087 1523 2088 1554 ³

1202 1629 1295 1674 mens
1315 1615 1471 1689 hominis,
1488 1616 1636 1692 quandiu
1660 1618 1712 1677 est
1735 1617 1844 1679 cubile
1870 1620 2003 1681 daemo-

1201 1711 1264 1783 nis,
1279 1713 1330 1772 ost
1340 1713 1426 1773 sicut
1439 1715 1530 1774 terra
1543 1713 1686 1786 deserta,
1699 1731 1774 1776 cum
1785 1731 1847 1778 nec
1857 1717 2004 1780 humore

1200 1810 1317 1884 gratiae
1337 1810 1381 1870 sit
1404 1811 1555 1886 irrigata,
1582 1828 1643 1874 nec
1667 1827 1687 1872 a
1709 1811 1796 1875 bono
1816 1829 1920 1891 opere
1937 1815 2002 1877 ice-

1200 1907 1359 1982 cundata3
1388 1908 1475 1969 unde
1497 1908 1619 1970 ibidem
1635 1910 1777 1972 dicitur:
1794 1916 1937 1974 Ponam
1956 1913 2002 1992 (t)

1199 2007 1390 2077 speciosam
1413 2009 1450 2068 tn
1478 2009 1707 2080 solitudinem,
1734 2010 1768 2069 et
1792 2013 1998 2082 iacinctum,

1198 2103 1233 2164 ct
1247 2106 1348 2175 occasi
1358 2105 1548 2165 desertum.
1565 2107 1659 2166 Mens
1672 2106 1835 2182 siquidem
1850 2107 2001 2170 hominis
2087 2179 2088 2186 χ

1200 2199 1352 2275 speciosa
1365 2200 1426 2268 est,
1444 2201 1591 2277 quandlu
1604 2201 1732 2264 habitat
1744 2205 1829 2264 inea
1840 2207 1999 2282 justitia3

1200 2311 1274 2373 quae
1290 2297 1425 2373 ponitur
1448 2299 1483 2360 in
1505 2298 1731 2371 solitudinem,
1753 2317 1828 2361 cum
1844 2317 2001 2378 perpec-

1202 2395 1312 2455 catum
1326 2409 1346 2454 a
1360 2396 1428 2456 Deo
1443 2395 1620 2457 deseritur.
1636 2397 1730 2459 Unde
1752 2398 1859 2460 Joelis
1872 2397 1921 2479 (2,
1938 2401 1974 2478 3)
1990 2423 1998 2460 :

1199 2493 1343 2563 «Quasi
1369 2493 1486 2554 hortus
1521 2494 1682 2570 paradisi,
1710 2497 1782 2558 sive
1811 2497 1999 2574 voluptatis

1198 2589 1289 2650 terra
1314 2605 1427 2652 coram
1454 2605 1505 2661 eo,
1529 2593 1563 2652 et
1585 2592 1659 2668 post
1673 2607 1749 2654 sum
1765 2593 1914 2656 solitudo
1937 2596 1999 2657 de-

1198 2685 1280 2747 serti
1291 2701 1330 2760 »3
1346 2689 1380 2748 et
1394 2687 1542 2764 loquitur
1555 2687 1596 2750 de
1611 2688 1701 2750 ddeli
1716 2690 1839 2762 anima,
1853 2708 1931 2768 quae
1948 2696 1999 2755 est

1198 2787 1298 2856 ptcast
1318 2784 1440 2846 hortus
1466 2785 1664 2848 deliciarum
1688 2803 1800 2850 coram
1829 2803 1881 2861 ec,
1907 2790 1999 2852 idest

1198 2881 1277 2952 Deo,
1294 2879 1382 2942 idest
1396 2883 1574 2959 antequam
1590 2899 1650 2960 per
1662 2887 1834 2961 peccatum
1851 2887 1911 2949 liat
1930 2905 1997 2948 cu-

1196 2976 1263 3038 bile
1279 2977 1449 3040 daemonis.
1469 2981 1507 3040 nt
1525 2981 1600 3056 post
1613 2997 1698 3053 eum,
1713 2983 1799 3044 idest
1813 2985 1998 3062 postquam
2087 2975 2088 2978 '

1197 3073 1322 3136 diaboli
1345 3076 1381 3137 nt
1402 3079 1548 3143 antrum,
1569 3078 1602 3138 et
1624 3079 1885 3156 receptaculum,
1907 3097 1996 3144 con·
2087 3087 2088 3158 ,

1194 3173 1338 3234 vertitur
1350 3173 1385 3232 in
1396 3173 1610 3236 solitudinem
1630 3177 1765 3248 deserti,
1792 3193 1855 3240 nec
1868 3181 1921 3240 est
1937 3182 1995 3257 qni
2087 3179 2088 3200 ²

1196 3268 1334 3344 effugiat
1346 3285 1432 3331 eum.
1452 3273 1545 3333 Unde
1563 3274 1714 3350 sequitur
1733 3275 1769 3336 in
1789 3276 1907 3337 eodem
1932 3279 1995 3339 So-
2087 3297 2088 3300 ¹

1196 3365 1320 3442 phonia
1335 3389 1342 3427 :
1355 3369 1395 3429 nt
1406 3369 1442 3430 in
1454 3370 1582 3432 invium
1595 3393 1602 3447 ;
1620 3387 1682 3432 nec
1696 3372 1829 3445 mirum,
1846 3375 1927 3451 quia
1944 3379 1995 3438 est

1195 3464 1270 3524 sine
1282 3465 1337 3526 via
1355 3487 1362 3526 ι
1379 3466 1476 3526 Illum
1491 3469 1580 3530 enim
1594 3469 1704 3546 ejecit,
1721 3471 1777 3546 qui
1791 3473 1842 3533 est
1852 3473 1920 3546 via,
1933 3490 1993 3535 re-

1196 3561 1290 3629 ritas,
1302 3563 1335 3624 et
1348 3563 1418 3623 vita
1432 3563 1493 3644 (5).

1233 3661 1408 3737 Sequitur:
1423 3664 1462 3723 nt
1474 3665 1569 3740 quasi
1581 3663 1748 3728 desertum
1760 3688 1767 3726 :
1778 3668 1991 3730 accubabunt

1195 3757 1230 3818 in
1246 3757 1355 3820 medio
1370 3761 1445 3835 ejus
1460 3773 1591 3836 greges,
1611 3762 1697 3825 idest
1721 3764 1803 3826 vitia
1823 3767 1989 3838 carnalia,

1194 3856 1228 3916 et
1242 3870 1356 3916 omnes
1371 3854 1486 3918 bestiae
1500 3857 1662 3933 gentium,
1685 3859 1772 3922 idest
1795 3863 1910 3924 omnia
1924 3879 1988 3940 ge·
2087 3935 2088 3938 Ἴ

1195 3967 1277 4014 nera
1292 3953 1549 4028 daemoniorum3
1572 3957 1606 4016 et
1620 3956 1706 4033 quod
1733 3957 1866 4021 dixerat
1880 3961 1917 4021 in
1931 3977 1993 4036 ge-

1194 4050 1313 4122 nerali,
1327 4051 1540 4128 prosequitur
1553 4053 1588 4112 in
1605 4055 1743 4129 speciali
1758 4072 1794 4115 ε(
1809 4059 1991 4120 Onocrota·

1194 4147 1426 4215 lus,etericius
1438 4149 1473 4209 in
1483 4148 1654 4211 liminibus
1664 4155 1738 4229 ejus
1751 4153 1988 4216 morabuntur:

1194 4260 1260 4306 vox
1275 4247 1441 4306 cantantis
1456 4246 1490 4307 in
1506 4244 1664 4318 fenestra,
1680 4249 1713 4311 et
1725 4265 1847 4312 corvus
1871 4253 1909 4314 in
1928 4270 1990 4313 su-

1193 4341 1413 4418 perliminari.
1430 4359 1449 4403 »
1464 4345 1681 4406 Onocrotalus
1705 4348 1755 4408 est
1781 4348 1908 4410 animai
1928 4351 1991 4410 ha·
2087 4363 2088 4428 1

1193 4437 1276 4498 bens
1292 4437 1401 4500 iellem
1414 4439 1449 4500 in
1462 4443 1590 4513 ventre,
1605 4443 1657 4504 vel
1668 4444 1812 4518 gutture,
1823 4445 1881 4505 ubi
1892 4447 1990 4523 qnasi

1192 4536 1229 4595 in
1244 4536 1377 4598 sacculo
1392 4551 1487 4598 escas
1502 4537 1653 4622 deponit3
1678 4541 1710 4602 et
1735 4541 1906 4616 significat
1925 4559 1990 4619 gu·
2087 4591 2088 4616 ,

1193 4633 1312 4705 losum,
1330 4636 1363 4694 et
1375 4649 1525 4695 avarum.
1542 4636 1684 4697 Gulosus
1707 4637 1796 4698 enim
1810 4640 1911 4715 quasi
1925 4639 1989 4700 lel-
2087 4649 2088 4722 j

1193 4730 1257 4792 lem
1282 4728 1382 4792 habet
1398 4732 1434 4791 in
1459 4733 1604 4806 gutture,
1627 4748 1702 4794 cum
1721 4737 1832 4796 omnia
1849 4739 1988 4813 paratus
2087 4731 2088 4810 }

1193 4828 1236 4888 sit
1247 4827 1430 4891 devorare:
1447 4831 1480 4890 et
1495 4843 1628 4901 avarus,
1647 4847 1721 4892 cum
1736 4832 1822 4892 nihil
1836 4833 1903 4894 sibi
1918 4849 1989 4894 cre-

1193 4925 1249 4986 dat
1268 4925 1439 4999 sulficere;
1460 4929 1494 4987 et
1514 4926 1589 4989 ideo
1604 4929 1701 5004 quasi
1725 4929 1760 4990 in
1784 4929 1862 4992 selle
1888 4933 1988 4993 alteri
2087 4941 2088 4944 ’

1192 5035 1287 5082 escas
1297 5023 1467 5100 relinquit,
1485 5023 1562 5084 dum
1578 5025 1712 5087 divitias
1724 5025 1863 5102 colligit,
1878 5031 1913 5090 et
1931 5044 1990 5090 re-

1192 5120 1295 5195 ponit.
1312 5121 1453 5192 ltricius,
1466 5137 1541 5182 cnm
1558 5121 1648 5184 videt
1660 5125 1794 5200 secapi‚
1812 5140 1874 5186 nec
1889 5141 1988 5201 posse
2087 5137 2088 5146 ¹

1192 5217 1344 5289 evadere,
1368 5218 1432 5279 hoc
1445 5219 1545 5282 habet
1570 5221 1832 5293 consuetudinis,
1848 5225 1935 5299 quod
1951 5239 1988 5284 se

1191 5315 1296 5376 totum
1320 5316 1416 5392 quasi
1444 5317 1479 5376 in
1504 5333 1605 5378 unum
1627 5317 1760 5393 globum
1784 5319 1986 5396 colligitita,
2087 5409 2088 5412 Ἴ

1227 5473 1269 5542 (1)
1290 5473 1374 5544 Vulg.
1392 5475 1490 5531 Ponet.

1228 5543 1268 5614 jd)
1288 5545 1368 5601 toan.
1388 5545 1428 5612 11,
1442 5545 1467 5601 6.
