4158 6380
103 250 142 312 ol
592 243 916 309 PROLEGOMENA.
937 273 978 290 -
998 242 1267 306 TESTIMONIA.
1711 249 1755 307 62

106 408 208 470 sedin
220 402 377 470 universa
385 403 534 470 Ecclesia
543 405 778 468 celebraretur.
796 404 897 468 0ho-
953 404 1036 481 lippi
1060 405 1105 466 IV
1129 419 1288 480 germana
1316 418 1423 476 soror,
1450 420 1523 482 quae
1545 401 1646 466 etiam
1672 405 1753 467 huic

103 521 182 566 num
211 507 326 575 Deum,
355 504 411 581 qui
440 504 525 566 votis
553 503 677 564 nostris
692 503 737 564 ita
753 502 846 576 iavit,
864 503 900 564 ut
953 501 1060 564 tertiae
1075 501 1231 576 religioni
1247 517 1367 563 nomen
1389 501 1561 574 dederunt,
1579 519 1752 580 quaecum

102 603 210 664 sactus
226 601 360 663 Ordinis
372 600 538 676 generalis
548 599 652 662 frater
662 615 766 674 meus,
784 615 900 677 propo-
953 596 1185 673 potentissimo
1208 598 1243 658 et
1262 597 1412 672 piissimo
1424 613 1503 674 rege
1518 600 1604 659 Deus
1620 599 1677 660 diu
1697 600 1754 660 in·

103 699 159 760 siti
176 698 283 760 nostri
302 713 439 770 memor,
454 713 506 758 me
527 697 639 768 etiam,
656 699 691 760 ut
714 696 817 773 potui,
834 697 898 758 ad·
954 694 1101 756 columes
1116 693 1236 754 servet.
1252 696 1302 754 An
1318 693 1403 756 forte
1422 711 1489 755 uon
1505 695 1601 758 decet
1624 697 1751 773 regiam

97 797 239 874 juvante
255 793 387 873 (saltem
402 793 563 870 propositi
578 793 810 855 recordatione
832 809 899 854 uon
954 790 1148 866 dignitatem
1161 790 1326 851 cilicium?
1336 793 1437 854 Decet
1447 793 1547 866 certe,
1560 794 1594 856 et
1603 795 1754 870 tempore

101 890 309 971 necessaria)
331 891 450 954 festum
475 889 638 952 celebrari
660 891 851 962 obtinuerit,
867 892 900 953 et
953 888 1055 950 Elisei
1083 888 1253 965 prophetae
1287 904 1326 949 eo
1363 905 1458 952 usum
1491 906 1604 965 regem
1634 891 1749 962 lsrael,

101 991 218 1067 primae
247 992 320 1065 ejus
349 988 489 1050 solemni
515 987 734 1050 celebrationi
771 988 900 1050 adstitit
953 987 1070 1046 narrat
1084 985 1232 1047 Historia
1248 1000 1344 1046 sacra
1360 984 1419 1063 (1).
1437 986 1531 1047 Unde
1546 1002 1626 1063 ergo
1641 989 1749 1048 mira·
1837 1027 1847 1042 .

101 1089 174 1164 ipse
186 1085 354 1162 generalis
370 1085 514 1156 Ordinis,
532 1085 644 1146 adstiti
656 1085 689 1148 et
701 1101 762 1161 ego
776 1087 899 1148 sanctae
953 1081 1012 1153 ris,
1022 1081 1108 1159 quod
1117 1081 1299 1143 cardinalis
1308 1083 1503 1143 cinericium
1513 1083 1662 1146 habitum
1676 1101 1753 1162 pur·

102 1187 262 1246 Romanae
270 1183 425 1244 Ecclesiae
436 1185 506 1260 jam
518 1182 710 1254 cardinalis,
718 1183 775 1259 qui
783 1197 900 1259 propo·
953 1191 1047 1253 puras
1061 1177 1221 1252 imponat,
1237 1178 1270 1239 et
1290 1175 1414 1238 chorda
1427 1193 1463 1237 se
1478 1177 1681 1253 praecingatr
1695 1179 1754 1239 Di-

99 1281 159 1342 siti
187 1283 336 1356 tempore
365 1294 431 1340 non
461 1279 575 1356 elapso
599 1279 708 1340 adhuc
738 1279 899 1340 decennio
954 1273 1002 1334 ois
1020 1273 1185 1334 :Humilis
1210 1273 1343 1334 habitus
1369 1274 1431 1346 est,
1461 1273 1562 1336 tantae
1585 1274 1750 1349 dignitati.

98 1393 193 1439 eram
218 1377 402 1438 saecularis.
434 1375 516 1438 Vide
542 1378 702 1454 quantum
725 1376 898 1452 praemium
953 1374 995 1433 at
1010 1387 1071 1446 ego
1094 1371 1290 1448 respondeo,
1315 1371 1391 1432 ideo
1413 1372 1660 1448 suscipiendum
1689 1372 1753 1434 hoc

98 1491 161 1552 pro
186 1475 324 1535 minimo
348 1473 469 1537 affeetu
492 1473 695 1535 devotionis!
718 1473 752 1534 et
776 1475 900 1550 quanta
954 1469 1121 1545 tempore,
1147 1484 1165 1527 a
1192 1483 1266 1530 cum
1294 1469 1386 1530 tanto
1426 1470 1601 1542 humilior,
1653 1471 1753 1547 atque

101 1572 166 1631 sim
195 1570 274 1632 huic
303 1569 379 1632 divo
404 1570 607 1646 obligatione
633 1570 815 1642 devinctus
843 1571 899 1646 qui
954 1565 1025 1626 sad
1052 1565 1263 1627 serviendum
1288 1569 1355 1627 Deo
1377 1567 1561 1644 promptior
1576 1568 1752 1644 quisquam

100 1668 178 1740 hoc,
197 1667 230 1728 et
251 1667 376 1738 omnia,
396 1683 468 1744 qnae
483 1666 596 1741 habui,
610 1666 718 1743 ipsius
733 1667 899 1728 devotioni
954 1661 1104 1723 «debeat
1125 1677 1198 1724 esse
1214 1679 1256 1724 ex
1270 1679 1420 1736 munere,
1435 1666 1558 1742 quanto
1572 1681 1608 1726 se
1623 1665 1754 1742 ohliga-

98 1764 279 1827 tribuenda
289 1779 409 1825 censeo
424 1785 432 1823 ε
447 1779 573 1840 quama
584 1763 778 1840 parentibus
791 1763 901 1824 haere-
954 1776 972 1818 a
985 1759 1104 1820 liorem
1120 1775 1193 1820 esse
1213 1761 1375 1838 conspicit
1400 1762 1437 1822 in
1462 1761 1631 1824 reddenda
1645 1763 1752 1824 ratio-

100 1861 239 1923 ditatem
280 1860 480 1936 accepimus,
517 1860 574 1937 qui
607 1859 648 1921 oh
680 1875 836 1935 magnum
864 1859 899 1920 in
954 1871 1027 1916 «ne
1043 1854 1194 1936 (2)»:et
1213 1857 1308 1919 nohis
1328 1858 1548 1920 humilitatem
1574 1860 1637 1921 hoc
1659 1861 1748 1922 tem-

100 1959 315 2019 Franciscum
324 1953 491 2029 affectum,
505 1971 566 2018 sua
579 1972 719 2033 corpora
731 1957 898 2034 antiquis·
954 1968 1045 2030 pore,
1057 1969 1121 2030 quo
1133 1955 1174 2015 ad
1185 1955 1287 2016 talem
1302 1955 1408 2016 evecti
1420 1971 1534 2016 sumus
1543 1956 1749 2031 dignitatem,

99 2056 187 2117 simo
202 2056 321 2132 majori
334 2054 522 2118 Placentini
536 2055 718 2115 conventus
737 2053 898 2114 Francis·
953 2051 1079 2112 «tanto
1107 2051 1213 2126 magis
1240 2052 1385 2113 arbitror
1410 2068 1485 2114 esse
1516 2054 1751 2127 necessariam,

98 2153 178 2213 cani
207 2152 330 2213 sacello
357 2151 488 2214 decoris
515 2150 719 2228 sepulchris,
735 2154 769 2212 et
784 2150 898 2226 paucis
954 2151 1110 2224 «quanto
1125 2151 1232 2225 major
1247 2150 1398 2211 noscitur
1412 2149 1553 2212 matoria
1575 2154 1753 2228 suppetere

98 2248 224 2310 abhinc
240 2250 338 2309 annis
353 2249 394 2309 ab
409 2248 638 2310 illustrissimo
657 2247 760 2309 fratre
785 2248 898 2308 nostro
954 2243 1207 2322 «superbiendi.
1261 2249 1391 2316 Genus,
1441 2250 1544 2320 aetaS,
1598 2249 1750 2322 scientia,

97 2346 258 2423 episcopo
292 2346 479 2406 innumeris
515 2344 680 2406 decoratis
707 2343 897 2406 sanctorum

96 2443 267 2520 reliquiis,
284 2442 338 2518 pie
354 2441 642 2516 commendarunt;
665 2456 804 2519 quorum
820 2443 897 2502 ani·

97 2555 172 2600 mas
194 2539 323 2599 meritis
342 2539 375 2600 et
394 2538 548 2615 precihus
571 2536 660 2598 beati
686 2538 897 2615 patriarchae,

97 2637 220 2713 suique
236 2635 369 2695 Ordinis
383 2634 535 2706 fratrum,
552 2634 606 2711 pie
622 2637 800 2710 sperojam
824 2633 907 2710 glo-·

96 2733 152 2795 ria
176 2731 293 2809 potiri;
311 2733 343 2792 et
358 2747 497 2808 quorum
517 2731 697 2803 consortio,
726 2731 899 2792 Fratrum-

100 2844 168 2906 que
194 2828 359 2888 Minorum
380 2826 563 2902 suffragiis,
579 2828 615 2888 ut
637 2843 698 2902 ego
714 2842 788 2887 cum
802 2843 895 2904 pree-

96 2926 189 2986 dicto
204 2924 306 2986 iratre
322 2940 394 2986 meo
417 2923 639 3000 perfruamur,
656 2925 691 2984 in
706 2924 821 2986 eadem
836 2939 895 2985 ec-

97 3022 203 3084 clesia
217 3021 307 3082 aliud
332 3021 504 3098 amplioris
519 3021 653 3083 aedificii
674 3037 735 3097 ego
762 3022 897 3083 extruxi

97 3118 270 3190 sacellum,
284 3135 348 3196 quo
359 3135 497 3196 corpora
507 3119 621 3180 nostra
639 3120 894 3189 constituantur,

98 3220 137 3278 ut
157 3216 205 3278 ihi
220 3217 442 3294 requiescant,
469 3215 526 3276 uhi
541 3230 673 3293 semper
687 3216 820 3277 animus
836 3232 895 3277 re-

99 3315 212 3392 quiem
228 3313 364 3375 invenit.

139 3411 182 3473 At
195 3412 231 3472 tu
246 3411 436 3482 admiraris,
460 3411 492 3472 et
507 3411 709 3472 solemnibus
725 3410 896 3472 celebrare

16 3548 23 3558 -
99 3509 194 3584 cupis
207 3508 378 3575 encomiis,
392 3523 445 3568 me
458 3509 531 3584 post
543 3523 722 3585 purpuram
740 3508 897 3568 cardina-

98 3606 183 3666 litiae
205 3605 390 3680 dignitatis,
412 3603 562 3666 habitum
580 3605 671 3666 tertii
693 3605 826 3666 Ordinis
842 3604 897 3664 in-

98 3703 223 3772 duisse,
249 3703 282 3763 θῖ
309 3702 504 3764 solemniter
525 3702 658 3763 tertiam
674 3701 894 3777 patrisnostri

98 3798 272 3859 Francisci
298 3799 459 3874 Regulam
476 3797 663 3874 professum
689 3797 803 3858 fuisse.
831 3797 894 3858 Sed

97 3896 273 3972 quomodo,
291 3899 347 3973 qui
361 3896 534 3972 meipsum,
551 3896 584 3955 et
605 3895 728 3965 omnia,
744 3910 817 3970 quae
833 3894 896 3954 ha-

97 3992 347 4063 heo,Franoisci
362 4009 435 4054 esse
451 3989 640 4068 profitebar,
658 4007 789 4068 possem
805 4007 892 4068 qua-

99 4090 272 4166 lecumque
290 4089 449 4150 exhibere
463 4089 651 4151 devotionis
667 4089 811 4165 signum,
828 4086 894 4149 nisi

97 4185 261 4262 meipsum
283 4203 352 4247 suae
381 4186 540 4262 religioni
564 4186 779 4248 devovereml
798 4189 894 4247 Anne

97 4283 257 4358 indignus
285 4283 336 4344 est
372 4283 544 4344 Francisci
582 4282 683 4352 lunis,
711 4298 775 4361 quo
800 4282 893 4359 regia

96 4394 246 4456 purpura
268 4380 438 4456 cingatur?
460 4382 506 4441 Eo
521 4380 719 4456 praecinctus
744 4379 892 4442 Ludovi-

96 4492 158 4537 cus
180 4492 243 4538 rex
264 4476 391 4548 Galliae,
414 4475 584 4539 Elisabeth
598 4477 780 4552 Hungariae
796 4477 892 4552 prin-

97 4589 189 4651 cepe,
206 4575 242 4634 in
259 4575 454 4636 Sanctorum
464 4589 639 4634 numerum
652 4573 768 4648 relati3
783 4573 892 4650 impe-

95 4669 891 4746 ramices,reges,roginae,etaliiprincipesviri;

96 4784 239 4846 quorum
252 4783 437 4840 numerum,
454 4769 602 4844 tempore
617 4768 732 4828 mortis
746 4782 815 4827 suae
834 4766 894 4828 de-

94 4865 269 4928 votissime
299 4863 448 4926 habitum
473 4863 674 4940 suscipiens,
708 4862 802 4924 auxit
830 4863 893 4924 hoc

95 4976 186 5024 anno
214 4961 389 5037 Philippus
424 4960 541 5022 tertius
577 4957 830 5034 Hispaniarum,
861 4959 894 5020 et

93 5059 197 5136 paulo
226 5067 302 5118 ante
329 5056 544 5118 serenissima
580 5055 749 5132 Hispaniae
775 5057 892 5142 regina

94 5155 279 5224 Elisabeth,
302 5153 447 5230 Philippi
469 5155 513 5216 lV
528 5152 654 5214 domini
673 5153 778 5214 nostri
795 5167 890 5223 uxor,

94 5255 130 5315 et
145 5250 352 5312 nobilissima
362 5249 515 5327 princeps
530 5249 637 5310 Maria
649 5249 796 5326 eJ'usdem
811 5250 893 5310 Phi-

134 5391 162 5461 (l
199 5391 237 5448 lV
248 5391 331 5460 fleg,
352 5403 391 5446 vr.

133 5461 164 5525 (ἰ
193 5461 323 5532 Gregor,
344 5459 428 5517 llom.
440 5457 467 5526 9,
483 5459 513 5515 in
528 5459 695 5532 Evangelio.

135 5529 177 5602 (³)
193 5529 341 5598 bernard,
360 5529 442 5600 episi.
457 5529 501 5586 li.

954 2341 1162 2414 «cathedra,
1196 2342 1229 2402 et
1255 2343 1342 2419 quod
1375 2347 1484 2422 majus
1515 2346 1581 2416 est,
1623 2347 1754 2422 prima-

952 2437 1037 2499 ‹tus
1051 2440 1284 2515 praerogativa,
1297 2441 1350 2501 cui
1361 2456 1428 2502 non
1441 2443 1552 2502 essent
1562 2443 1752 2508 insolentis

954 2538 1157 2608 «comessi
1177 2537 1374 2598 elevationis
1396 2539 1547 2600 occasioi
1564 2556 1752 2617 quanquam

952 2648 1055 2694 «esse
1082 2634 1211 2709 possint
1233 2635 1267 2695 et
1276 2634 1498 2717 humilitatis.
1514 2637 1751 2698 Meditantihus

952 2729 1115 2806 «quidem
1140 2730 1284 2792 honores
1310 2731 1536 2804 blandiuntur,
1562 2734 1619 2795 sed
1649 2750 1752 2796 onera

953 2828 1200 2903 «pensantibus
1243 2828 1342 2890 taedio
1385 2833 1462 2892 sunt
1497 2831 1597 2908 atque
1632 2830 1752 2893 lormi-

951 2923 1052 2984 «dini
1068 2922 1159 3003 (3).»
1176 2926 1239 2986 Sed
1255 2927 1428 3002 superbire
1451 2927 1634 2990 honoribus
1654 2946 1749 2991 com·
1803 3002 1808 3010 .

952 3021 1085 3094 munius
1114 3022 1179 3093 est,
1206 3039 1393 3100 ‹saepeque
1414 3025 1608 3086 transitoria
1639 3027 1753 3102 potes-

952 3119 1036 3178 «tas
1056 3119 1202 3180 animam
1217 3136 1276 3196 per
1295 3120 1435 3198 abrupta
1458 3121 1613 3183 elationis
1641 3124 1749 3200 rapit:

952 3215 1176 3293 «plerumque
1191 3217 1279 3278 enim
1295 3233 1331 3278 se
1350 3219 1464 3279 animo
1482 3221 1618 3296 accepta
1634 3223 1750 3296 potes-

951 3313 1032 3373 «tas
1046 3312 1170 3390 objicit,
1185 3330 1260 3375 oum
1270 3316 1405 3378 tumidis
1419 3317 1674 3393 cogitationibus
1690 3319 1750 3380 ial-

951 3409 1028 3471 alit.
1041 3413 1143 3471 Manu
1152 3427 1232 3486 ergo
1248 3413 1442 3475 humillimae
1456 3415 1745 3490 considerationis,

951 3506 1215 3584 «deprimendus
1248 3514 1298 3572 est
1326 3511 1453 3572 tumor
1472 3513 1627 3575 elationis
1653 3512 1665 3593 (
1689 3512 1749 3592 ).»

952 3604 1038 3665 ilino
1062 3607 1188 3666 Paulus
1216 3607 1258 3666 ad
1282 3609 1496 3684 Apostolatus
1518 3611 1551 3672 et
1565 3611 1750 3686 magisterii

951 3701 1143 3776 dignitatem
1156 3704 1302 3775 evectus,
1317 3705 1412 3765 nohis
1428 3706 1545 3778 elucet,
1563 3724 1582 3766 a
1597 3706 1748 3769 serviens

950 3785 1117 3860 «Domino
1133 3801 1309 3860 cumomni
1324 3801 1526 3877 humilitate;
1545 3820 1672 3866 memor
1689 3805 1749 3865 hu·

950 3895 1143 3967 «militatis,
1160 3913 1233 3973 quae
1258 3897 1322 3966 his,
1351 3899 1409 3975 qui
1434 3902 1581 3976 praesunt
1601 3902 1746 3963 maxime

950 3992 1146 4066 «congruit,
1174 4009 1213 4054 eo
1236 3994 1321 4070 quod
1348 3994 1507 4057 facillime
1526 3997 1562 4057 in
1584 4013 1749 4074 arrogan-

949 4089 1058 4150 ‹tiam
1070 4089 1233 4152 tolluntur
1249 4088 1311 4170 (5).
1323 4108 1342 4151 s
1354 4093 1473 4154 Nonne
1481 4093 1544 4154 hoc
1555 4111 1616 4155 nos
1630 4095 1750 4158 docent

949 4187 1104 4248 anatura
1132 4185 1305 4249 instructae
1331 4205 1442 4264 grues,
1468 4191 1598 4266 quaein
1628 4192 1748 4254 altiora

949 4284 1130 4352 elevandae,
1154 4299 1196 4344 ne
1222 4286 1366 4346 aventis
1386 4286 1452 4346 huc
1475 4287 1621 4365 illucque
1638 4291 1748 4366 proJi-

949 4381 1091 4452 cientur,
1104 4379 1232 4456 lapides
1242 4380 1381 4458 pedibus
1392 4384 1535 4458 portant,
1553 4388 1589 4447 ut
1601 4387 1748 4462 pondere

949 4478 1100 4539 securius
1115 4478 1231 4538 volare
1243 4477 1382 4555 possint,
1395 4496 1469 4556 quae
1479 4481 1623 4543 leviores
1637 4485 1747 4546 ventis

949 4574 1067 4635 cedere
1082 4573 1380 4650 compellerentur?
1398 4577 1517 4638 Nonne
1532 4579 1643 4639 navim
1661 4596 1745 4641 one-

949 4669 1002 4731 rat
1025 4672 1139 4741 nauta,
1161 4670 1197 4731 ut
1216 4671 1264 4732 sio
1286 4671 1443 4748 depressa
1459 4676 1491 4735 θῖ
1506 4673 1660 4747 demissa,
1682 4677 1748 4736 hu-

948 4767 1060 4828 milior
1074 4767 1162 4838 licet,
1179 4768 1327 4828 securior
1341 4769 1452 4829 tamen
1463 4769 1528 4831 iter
1542 4773 1619 4846 agat
1634 4789 1742 4847 suum,

949 4879 1009 4925 neo
1030 4864 1076 4925 ita
1106 4863 1204 4925 facile
1224 4880 1244 4925 a
1270 4864 1466 4941 procellosis
1482 4867 1581 4928 undis
1596 4872 1744 4945 agitata,

948 4961 1014 5022 huo
1027 4961 1174 5037 illucque
1183 4962 1310 5038 jactata
1325 4962 1551 5039 demergatnr3
1566 4965 1675 5042 atquo
1690 4968 1745 5028 al-

948 5058 1088 5119 tioribus
1113 5059 1229 5119 natare
1244 5058 1335 5134 cupit
1361 5059 1471 5132 undis,
1499 5075 1538 5122 eo
1563 5077 1599 5122 se
1620 5067 1748 5141 majore

949 5155 1068 5230 gravat
1096 5157 1217 5216 oneret
1240 5155 1324 5226 Quid
1349 5171 1428 5232 ergo
1453 5171 1514 5234 ego
1542 5157 1687 5221 iacerem
1707 5179 1748 5224 eo

948 5255 1108 5329 tempore,
1132 5266 1196 5331 quo
1221 5251 1377 5328 indignus
1400 5253 1441 5314 ad
1463 5256 1531 5317 tam
1557 5271 1747 5334 supremum

997 5389 1023 5458 il
1043 5390 1177 5464 Gregor„
1194 5389 1243 5448 lib.
1259 5391 1338 5461 xxl,
1354 5391 1467 5462 inlob,
1485 5409 1511 5450 c.
1523 5395 1555 5450 10
1570 5403 1598 5452 el
1613 5397 1656 5456 ll.

948 5459 1106 5602 apozima
1133 5477 1180 5520 xx.
1210 5461 1369 5537 chrysost,
1405 5465 1488 5522 Hom.
1520 5465 1564 5534 lh,
1601 5467 1631 5526 in
1659 5467 1749 5526 actus
