4204 6402
344 215 405 278 ὥθ
762 217 795 275 S.
822 213 997 276 annotati
1027 209 1215 274 Piuuartt
1246 209 1381 270 OPERA
1411 207 1559 268 OMNIA.
1813 303 1817 308 Ι
1932 203 1988 266 860

345 375 533 440 obstinatur
558 375 594 436 in
631 371 814 450 petulantia
852 373 910 449 qni
945 371 1136 448 corripitur,
1452 367 1593 428 SERMO
1614 363 1725 428 cxiii.

345 473 432 551 (1¹¹9d
445 472 599 534 ⁰³⁰⁰t¹¹m
608 470 827 546 ⁰⁰“01'50nis
838 469 1030 578 fflnoemnft·
1044 468 1138 578 Unde
1192 498 1271 568 Quod
1287 500 1364 555 ilaus
1376 497 1501 570 protegit
1522 511 1601 564 euos,
1616 503 1718 554 utnon
1733 503 1854 568 erogent
1876 493 1988 551 diabolo

345 570 591 630 subdiiUlin
601 567 722 628 edwii!
732 567 896 642 Ouidium·
905 565 965 626 1¹¹0
974 565 1137 642 Sliffldem
1227 585 1361 644 tributum
1370 586 1521 656 vitiorum;
1534 584 1570 641 de
1584 583 1761 658 quadruplici
1773 583 1903 640 lomento
1916 584 1989 656 ignis

345 666 504 744 praelatus
529 663 676 739 gladium
703 677 769 724 non
790 662 936 724 extrahit
951 677 970 722 a
984 661 1136 733 vulnere,
1228 672 1343 730 diaboii.

345 761 401 838 qui
416 761 457 821 de
471 760 582 837 rigore
597 759 784 830 sententiae,
801 759 994 835 atpaternae
1008 772 1138 833 correp
1336 809 1341 820 .
1382 809 1388 821 .

342 852 733 925 tionasninhsuutramt,
756 854 982 916 nruuomnnt
1000 853 1140 914 aecon—
1192 806 1443 964 Protexztsttzud·
1503 903 1513 929 ,
1646 905 1672 962 ι,
1761 906 1805 918 ,,
1854 903 1921 962 Μ

343 952 558 1028 tingentibus,
590 953 627 1012 nt
653 967 722 1012 non
749 950 902 1012 infundat
941 949 1137 1012 vulneribus
1183 999 1185 1004 .
1232 909 1392 1078 &1²23
1417 917 1487 1076 3⁰3⁶
1512 917 1642 976 wem
1660 918 1734 964 mm
1754 917 1852 976 mm
1923 919 1986 964 ⁶²²¹·

344 1048 436 1110 iliius
447 1048 589 1110 sanciati
604 1047 713 1108 oleum
729 1048 937 1125 postvinum,
955 1047 1139 1122 scilicetju·
1329 1043 1337 1058 ‘
1396 1045 1404 1072 ²
1441 1043 1448 1057 '

344 1147 431 1223 giter
441 1145 730 1224 reprehensiones,
759 1143 864 1204 donec
885 1143 997 1205 uideat
1009 1145 1043 1204 in
1059 1143 1137 1204 vul·
1232 1143 1311 1202 iiaec
1323 1155 1389 1202 vox
1404 1143 1455 1200 est
1472 1139 1642 1216 martyris,
1665 1139 1700 1201 in
1717 1141 1812 1216 quus
1829 1139 1916 1200 sesto
1929 1139 1987 1199 de-

344 1242 461 1324 nerata
490 1241 623 1318 aliquod
652 1241 783 1316 signum
810 1240 1051 1302 emendationis
1085 1238 1139 1299 iu·
1193 1235 1988 1311 cantaturistesersusRedditgratiasDomino,

344 1341 439 1403 turae.
1193 1333 1278 1411 quod
1293 1333 1440 1410 protexit
1467 1349 1542 1393 eum
1566 1349 1588 1394 α
1606 1335 1777 1394 conventu
1792 1335 1990 1408 maurnan-

385 1436 474 1498 idem
489 1434 530 1496 de
542 1435 658 1496 eodem
673 1433 783 1510 adipe,
806 1434 838 1495 et
864 1433 976 1496 carnis
995 1433 1139 1508 pingue-
1194 1432 1298 1501 ttum;
1319 1429 1359 1490 de
1375 1444 1439 1506 quo
1464 1431 1628 1490 conventu
1653 1429 1687 1488 in
1712 1428 1992 1506 Judith(i‚10et

1402 821 1457 868 me
1478 821 1500 868 c
1520 805 1692 867 corruente
1705 806 1986 881 malignantium,

345 1533 433 1606 dine,
451 1531 591 1594 Levitici
618 1528 663 1609 (3.
685 1533 705 1591 3
726 1531 766 1592 ad
793 1529 827 1608 5)
846 1552 852 1588 :
869 1547 888 1590 c
908 1529 1058 1606 adipem,
1082 1530 1138 1605 qui
1194 1525 1245 1606 11)
1271 1527 1391 1588 :Misit
1416 1525 1724 1587 Nabuchodonosor
1743 1525 1784 1586 ad
1809 1527 1990 1586 universas

345 1627 453 1706 operit
466 1626 596 1700 vitalia,
620 1627 653 1688 al
667 1626 826 1703 quidquid
850 1624 1065 1702 pinguedinis
1089 1626 1140 1686 est
1193 1623 1347 1698 regiones
1374 1623 1526 1693 nuncios,
1556 1623 1591 1683 ut
1613 1622 1810 1698 colligerent
1837 1622 1989 1682 tributa:

343 1725 546 1786 intrinsecus
561 1745 568 1784 ε
585 1723 667 1784 duos
683 1738 812 1800 quoque
826 1737 924 1784 renes
940 1738 1012 1782 cum
1029 1721 1137 1809 adipe,
1193 1721 1285 1791 ‹Qtri
1307 1735 1422 1780 omnes
1435 1735 1501 1780 uno
1516 1719 1628 1780 animo
1649 1719 1942 1789 contradixerunt,
1960 1723 1991 1778 et

344 1837 409 1900 quo
424 1821 581 1897 teguntur
594 1820 665 1894 ilia,
681 1823 714 1882 et
727 1820 905 1880 reticulum
917 1819 1042 1895 jecoris
1064 1833 1138 1878 eum
1193 1816 1394 1877 remiserunt
1408 1831 1465 1877 eos
1479 1829 1615 1876 vacuos.
1632 1832 1651 1874 a
1666 1815 1836 1892 Siquidem
1867 1815 1988 1876 Nabu-

344 1917 549 1990 renunculis,
566 1913 745 1977 adolebunt
759 1932 799 1977 ea
821 1931 922 1992 super
941 1915 1047 1975 altare
1068 1917 1137 1974 Do·
1194 1911 1403 1974 chodonosor
1425 1912 1477 1973 est
1500 1911 1663 1982 diabolus,
1690 1912 1746 1988 qui
1777 1913 1880 1973 mittit
1907 1929 1992 1971 nun-

344 2015 445 2076 mino.
460 2029 479 2072 a
494 2013 664 2090 Siquidem
685 2012 799 2089 adeps,
814 2013 871 2088 qui
887 2012 994 2088 operit
1008 2011 1136 2081 vitalia,
1194 2008 1263 2070 cios
1279 2024 1356 2068 suos
1372 2009 1412 2068 ad
1437 2010 1552 2084 gentes
1567 2008 1753 2079 universas,
1770 2011 1808 2068 ut
1829 2009 1993 2084 colligant

343 2111 497 2186 designat
512 2109 693 2186 appetitum
708 2109 889 2185 voluptatis
904 2109 982 2170 ritae
1005 2109 1137 2184 tempo·
1194 2104 1257 2166 sibi
1272 2103 1396 2167 tributa
1420 2105 1560 2181 peccati.
1586 2103 1776 2166 stutirem
1799 2105 1993 2166 remittere-

344 2206 438 2278 ralia,
455 2221 518 2284 quo
534 2206 756 2282 procurantur
777 2220 829 2278 ea,
852 2219 925 2281 qum
949 2204 1076 2265 iaciunt
1096 2204 1138 2264 ad
1194 2217 1338 2263 muscos
1361 2217 1496 2270 vacuos,
1526 2201 1614 2263 siout
1640 2201 1764 2277 legitur
1790 2201 1838 2262 ibi
1864 2201 1991 2263 lactum

344 2301 561 2378 temporalem
576 2302 691 2372 vitant
707 2301 956 2376 et'roluptatem
980 2313 1139 2375 corpora-
1193 2297 1306 2359 inisse.
1333 2299 1492 2375 Sequitur
1511 2297 1633 2359 ibidem
1656 2298 1699 2376 (2,
1718 2300 1733 2358 l
1751 2300 1784 2359 et
1792 2296 1825 2376 2)
1843 2313 1851 2358 :
1869 2315 1889 2357 s
1908 2301 1994 2359 Fac·

342 2398 420 2470 lem,
433 2414 531 2475 quam
545 2397 747 2474 voluptatem
761 2395 917 2458 debemus
930 2409 1135 2466 consumere,
1192 2397 1261 2456 tum
1272 2395 1478 2465 estuerbum,
1488 2394 1644 2456 videlicet
1653 2394 1832 2456 concilium
1846 2396 1882 2455 in
1895 2395 1995 2456 domo

344 2493 378 2556 at
396 2493 531 2556 adolere
554 2507 655 2569 super
682 2493 788 2554 altare
812 2492 943 2553 mentis.
968 2489 1138 2565 Pingucdo
1192 2491 1511 2562 Nabuchodonosor,
1523 2493 1558 2551 ut
1569 2490 1827 2565 detenderetse3
1843 2494 1993 2552 vocarit·

345 2590 495 2652 exterior
509 2591 559 2652 est
573 2589 713 2650 affectus
726 2587 767 2648 ad
783 2588 1012 2664 possessiones
1025 2588 1136 2649 terre-
1193 2603 1256 2664 que
1271 2603 1385 2648 omnes
1399 2591 1544 2664 majores
1569 2591 1660 2659 natu,
1678 2599 1859 2664 omnesque
1874 2589 1991 2659 duces,

345 2701 418 2758 nas,
430 2688 463 2747 et
476 2699 531 2748 res
544 2685 738 2746 familiares.
752 2687 816 2746 Per
826 2697 935 2755 renes,
950 2687 983 2743 et
993 2683 1135 2758 adipem,
1193 2687 1226 2744 et
1239 2683 1418 2746 bellatores
1428 2699 1517 2744 snos.
1533 2682 1713 2746 Notabilia.
1732 2683 1907 2760 Siquidem
1921 2685 1995 2746 dic-

345 2797 408 2858 quo
424 2782 582 2858 teguntur
593 2781 664 2852 ilia,
685 2781 881 2856 designatur
903 2780 998 2841 actus
1020 2779 1137 2838 libidi-
1192 2781 1272 2851 tum,
1290 2781 1376 2857 quod
1406 2779 1528 2843 iactum
1555 2782 1606 2843 est
1629 2781 1809 2841 concilium
1831 2782 1868 2841 in
1894 2783 1995 2843 domo

345 2893 462 2952 nosus;
479 2879 512 2941 et
523 2879 681 2956 quoniam
703 2877 737 2938 in
758 2881 873 2955 jecore
893 2879 945 2938 est
970 2875 1044 2936 ione
1059 2891 1139 2936 san·
1192 2875 1511 2948 Nabuchodonosor,
1526 2879 1563 2938 ui
1575 2873 1611 2936 se'
1625 2875 1828 2947 defenderet,
1844 2893 1923 2937 cum
1941 2895 1996 2938 ne·

344 2975 467 3052 guinis,
491 2991 550 3052 per
563 2975 760 3051 sanguinem
785 2974 979 3049 designatur
994 2971 1138 3033 crudeli·
1192 2972 1304 3048 gaium
1320 2971 1383 3034 luit
1395 2973 1425 3032 ei
1441 2972 1611 3034 tributum.
1629 2975 1733 3032 Porro
1747 2971 1904 3032 diabolus
1921 2975 1990 3033 mi·

343 3074 407 3147 tas,
433 3073 520 3135 siout
544 3072 626 3134 dicit
651 3072 757 3132 isaias
783 3069 827 3150 (1,
857 3069 910 3148 15)
939 3091 946 3130 ε
973 3086 992 3130 c
1018 3072 1137 3130 Manus
1192 3084 1303 3143 nores,
1320 3069 1694 3144 etmajoresdaemones
1711 3071 1885 3142 convocat,
1906 3073 1994 3131 utse

341 3171 465 3232 vesuta
480 3169 762 3244 sanguineplenae
783 3169 871 3239 sunt,
888 3166 973 3227 idest
988 3165 1136 3226 crudeli·
1192 3165 1357 3237 defendat,
1386 3181 1460 3226 eum
1489 3166 1563 3242 quis
1588 3181 1653 3226 non
1680 3166 1736 3226 dat
1768 3167 1800 3226 ei
1825 3165 1993 3228 tributum

343 3267 423 3328 tate.
449 3269 514 3326 Per
536 3263 713 3326 reticulum
739 3263 875 3338 jecoris,
904 3261 988 3338 qnod
1015 3261 1135 3332 ierunt,
1192 3262 1330 3338 peccati,
1350 3263 1507 3340 quoniam
1532 3265 1613 3324 tuno
1639 3262 1853 3339 impugnatur
1868 3263 1992 3325 diabo-

345 3359 527 3426 orudelitas
558 3359 764 3433 designatur.
787 3357 949 3419 Debemus
974 3357 1136 3433 siquidem
1192 3359 1254 3430 lus,
1280 3375 1354 3424 cunt
1376 3360 1407 3420 ei
1429 3374 1496 3419 non
1526 3359 1761 3434 acquiescitur.
1785 3359 1883 3420 Unde
1910 3361 1993 3421 dicit

344 3455 407 3516 hos
422 3457 563 3532 quatuor
577 3455 692 3530 adipes
705 3454 839 3516 adolere
854 3456 932 3524 Deo,
948 3453 1036 3514 idest
1057 3469 1137 3514 con·
1192 3455 1323 3532 primo:
1346 3471 1365 3516 s
1385 3455 1582 3516 Protemtstt
1595 3469 1650 3516 mc
1673 3469 1695 3515 u
1716 3457 1889 3517 conuentu
1909 3473 1991 3518 mo-

347 3551 529 3616 sumerem
552 3551 782 3613 holocaustum
806 3549 992 3626 spirituale.
1012 3548 1137 3620 Quibus
1191 3553 1409 3627 signantium.
1435 3549 1537 3611 Mittit
1556 3550 1866 3612 Nabuchodonosor
1881 3553 1991 3620 ilium.

344 3648 560 3725 consumptis,
588 3647 632 3709 sit
659 3647 755 3708 nobis
780 3647 844 3709 iste
876 3645 979 3722 adeps
1003 3647 1135 3718 animm,
1192 3647 1346 3708 videlicet
1358 3647 1581 3717 holofernem,
1599 3662 1658 3722 per
1672 3663 1769 3724 quem
1784 3647 1897 3724 potius
1914 3651 1993 3726 opi-

345 3761 441 3824 quem
455 3745 491 3806 in
505 3745 568 3806 boo
584 3745 707 3808 saecuio
722 3743 890 3806 desiderat
909 3743 1068 3814 Ecclesia,
1086 3741 1138 3802 di·
1191 3745 1291 3805 natur
1306 3743 1483 3820 subjugare
1498 3743 1709 3804 adversarios
1724 3759 1820 3819 suos;
1847 3747 1896 3806 ita
1914 3747 1991 3807 dia-

343 3857 422 3908 oons
440 3864 447 3902 ι
462 3843 558 3908 snut
578 3845 689 3916 adipe,
716 3842 751 3902 et
774 3843 984 3916 pinguedine
1003 3845 1138 3914 replea-
1191 3841 1287 3902 bolus
1303 3840 1393 3902 iacit.
1415 3841 1611 3902 iiololernes
1635 3841 1724 3902 enim
1749 3842 1996 3918 interpretatur

344 3942 403 4003 tur
422 3943 543 4002 aniana
556 3953 655 4009 ntem·
671 3936 1137 4000 ettunciadiiscmuttattonia
1190 3937 1363 4000 infirmans
1383 3937 1525 3999 vitulum
1549 3937 1747 4013 saginatum,
1773 3939 1807 3998 et
1834 3937 1996 4015 designat

343 4037 494 4098 taucacn
511 4050 550 4097 os
574 4049 703 4104 meum,
726 4033 806 4110 quia
828 4034 934 4094 totum
960 4033 1137 4094 holocaus-
1192 4034 1372 4111 potentiam
1387 4032 1522 4105 diaboli,
1539 4035 1595 4110 qui
1606 4033 1754 4094 infirmat
1764 4049 1894 4107 omnes,
1909 4051 1994 4113 quos

343 4131 413 4193 tum
435 4129 574 4190 Domino
596 4128 819 4191 attribuimus.
848 4127 902 4188 Sic
926 4127 1013 4188 enim
1040 4131 1138 4190 tabita
1191 4129 1454 4192 invenituitulos
1469 4145 1528 4206 per
1543 4130 1728 4202 lasciviam,
1744 4131 1920 4205 saginatos
1935 4148 1994 4208 per

344 4227 568 4290 cenationes
604 4227 707 4288 Deum
734 4223 903 4286 collaudat
939 4225 1136 4300 quicumque
1191 4226 1427 4288 abundantiam
1440 4227 1667 4302 temporalem,
1682 4227 1875 4289 habitantes
1892 4230 1930 4288 in
1945 4246 1994 4289 re·

343 4322 474 4401 adipem
503 4319 601 4383 bonae
629 4321 852 4395 cogitationis,
878 4321 912 4382 et
932 4321 1137 4396 operationis
1190 4325 1289 4399 gione
1316 4323 1515 4385 occidentali
1540 4345 1547 4383 :
1572 4324 1621 4385 soi
1645 4323 1790 4385 enimin
1814 4325 1994 4388 occidente

342 4422 423 4491 ileo,
440 4434 506 4481 non
521 4416 586 4478 sibi
601 4417 764 4488 attribuit,
791 4418 825 4479 et
847 4415 1016 4478 adscribit.
1043 4415 1137 4477 Unde
1191 4419 1415 4495 submergitur
1426 4420 1461 4480 in
1477 4434 1643 4480 oceasum.
1661 4420 1819 4482 Habitant
1833 4422 1946 4496 igitur
1958 4425 1993 4482 in

344 4515 496 4578 subditur
521 4514 614 4595 (Les.
641 4515 671 4585 3,
698 4514 750 4592 17)
767 4529 811 4574 :t
834 4515 904 4577 Nee
926 4513 1135 4588 sanguinem,
1191 4516 1362 4577 occidente
1384 4516 1447 4586 illi,
1471 4517 1505 4576 in
1529 4515 1649 4593 quibus
1670 4517 1730 4576 lux
1757 4518 1878 4592 gratian
1903 4519 1992 4578 sub-

343 4630 406 4676 nec
433 4613 565 4690 adipem
591 4610 783 4681 comedetis,
808 4625 886 4670 »ac
923 4610 953 4670 sl
987 4609 1134 4672 diceret:
1190 4613 1353 4688 mergitur
1379 4614 1414 4673 in
1442 4613 1589 4674 tenebris
1619 4613 1787 4674 vitiorum.
1819 4615 1870 4674 Ad
1902 4615 1992 4676 istos

345 4710 548 4788 Sanguinem
563 4724 630 4769 non
649 4706 839 4778 comedetis,
859 4706 946 4767 idest
965 4707 1136 4782 peccatum
1191 4708 1387 4772 Holofernae
1413 4709 1566 4780 mittitur,
1597 4709 1676 4784 quia
1705 4709 1761 4769 ubi
1785 4709 1912 4770 occidit
1930 4713 1993 4772 Sol

342 4823 410 4870 non
425 4803 683 4882 incorporabitis
698 4824 706 4862 ι
720 4817 781 4864 nec
802 4801 944 4880 adipem,
969 4803 1056 4864 idest
1076 4800 1138 4864 bo-
1187 4805 1336 4882 justitiaa,
1354 4805 1401 4868 ibi
1420 4804 1580 4881 praevalet
1600 4805 1739 4866 aratio
1768 4805 1927 4880 maiitiae;
1957 4811 1994 4867 ut

344 4919 462 4967 norum
477 4916 615 4978 opernm
637 4899 876 4977 pinguedinem
895 4897 988 4960 vobis
1003 4898 1135 4960 adscri—
1190 4901 1291 4962 etiam
1324 4902 1474 4964 destruat
1498 4915 1629 4965 omnem
1661 4901 1777 4962 urbem
1804 4903 1987 4970 munitam.

343 4999 451 5073 betis;
467 4994 690 5058 imoinlabiis
705 4993 999 5057 exultationisnon
1014 5009 1139 5056 remor·
1190 4998 1277 5060 idest
1314 4992 1378 5063 sihi
1411 4997 1569 5075 subja‘ciat
1602 4998 1748 5058 animam
1784 4997 1918 5060 ddelem
1957 5003 1991 5061 in
2064 4979 2065 4988 ἵ

344 5095 442 5156 dante
454 5094 669 5166 conscientia,
687 5091 840 5156 referetis
852 5092 991 5154 Domino
1006 5108 1136 5154 omnem
1190 5096 1245 5178 via
1259 5095 1420 5158 uirtutum
1435 5095 1604 5166 vallatam,
1623 5099 1657 5155 et
1669 5094 1710 5156 da
1725 5095 1868 5156 diversis
1882 5111 1994 5172 gene-

346 5191 489 5268 adipent.
1192 5191 1285 5252 ribus
1313 5193 1470 5256 vitiorum
1496 5192 1622 5254 tribuat
1651 5191 1914 5254 infestationem.
1945 5197 1993 5254 Da

1192 5287 1310 5365 quibus
1330 5288 1490 5349 liberatus
1505 5291 1557 5350 est
1566 5290 1688 5365 iustius,
1702 5287 1790 5348 sicut
1812 5289 1941 5363 legitur
1955 5292 1991 5350 in

1192 5385 1424 5446 &monastico
1441 5406 1448 5444 ε
1463 5385 1614 5461 adjutor,
1632 5385 1666 5445 et
1690 5385 1861 5460 protector
1878 5383 1992 5446 lactus

1191 5497 1226 5542 es
1242 5481 1335 5582 mihi,
1351 5483 1384 5544 et
1397 5481 1547 5543 liberasti
1563 5495 1615 5542 me
1629 5480 1810 5542 amandum
1832 5481 1993 5544 multitu-
