4226 6406
318 301 379 362 439

319 455 472 530 llodulpb„
485 457 505 514 l.
521 459 544 528 Ι,
558 455 595 515 iol
611 455 642 527 l;
657 456 765 528 specul.
781 457 851 516 Vite
861 457 976 524 l'ronc.¹
991 453 1112 527 lolam

318 547 473 614 blariacus,
498 545 599 615 1.1,0.
618 545 661 613 17,
677 544 692 617 5
715 545 758 615 13,
779 551 808 601 et
833 545 937 602 Cbroe.
953 545 1116 618 spalatens.

318 635 454 693 Ecclesiae
467 634 539 710 blS.)

316 793 434 852 llertrici
452 793 547 850 Willot
561 792 594 849 de
615 793 763 850 Francisci
786 791 964 852 Sermouibm
989 793 1110 851 testimo·

672 897 762 938 arum.

352 997 520 1070 Eloquentia
543 1011 634 1070 eaque
660 995 775 1054 sublimi
793 1010 851 1055 nou
866 997 1003 1067 caruisse,
1019 1009 1113 1069 neque

316 1083 348 1142 iu
362 1097 397 1141 eo
417 1082 545 1142 doctrina
570 1085 710 1142 minorem
738 1081 836 1152 luisse,
861 1083 952 1141 00000
970 1099 1006 1140 cx
1024 1084 1114 1156 ipsius

316 1186 368 1232 ore
382 1169 473 1230 olatio
488 1171 637 1230 abundans
649 1173 842 1246 spiritualibus
852 1171 1042 1245 uberibusque
1051 1186 1114 1229 sau-

316 1261 424 1330 tcntiis,
454 1276 510 1334 qua
533 1261 743 1319 multitudinem
770 1260 893 1332 tenebat,
923 1259 1112 1330 demulcebat,

317 1348 461 1418 movebat,
478 1357 506 1407 et
520 1349 549 1406 iu
565 1364 681 1408 omnem
694 1357 803 1422 partem
823 1348 965 1420 llectebat,
982 1356 1111 1407 testatur.

316 1437 430 1496 Etenim
440 1439 465 1495 si
479 1437 597 1496 ellectus
612 1437 782 1510 eloquentiae
805 1444 849 1495 est
868 1437 1044 1495 audientium
1060 1453 1110 1512 ap·

317 1524 466 1600 probatio:
482 1533 561 1584 certe
572 1541 637 1583 cam
651 1527 680 1583 iu
702 1527 750 1584 illo
770 1527 894 1599 oportuit
911 1524 999 1585 luisse
1013 1528 1112 1599 singu-

315 1613 417 1683 larem,
434 1629 497 1688 que
511 1614 644 1672 homiues
665 1615 809 1687 vulgares,
830 1621 925 1688 atque,
941 1621 971 1673 ut
989 1616 1113 1688 loquitur

316 1703 432 1772 Paulus,
459 1704 607 1774 animales,
626 1704 674 1776 qui
696 1704 821 1776 alioquin
846 1704 1002 1777 spiritualia
1031 1702 1110 1762 iasti-

316 1789 407 1860 diuut,
423 1799 520 1850 tamen
536 1805 593 1848 nou
613 1793 699 1850 modo
719 1791 754 1849 ad
777 1791 950 1851 audiendum
974 1793 1111 1862 allexerit,

316 1879 367 1937 sed
387 1880 474 1938 ctiam
501 1894 658 1952 suspensos
679 1881 837 1949 retinuerit,
853 1888 938 1953 atque
961 1881 991 1937 in
1013 1895 1110 1938 eorum

232 2006 238 2020 .
317 1968 429 2025 animos
444 1967 596 2038 induxerit,
611 1976 642 2026 ut
653 1969 752 2026 aliosa
768 1967 942 2042 turpitudine
952 1969 988 2026 ad
1001 1971 1113 2027 castita-

316 2063 384 2127 tem,
396 2056 467 2114 alios
480 2055 515 2114 ab
531 2057 635 2116 illicitis
656 2057 741 2114 lucris
761 2056 798 2116 ad
820 2058 996 2131 aequitatem,
1020 2057 1055 2116 ab
1070 2059 1111 2116 ira

316 2151 348 2202 et
361 2144 434 2203 odiis
449 2145 483 2202 ad
497 2145 680 2202 concordiam
695 2152 723 2203 et
736 2161 836 2220 pacem
856 2146 1021 2214 traduxerit,
1036 2146 1112 2204 deui-

319 2247 375 2305 que
389 2233 476 2290 etiam
491 2247 548 2290 nou
564 2248 701 2306 paucosa
718 2234 816 2292 mundi
832 2250 940 2304 amore,
960 2250 1016 2308 quo
1029 2236 1112 2308 plane

317 2319 445 2395 absorpti
454 2329 545 2393 erant,
561 2321 597 2380 ad
611 2321 741 2396 ejusdem
753 2331 948 2397 contemptum
964 2331 992 2382 et
1005 2323 1040 2382 ad
1052 2330 1109 2382 ter·

317 2424 387 2467 rena
403 2411 498 2468 omnia
512 2411 624 2484 penitus
637 2412 794 2470 deserenda
804 2411 957 2486 impulerit.
974 2413 1111 2471 blemoria

314 2496 435 2572 dignum
461 2507 513 2570 est,
537 2515 593 2572 quo
613 2515 670 2558 une
695 2503 838 2560 Conciona
861 2501 923 2572 300,
943 2503 1031 2560 altera
1045 2502 1110 2571 500,

315 2585 490 2656 bellarent,
511 2589 656 2646 utstatim
677 2588 727 2645 vili
745 2587 801 2646 000
823 2589 1002 2662 leucopbatae
1020 2589 1112 2663 plebis

314 2675 456 2746 tegmina,
470 2677 574 2748 spretis
589 2675 687 2734 muudi
704 2675 854 2746 illecebris,
871 2679 985 2751 contegi
999 2693 1030 2735 se
1043 2691 1109 2750 pos·

315 2760 442 2830 tulariut,
453 2776 559 2834 eosque
572 2779 624 2820 suo
639 2765 860 2821 sacrolustituto
877 2766 972 2822 statim
983 2765 1108 2823 initiarit.

316 2847 360 2920 (lu
376 2849 494 2906 Attenia
514 2851 739 2909 orthodoxorum
755 2851 881 2910 sodalitii
903 2854 1108 2912 Franciseauo·

315 2951 389 3007 rum,
402 2938 443 2996 lit.
460 2937 505 3014 F.)

570 3067 691 3124 SElillO
710 3067 854 3126 PlilblUS.

504 3181 546 3237 De
556 3181 716 3238 bumilitate
735 3186 760 3239 et
771 3183 921 3253 patientia.

352 3291 429 3364 Quas
443 3292 605 3351 individuas
619 3295 738 3354 comites
753 3294 942 3354 bumilitatem
955 3304 983 3354 et
997 3297 1108 3370 patien-

317 3381 387 3438 tiam
411 3381 508 3439 babuit
529 3382 657 3440 Cbristus
678 3384 706 3440 iu
731 3399 825 3452 cruce,
848 3393 876 3442 et
895 3400 965 3458 quas
980 3400 1110 3443 sororum

317 3468 417 3528 drmus
429 3483 510 3527 umor
523 3471 679 3544 conjunxit,
691 3471 754 3530 brec
768 3472 863 3530 brevis
877 3475 968 3531 oratio
988 3473 1108 3532 nullate·

316 3571 371 3615 nus
385 3558 538 3631 separabit.
556 3561 722 3618 Servuslbei
738 3566 824 3618 multa
840 3561 985 3634 debetpro
1000 3561 1111 3621 Christo

316 3646 385 3721 pati,
399 3647 447 3721 qui
461 3663 525 3706 eum
548 3648 651 3707 eodem
665 3649 748 3708 bouis
769 3647 875 3722 perfrui
891 3658 985 3724 sperat
1002 3651 1108 3726 sempi-

315 3736 414 3795 ternis.
428 3736 582 3810 Apostolus
594 3737 664 3798 dlxit
674 3739 831 3813 (liemvru,
841 3740 884 3812 18)
897 3754 954 3796 000
968 3755 1032 3798 esse
1042 3755 1110 3798 con·

317 3823 422 3900 dignas
437 3827 586 3900 passiones
603 3827 688 3902 hujus
703 3829 841 3902 temporis
857 3827 892 3886 ad
908 3827 1031 3887 suturam
1046 3829 1108 3904 glo·

314 3915 397 3986 riam,
423 3931 486 3988 qum
504 3917 675 3975 revelabitur
696 3918 725 3974 iu
751 3917 843 3975 nobis.
871 3919 934 3976 lion
958 3926 1034 3987 sunt,
1058 3935 1111 3978 uec

314 4002 435 4061 inveniri
450 4013 568 4078 possunt
583 4005 645 4062 dum
656 4005 789 4079 perlectae
804 4005 924 4076 deliciae,
942 4023 995 4064 uec
1012 4007 1110 4065 binum

315 4099 409 4164 potest
431 4107 497 4150 0000
518 4091 656 4167 gaudium
680 4095 798 4151 omuino
822 4096 1006 4168 completum.
1023 4097 1110 4153 Suam

316 4177 475 4237 doctrinam
498 4181 615 4254 incoepii
629 4181 664 4238 ab
679 4181 837 4240 bumilitate
852 4182 978 4242 Christus
992 4185 1021 4240 iu
1036 4199 1108 4256 prae·

316 4281 395 4340 sepe,
412 4283 497 4340 quam
510 4269 537 4325 00
553 4271 690 4341 patientia
711 4269 803 4328 bouus
818 4273 957 4344 magister
972 4274 1111 4330 conclusit

315 4356 345 4413 in
359 4371 452 4414 cruce.
474 4359 538 4429 lpse
554 4359 639 4415 etiam
657 4357 750 4416 dixit:
775 4361 855 4416 Beati
874 4361 923 4432 000
938 4362 1108 4431 persecutio-

314 4459 378 4502 oem
397 4446 551 4516 patienter
567 4452 684 4518 propter·
700 4449 846 4518 justitiam
871 4447 994 4522 (Malim,
1010 4465 1037 4518 v,
1053 4449 1108 4523 10).

315 4534 428 4608 Optime
442 4535 520 4592 euim
535 4537 614 4593 novit
633 4549 748 4609 poenam
769 4537 798 4593 00
819 4537 941 4610 gloriam
964 4546 1109 4596 transmu-

315 4630 387 4694 tare,
402 4627 629 4698 persecutionem
641 4631 669 4682 ot
684 4633 791 4683 metum
807 4627 836 4683 in
854 4625 1003 4700 gaudium.
1020 4627 1110 4686 Faber

315 4713 507 4786 argentarius,
517 4727 552 4770 ex
565 4712 682 4770 metallo
696 4713 770 4786 quod
786 4714 898 4787 accipit,
912 4714 1051 4789 scyphum
1063 4722 1110 4773 aut

315 4803 431 4860 vascula
447 4799 1026 4876 0000000000001000010000000000
1042 4805 1109 4861 cali-

315 4903 379 4948 cem
399 4891 533 4950 coullabit
548 4899 738 4966 argenteum:
762 4893 840 4950 solus
861 4895 937 4949 Deus
956 4909 991 4950 ex
1004 4892 1108 4950 labori-

316 4976 370 5036 bus
383 4981 510 5050 requiem
525 4981 611 5050 elicit,
627 4989 656 5038 et
672 4997 707 5038 ex
723 4984 871 5039 tormentis
886 4981 1023 5055 gaudium
1038 4981 1110 5038 eruit

316 5067 531 5139 sempiternum.
548 5069 718 5142 Diligeutcs,
733 5070 855 5127 humiles
866 5077 895 5126 et
907 5071 1048 5142 polientes
1058 5069 1108 5126 dc·

316 5163 362 5214 cet
376 5170 439 5213 esse
451 5171 560 5226 servos,
577 5159 651 5230 quia
662 5160 785 5216 Domino
793 5173 845 5217 suo
853 5158 1109 5232 incomparabilem

316 5251 467 5316 expectant
482 5245 654 5302 mercedem.

541 5397 661 5455 SllliblO
690 5399 885 5458 SECUNDUS.

513 5513 619 5569 Contra
639 5519 754 5584 peccota
772 5516 916 5573 mortalia.

352 5627 480 5688 blortalia
515 5635 641 5700 peccata,
675 5627 784 5696 iratres,
812 5633 929 5689 omniuo
956 5631 1110 5706 fugiamus.

753 299 786 360 0.
809 297 1030 360 enumerem
1050 297 1280 360 00οι0000
1302 275 1536 362 muscum:

1903 303 1965 362 440

1168 456 1352 516 Considerate
1369 463 1398 516 et
1418 457 1523 528 videte,
1539 471 1624 530 quarn
1641 454 1746 516 ioedum
1766 465 1795 514 et
1814 456 1963 516 abomine-

1167 543 1224 602 bile
1253 554 1390 619 appareat
1404 561 1508 618 corpus
1522 546 1665 614 examine,
1687 547 1804 618 spiritus
1825 547 1966 604 vitalitate

1168 632 1350 706 destitutum;
1366 643 1394 692 ct
1407 634 1558 707 iutelligite
1578 634 1666 691 multo
1682 633 1853 692 loetidiorem
1871 642 1901 692 et
1915 635 1967 692 im·

1167 722 1347 780 mundiorem
1372 738 1436 780 0000
1465 724 1590 781 animam
1611 723 1674 780 sine
1697 726 1769 792 Deo,
1792 725 1840 796 qui
1860 724 1966 781 animm

1168 811 1262 868 anima
1289 819 1344 881 est,
1367 811 1481 885 quando
1507 813 1536 868 in
1560 813 1673 869 mortali
1687 811 1751 870 labe
1765 813 1921 870 volutatur.
1938 813 1967 870 Si

1168 898 1240 958 adeo
1263 899 1374 974 indiget
1390 915 1447 958 una
1468 909 1597 959 ereatura
1622 901 1720 970 altera,
1743 901 1967 974 quantomagis

1167 995 1296 1046 creatura
1312 1003 1364 1046 suo
1377 1004 1449 1061 opus
1461 987 1549 1046 babet
1562 989 1718 1048 Crantore?
1740 991 1870 1064 Longius
1882 987 1967 1047 distat

1168 1091 1183 1133 0
1208 1083 1326 1148 peccato
1345 1077 1449 1151 gretie,
1469 1091 1585 1150 quamn
1608 1077 1700 1152 gratia
1718 1078 1831 1152 gloria:
1853 1077 1964 1136 indulta

1167 1170 1212 1222 est
1232 1165 1309 1223 enim
1337 1167 1411 1224 inter
1435 1173 1583 1239 peccatum
1609 1173 1638 1224 et
1664 1167 1788 1240 gratiam
1811 1165 1964 1238 distantia;

1167 1253 1240 1310 inter
1263 1255 1386 1327 gratiam
1408 1269 1476 1311 vero
1497 1254 1527 1311 iu
1552 1254 1660 1312 sanctis
1682 1255 1762 1324 viris,
1781 1262 1811 1312 et
1830 1255 1963 1328 gloriam,

1167 1342 1227 1400 sola
1243 1357 1320 1399 mors
1339 1342 1497 1400 intercedit.
1513 1344 1566 1412 Qui
1588 1358 1659 1416 ergo
1674 1343 1831 1401 mortaliter
1852 1352 1963 1417 peccat,

1168 1445 1184 1488 a
1210 1432 1270 1488 Deo
1295 1431 1456 1504 elongatur,
1481 1439 1509 1490 et
1529 1432 1558 1489 ln
1577 1447 1692 1489 servum
1713 1431 1876 1506 deputatur,
1893 1433 1966 1490 inter

1168 1533 1252 1592 quem
1280 1527 1310 1578 et
1337 1527 1519 1592 peccatorum
1548 1527 1658 1577 tautum
1686 1522 1743 1578 vita
1768 1520 1965 1594 mediamque

1168 1607 1312 1688 multoties
1337 1623 1388 1682 par
1404 1608 1551 1680 inopinam
1567 1616 1596 1666 ct
1611 1609 1822 1668 instantaueam
1843 1617 1964 1666 mortem

1169 1695 1271 1754 tollitur
1292 1695 1425 1766 emedio,
1452 1705 1480 1754 et
1502 1697 1688 1772 extinguitur.
1709 1700 1816 1767 Quotos
1842 1696 1964 1755 vidimus

1167 1793 1253 1844 noctu
1278 1786 1383 1843 lectum
1409 1801 1499 1844 sanos
1517 1784 1722 1855 conscendere,
1745 1787 1816 1844 etin
1832 1788 1963 1860 proximo

1167 1881 1295 1932 mortuos
1307 1875 1335 1932 in
1351 1874 1441 1932 lovels
1456 1875 1590 1948 sepeliri?
1610 1877 1700 1933 Deum
1716 1875 1882 1948 suppliciter
1898 1890 1960 1933 orc-

1167 1979 1241 2033 mus‚
1256 1971 1288 2021 ut
1300 1977 1372 2036 quos
1386 1978 1438 2022 sun
1451 1965 1544 2036 gratia
1557 1962 1676 2032 refovet,
1692 1965 1721 2022 in
1737 1964 1838 2022 eadem
1849 1971 1965 2021 sanctos

1167 2057 1327 2122 conservet,
1344 2058 1373 2109 et
1384 2054 1504 2110 miseros
1519 2061 1685 2124 peccatores
1699 2052 1921 2111 misericorditer
1935 2055 1963 2110 in

1166 2139 1214 2198 0110
1242 2147 1403 2214 regeneret.
1429 2142 1453 2200 0
1476 2143 1567 2198 Deum
1592 2140 1705 2211 fortem,
1732 2149 1763 2200 et
1789 2143 1880 2214 pium,
1904 2150 1963 2200 tam

1167 2243 1287 2302 pronum
1321 2227 1357 2286 ad
1384 2229 1593 2302 ignoscendum
1624 2229 1848 2302 poenitentibus,
1876 2245 1962 2302 0000

1167 2324 1311 2390 potentem
1324 2325 1352 2376 et
1366 2332 1499 2377 severum
1513 2318 1548 2376 ad
1563 2318 1739 2392 puniendum
1753 2318 1927 2377 obstinatos!

1410 2533 1531 2593 SilliblO
1556 2534 1718 2594 TERTIUS.

1396 2658 1524 2716 lieberto
1544 2658 1729 2732 0100000000.

1201 2789 1342 2861 00000,
1371 2790 1584 2864 eleemosynam
1607 2793 1724 2864 pauperi
1748 2791 1883 2865 elargire,
1914 2807 1962 2865 per

1166 2894 1251 2952 quem
1265 2880 1342 2937 illam
1357 2879 1458 2937 tribuis
1471 2879 1606 2938 Creatori.
1620 2880 1671 2938 1110
1678 2880 1706 2936 00
1715 2893 1840 2954 paupere
1848 2879 1961 2940 debito-

1165 2984 1226 3026 ram
1247 2983 1279 3026 se
1294 2966 1785 3048 constituitperiectmetcxagitatae
1804 2969 1958 3040 mercedis,

1165 3065 1193 3114 et
1207 3058 1385 3131 superplenee
1400 3057 1601 3114 retributionis.
1627 3059 1697 3126 Deo,
1720 3058 1812 3115 solum
1825 3073 1877 3130 per
1890 3073 1961 3131 pau·

1165 3161 1274 3218 peram,
1297 3153 1392 3204 nostru
1416 3161 1569 3218 possumus
1591 3145 1705 3215 ollarra,
1723 3147 1782 3219 qui,
1805 3147 1900 3204 solum
1913 3161 1965 3219 per

1166 3249 1331 3308 pauperem,
1345 3236 1449 3292 uostris
1464 3235 1567 3307 poterit
1589 3235 1730 3307 indigere.
1755 3234 1856 3296 Videte
1880 3251 1963 3310 ergo,

1165 3322 1276 3392 iratres,
1296 3329 1411 3395 quantae
1432 3323 1470 3382 sit
1487 3322 1629 3381 felicitatis
1645 3325 1689 3380 vir
1707 3325 1963 3398 eleemosynarius,

1165 3413 1213 3484 qui
1228 3413 1355 3484 eipotest
1370 3411 1537 3484 impendere
1549 3412 1598 3485 qui
1617 3411 1755 3482 retribuit,
1765 3419 1795 3469 et
1806 3412 1855 3471 dat
1869 3415 1963 3470 omui·

1164 3501 1218 3559 bus
1231 3500 1389 3558 affluenter.
1399 3501 1448 3560 Cui
1462 3515 1518 3558 nou
1531 3501 1624 3558 solum
1638 3501 1767 3570 multum,
1781 3502 1829 3573 qui
1842 3503 1963 3560 multum

1165 3589 1261 3658 babet,
1275 3589 1371 3646 tribuit
1382 3588 1473 3658 dives,
1489 3588 1538 3647 sed
1551 3597 1580 3648 et
1592 3590 1744 3662 plurimum
1763 3591 1895 3663 largitur,
1914 3591 1963 3664 qui

1166 3693 1229 3750 quae
1243 3677 1340 3748 babet,
1359 3679 1477 3754 pauperi
1492 3678 1640 3751 impendit.
1657 3681 1689 3736 lu
1703 3679 1909 3752 gazophylacio
1925 3681 1964 3736 vi·

1166 3767 1220 3824 dun
1244 3767 1291 3825 0110
1314 3768 1489 3841 Evangelica
1512 3782 1631 3826 censum
1655 3781 1771 3824 omnam
1798 3767 1962 3838 abscondit,

1166 3854 1279 3928 quando
1303 3856 1404 3925 solum,
1427 3871 1491 3928 que
1511 3855 1621 3926 babuit,
1638 3856 1745 3914 minuta
1766 3855 1822 3913 duo
1841 3856 1966 3916 libenter

1167 3946 1310 4018 impertiit.
1327 3943 1407 4004 Unde
1422 3945 1590 4002 ollereutem
1606 3946 1700 4017 palam
1717 3945 1845 4005 Christus
1858 3945 1960 4003 lauda·

1166 4035 1214 4102 vit,
1236 4033 1303 4092 dum
1318 4033 1444 4092 oblatum
1468 4047 1526 4091 non
1547 4041 1642 4102 tenue,
1661 4032 1713 4092 sed
1727 4033 1836 4107 pingue
1851 4032 1966 4108 publice

1162 4122 1310 4196 judicavit.
1336 4123 1387 4180 Eia
1414 4122 1587 4196 pauperibus
1608 4122 1727 4196 proinde
1751 4131 1779 4182 et
1807 4125 1911 4196 egenis
1927 4122 1965 4182 de

1165 4212 1286 4270 terrenis
1300 4219 1327 4270 et
1342 4210 1458 4269 cadueis
1472 4209 1684 4280 distribuamus,
1702 4211 1804 4284 quibus
1819 4212 1964 4270 immensa

1164 4299 1251 4370 bona,
1267 4315 1333 4358 cum
1349 4302 1409 4358 000
1430 4299 1576 4370 duratura,
1592 4299 1674 4358 nobis
1694 4301 1722 4357 in
1739 4301 1820 4358 coelis
1834 4301 1964 4372 acquira-

1166 4405 1239 4446 mus.
1254 4389 1412 4446 llaareditos
1427 4403 1584 4462 pauperum
1603 4395 1646 4446 est
1665 4389 1859 4461 eleemosyna,
1876 4403 1964 4462 quam

1165 4492 1289 4550 magnus
1309 4478 1356 4535 ille
1379 4484 1476 4536 noster
1490 4475 1576 4534 irater
1590 4479 1672 4535 lesus
1689 4477 1817 4537 Christus
1829 4477 1966 4534 omuibus

1166 4567 1325 4639 acquisivit.
1355 4568 1419 4625 Nou
1446 4567 1532 4639 igitur
1557 4565 1671 4638 quaudo
1695 4565 1751 4622 illia
1774 4565 1963 4635 distribuitur,

1166 4655 1290 4712 alienum
1306 4655 1381 4713 dono
1397 4654 1488 4724 datur,
1502 4654 1562 4722 sed,
1577 4653 1652 4726 quod
1666 4669 1734 4712 vere
1748 4669 1831 4711 suum
1842 4663 1895 4723 ast,
1913 4655 1964 4712 im·

1165 4743 1305 4817 penditur.
1331 4747 1393 4818 Ego
1416 4741 1516 4802 iratres
1536 4759 1617 4800 meos
1635 4744 1759 4802 Minores
1777 4745 1891 4817 rogoin
1911 4746 1964 4800 lio

1165 4833 1243 4891 mino
1258 4837 1325 4891 lesu
1337 4832 1458 4902 Christo,
1481 4835 1547 4904 quia
1563 4830 1599 4889 ad
1613 4833 1675 4906 ejus
1692 4833 1879 4889 imitationem
1896 4847 1965 4904 pau·

1165 4937 1249 4995 peres
1268 4921 1340 4992 deri,
1361 4930 1390 4979 ct
1404 4921 1433 4978 iu
1449 4923 1565 4978 nomine
1577 4920 1641 4994 ejus
1653 4921 1853 4994 eleemosynas
1867 4928 1963 4993 petere

1166 5011 1325 5080 voluerunt,
1346 5025 1383 5068 ue
1402 5009 1631 5068 verecundentur
1654 5025 1705 5066 eas
1729 5011 1866 5082 colligere
1880 5011 1965 5068 ostia·

1166 5099 1225 5157 tim.
1250 5101 1292 5158 lle
1313 5100 1506 5173 eleemosynis
1521 5100 1581 5172 ipse
1602 5099 1741 5156 Dominus
1753 5100 1832 5156 vixit.
1850 5099 1879 5156 Si
1892 5113 1965 5172 ergo

1165 5187 1229 5244 vilis
1240 5187 1326 5245 iaciat
1339 5195 1481 5256 ereatura,
1501 5187 1577 5260 quod
1592 5187 1671 5260 prius
1683 5186 1787 5245 viderit
1800 5187 1966 5246 Creatorem

1166 5275 1268 5334 1000000
1283 5277 1519 5349 omnipotentem,
1543 5290 1601 5334 nou
1616 5275 1759 5345 dedecori,
1781 5275 1831 5333 sed
1849 5276 1965 5346 honori,

1166 5380 1222 5422 uon
1248 5366 1427 5438 ignominiae,
1456 5366 1508 5423 sed
1535 5365 1631 5424 decori
1665 5364 1834 5422 vertendum
1862 5379 1967 5423 omnes

1164 5452 1338 5527 judicabant.
1362 5454 1508 5526 Praecipue
1523 5469 1588 5510 cum
1612 5467 1720 5526 pauper
1731 5453 1880 5511 mendicus
1894 5453 1968 5510 divi·

1167 5551 1233 5612 tem,
1262 5557 1278 5600 0
1298 5556 1354 5615 000
1373 5543 1586 5616 eleemosynam
1608 5541 1728 5616 flagitat,
1753 5541 1967 5600 abundantiori·

1168 5632 1220 5690 bus
1244 5631 1348 5690 alliciat
1376 5631 1527 5700 tbcsauris,
1551 5639 1579 5688 ot
1600 5629 1740 5690 occultum
1768 5630 1967 5690 subministret
