4114 6396
321 287 401 352 1075
745 289 778 351 Β.
802 285 977 349 antonii
1004 283 1192 347 PADUANI
1218 283 1356 346 opsiti
1382 281 1528 346 onnia.
1599 287 1604 296 '
1895 283 1976 346 1076

322 431 430 520 luunt,
447 448 509 510 etc.
521 447 648 509 Memor
659 445 711 508 est
723 460 805 522 ergo
821 448 908 507 Deus
923 443 1113 506 testamenti
1167 441 1200 504 te
1214 441 1311 514 cinis,
1327 442 1433 503 donec
1447 439 1674 506 conteraris.»
1698 441 1760 504 liic
1775 440 1830 503 est
1845 439 1975 517 pulvis,

321 547 392 620 sui3
410 543 496 605 unde
509 544 605 605 lsaioe
621 541 665 621 (i,
677 544 716 604 19
726 544 760 604 et
768 541 839 622 20);
853 543 914 603 «Si
923 540 1109 612 volueritis,
1167 539 1209 600 de
1230 554 1295 616 quo
1316 539 1439 615 legitur
1452 540 1488 600 in
1503 538 1617 602 Exodo
1632 538 1676 618 (8,
1694 537 1758 617 17),
1776 538 1873 615 quod
1896 553 1975 598 mu-

321 643 354 704 et
384 640 559 702 audieritis
587 655 650 712 me,
673 639 761 702 bona
790 641 889 702 terrte
920 638 1111 700 comedetis.
1168 634 1256 696 tatus
1284 637 1335 696 est
1362 636 1398 696 in
1425 631 1610 712 sciniphes,
1639 649 1713 712 qum
1744 637 1827 697 sunt
1858 649 1976 711 parvm

321 737 412 808 Quod
441 735 470 798 si
499 736 685 808 nolueritis,
715 737 748 798 et
767 751 819 797 me
843 735 884 798 ad
904 735 1112 798 iracundiam
1169 747 1302 804 muscia,
1326 747 1400 808 qum
1424 733 1521 794 acuta
1547 733 1709 808 pungunt,
1732 733 1766 792 et
1788 731 1826 791 in
1855 731 1975 792 oculos

318 834 579 912 provocaveritis
594 855 601 893 :
616 834 747 909 gladius
762 833 1054 895 devorabitvos.»
1167 827 1283 891 volant
1309 828 1351 890 ad
1382 829 1565 890 eruendum
1593 843 1662 890 eos.
1699 831 1764 890 Per
1791 827 1975 905 pulverem

360 933 407 992 De
421 931 484 992 boc
498 931 709 1002 testamento,
722 947 782 992 seu
796 931 1028 1008 promissione,
1039 945 1113 1006 qnae
1168 940 1263 986 amor
1282 926 1526 1003 temporalium,
1544 927 1600 1002 qui
1624 926 1772 986 mutatur
1798 923 1837 984 in
1865 924 1975 984 scini-

320 1026 357 1088 dt
368 1027 503 1104 justise
523 1026 674 1098 Domino,
698 1026 840 1089 habetur
858 1026 998 1088 Levitici
1013 1022 1113 1103 (243
1168 1021 1263 1098 pines,
1277 1023 1355 1099 quia
1369 1037 1413 1084 ea
1427 1023 1477 1084 eis
1492 1023 1676 1083 nascuntur
1696 1037 1825 1098 pravae,
1843 1022 1884 1082 et
1896 1037 1976 1098 par-
2042 1021 2043 1026 ’

320 1123 363 1186 ad
373 1122 406 1202 5)
420 1140 457 1184 :a
470 1124 505 1184 Si
518 1125 553 1184 in
570 1124 745 1202 praeceptis
755 1124 838 1185 meis
851 1115 1111 1196 ambulaveritis,
1168 1133 1285 1191 versae,
1302 1121 1335 1182 et
1349 1119 1531 1196 pungitivae
1552 1119 1784 1195 cogitationes,
1807 1133 1894 1195 quaa
1917 1135 1977 1180 ex-

213 1269 222 1276 .
321 1221 355 1282 et
378 1221 536 1283 mandata
555 1235 629 1282 mea
648 1219 885 1292 custodieritis,
906 1221 940 1282 et
966 1219 1113 1281 feceritis
1168 1215 1296 1278 caecant
1308 1215 1423 1278 oculos
1439 1217 1570 1278 mentis
1588 1215 1651 1276 iiic
1669 1217 1720 1278 est
1735 1215 1827 1276 cinis
1845 1229 1975 1291 accep-

319 1331 372 1389 ea,
389 1316 475 1378 dabo
489 1317 584 1379 vobis
603 1317 734 1394 pluvias
758 1315 961 1394 temporibus
980 1317 1062 1388 suis,
1081 1314 1114 1378 et
1167 1312 1223 1373 tus
1238 1311 1278 1373 de
1293 1312 1436 1385 camiac,
1449 1313 1505 1390 qui
1520 1311 1627 1374 iactus
1641 1313 1693 1373 est
1705 1311 1742 1372 in
1757 1313 1932 1386 vessicae,
1945 1313 1976 1374 st

320 1413 436 1490 gignet
444 1414 533 1475 terra
545 1429 680 1490 germen
694 1427 801 1486 suum,
813 1415 847 1474 et
857 1413 965 1489 pomis
976 1413 1114 1475 arbores
1169 1409 1292 1482 ulcera,
1316 1411 1349 1471 et
1371 1411 1407 1470 in
1427 1408 1581 1472 iarburas
1605 1407 1653 1488 (1)
1676 1423 1782 1486 super
1801 1411 1972 1485 jumenta.

320 1505 547 1584 replebuntur.
569 1506 801 1584 apprehendet
819 1507 978 1568 messium
992 1507 1113 1568 tritura
1169 1508 1207 1568 In
1237 1505 1351 1568 ulcere
1379 1505 1544 1584 profunda
1577 1505 1706 1569 malitia
1734 1526 1742 1566 a
1768 1507 1812 1566 ln
1838 1505 1973 1566 sessim

320 1601 533 1671 vindemiam,
550 1605 584 1666 et
599 1603 767 1665 vindemia
787 1601 963 1680 occupabit
980 1617 1115 1664 semen·
1168 1604 1300 1666 tumens
1321 1601 1476 1681 superbia
1502 1623 1510 1662 a
1531 1603 1569 1664 ln
1591 1601 1735 1664 terburis
1764 1601 1924 1673 servem,
1943 1605 1973 1662 et

320 1701 398 1764 tem.
415 1701 506 1762 Dabo
520 1699 616 1762 vobis
636 1701 784 1778 pluviam
805 1701 1065 1776 temporaneam,
1082 1698 1116 1761 et
1169 1698 1352 1762 lurensirae
1362 1700 1506 1772 insania,
1515 1715 1588 1776 qnae
1599 1699 1793 1776 percutiunt
1801 1699 1971 1776 jumenta,

322 1798 506 1859 serotinam
520 1813 539 1857 s
554 1795 719 1875 (Denter,
734 1799 783 1871 11,
797 1795 874 1875 14);
892 1797 932 1858 dc
950 1811 1015 1874 qua
1031 1800 1114 1857 Osee
1168 1795 1257 1859 idest
1271 1795 1474 1868 luxuriosos,
1492 1797 1548 1873 qui
1564 1796 1642 1857 sunt
1657 1797 1817 1872 iumenta
1833 1795 1971 1856 diaboii.

322 1889 367 1970 (6,
384 1891 438 1971 3):
455 1909 474 1952 a
493 1893 595 1964 Quasi
624 1892 805 1964 diluculum
829 1893 1036 1969 praeparatus
1064 1889 1115 1954 est
1171 1893 1221 1954 Sit
1239 1893 1358 1954 coelum
1381 1907 1521 1965 aeneum,
1543 1892 1629 1969 quod
1650 1893 1700 1953 est
1720 1907 1832 1968 super
1856 1892 1972 1952 maios

217 1981 220 1993 '
322 2003 477 2064 egressus
492 1992 575 2066 ejus,
595 1990 629 2051 et
646 1989 758 2051 veniet
780 1989 875 2065 quasi
894 1989 1000 2050 imber
1019 1989 1114 2051 nobis
1170 1991 1235 2050 Per
1248 1989 1369 2051 coelum
1386 1989 1470 2068 justi
1485 1989 1671 2065 signantur,
1688 1987 1746 2064 qui
1769 1991 1859 2049 sunt
1878 2003 1974 2064 super

321 2085 566 2162 temporaneus,
597 2087 630 2148 et
655 2085 823 2148 serotinus
850 2087 950 2148 terrm
965 2102 1003 2162 »ς
1030 2079 1115 2148 idest
1168 2086 1301 2164 impios,
1324 2088 1357 2148 et
1377 2085 1540 2158 doctrina,
1557 2088 1590 2148 et
1611 2085 1903 2156 conversatione;
1922 2085 1973 2162 qui

321 2197 475 2259 egressus
494 2183 625 2244 Domini
647 2183 687 2244 de
713 2184 808 2244 utero
836 2184 985 2259 Virginis
1018 2184 1115 2260 quasi
1170 2186 1247 2246 sunt
1261 2184 1357 2256 aenei,
1378 2183 1457 2261 quia
1476 2179 1642 2244 sonabunt
1655 2182 1843 2259 injudicio
1860 2185 1973 2243 conim

321 2279 504 2340 diluculum
527 2281 589 2354 eat,
613 2281 691 2357 quia
711 2279 797 2341 sicut
820 2280 952 2344 videtur
966 2281 1016 2342 sol
1031 2282 1114 2344 oriri
1169 2281 1301 2357 impios.
1321 2283 1395 2344 «nt
1411 2280 1515 2355 terra,
1540 2295 1638 2357 quam
1664 2280 1791 2351 calcas,
1816 2279 1975 2340 ferrea.»

321 2375 362 2438 de
382 2376 540 2449 tenebris,
561 2391 643 2453 quas
668 2376 816 2454 expellit,
833 2378 882 2438 sic
906 2377 1057 2440 Christus
1072 2393 1115 2440 ex
1170 2381 1235 2439 Per
1260 2378 1384 2440 terram
1412 2377 1571 2448 minores,
1599 2377 1656 2454 qui
1684 2376 1975 2439 conculcantura

320 2473 447 2536 iudeis
461 2475 559 2537 natus
574 2475 635 2546 est,
652 2474 782 2536 scilicet
795 2474 837 2538 de
850 2474 948 2538 beata
962 2475 1112 2552 Virgine,
1170 2475 1368 2552 majoribus,
1408 2475 1463 2552 qui
1503 2476 1640 2551 propter
1678 2473 1975 2536 conculcationem

320 2569 362 2632 de
377 2585 441 2646 qua
455 2570 551 2632 nobis
567 2573 659 2634 ortus
674 2571 783 2634 estaol
797 2573 925 2648 gratiae.
944 2573 1037 2634 Sicut
1050 2573 1115 2633 im·
1170 2571 1427 2644 contundentur,
1444 2569 1480 2633 at
1493 2569 1666 2632 ferientur.

322 2665 383 2728 ber
393 2668 639 2744 temporaneus,
656 2668 712 2746 qui
730 2668 827 2730 iidem
848 2669 991 2746 inspirat
1004 2669 1111 2742 nobis,

322 2779 495 2840 perquam
516 2763 726 2826 foecundatur
740 2766 830 2826 terra
851 2766 971 2827 mentis
988 2767 1043 2828 :ct
1060 2782 1114 2826 se-

321 2861 464 2932 rotinus,
485 2861 573 2938 quod
588 2863 648 2934 est,
670 2878 745 2923 cnm
766 2864 843 2938 post
862 2863 1004 2938 gratiam
1024 2861 1115 2924 ducit

321 2957 362 3018 ad
377 2955 570 3021 felicitatem
586 2957 756 3020 aeternam.
770 2976 788 3019 a
804 2961 843 3020 Et
856 2960 964 3036 pomis
977 2959 1114 3022 arbores
1169 2985 1210 3043 De
1224 2983 1324 3044 decem
1340 2985 1444 3060 plagis,
1464 2983 1567 3058 quibus
1584 2983 1722 3042 smum,
1735 2991 1974 3059 mmmm

321 3054 548 3131 replebuntur,
570 3073 588 3116 a
610 3055 696 3118 idest
724 3056 858 3118 sanctos
884 3056 991 3133 replet
1017 3055 1113 3118 bonis
1399 3071 1500 3131 gemm
1521 3073 1732 3132 mandatorum,

320 3151 490 3228 operibus.
515 3152 788 3229 «apprehendat
808 3154 965 3214 messium
992 3153 1114 3214 tritura
1589 3213 1595 3224 ,
2041 3215 2042 3224 ¹

320 3247 534 3320 vindemiam,
551 3250 585 3311 et
602 3248 770 3312 vindemia
790 3247 965 3324 occupabit
978 3263 1113 3309 semen·
1169 3210 1292 3272 P⁰⁸²⁴²t
1312 3213 1350 3271 m
1369 3213 1420 3272 εἶθ
1439 3213 1545 3272 verba
1564 3224 1745 3288 mmmmm
1760 3225 1929 3284 Sufflwib
1945 3211 1974 3272 ⁶²

320 3347 426 3406 tem.»
437 3347 502 3404 Per
513 3357 640 3406 messes
653 3345 887 3420 intelliguntur
897 3344 984 3408 bona
1000 3361 1112 3422 opera.
1295 3309 1547 3384 mmmm·
1565 3305 1668 3386 (ΡΜ
1688 3306 1756 3378 104’
1769 3305 1844 3386 27')

321 3439 359 3501 ln
379 3439 513 3514 tritura,
534 3457 640 3517 grana
665 3457 684 3502 a
710 3441 817 3519 paleis
842 3445 1054 3518 separantur,
1079 3444 1115 3503 in
1210 3447 1326 3510 Posuit
1343 3449 1432 3508 Dens
1456 3447 1563 3523 signa,
1587 3446 1706 3524 quibus
1728 3461 1900 3523 percussa
1924 3449 1971 3510 est

319 3553 386 3614 quo
395 3538 532 3601 notatur
544 3540 712 3616 separatio
727 3539 840 3600 inania
854 3539 1115 3615 gloriaeabonis
1169 3543 1345 3620 AEgyptus,
1368 3543 1482 3606 decem
1509 3544 1638 3606 scilicet
1660 3544 1782 3620 plagis.
1806 3547 1972 3608 Dominus

319 3635 501 3712 operibus:
522 3652 542 3698 a
564 3637 679 3712 granis
705 3637 794 3700 enim
819 3637 933 3714 paleas
956 3651 1114 3713 separare
1170 3641 1258 3704 enirn
1279 3641 1417 3702 daturus
1443 3641 1557 3702 decem
1583 3643 1749 3719 praecepta
1780 3641 1846 3720 (2),
1877 3643 1971 3720 prius

319 3733 384 3808 est,
396 3735 482 3811 quod
496 3733 714 3796 aiibidictum
725 3737 786 3804 est,
799 3736 931 3812 tergere
944 3735 1114 3811 pulvorem
1169 3737 1334 3814 percussit
1353 3739 1545 3816 AEgyptum,
1562 3739 1649 3800 sicut
1661 3737 1808 3800 babetur
1825 3739 1864 3800 iu
1879 3743 1971 3801 Deu-

318 3831 360 3892 de
375 3831 513 3908 pedibus
529 3833 667 3894 nostris.
678 3832 807 3894 Dttalis
821 3832 979 3894 messium
994 3833 1114 3894 tritura
1169 3834 1355 3896 teronomio
1371 3835 1415 3913 (6,
1431 3837 1469 3896 21
1489 3837 1524 3898 et
1537 3833 1592 3914 22)
1612 3855 1620 3896 :
1636 3851 1656 3894 s
1673 3835 1797 3897 Eduxit
1816 3851 1884 3897 nos
1906 3840 1972 3898 Do-

319 3929 547 4005 npprebendet
560 3929 776 4003 vindemiam,
792 3927 880 3990 idest
897 3929 985 3990 bona
1000 3943 1115 4005 opera·
1170 3931 1280 3992 minus
1295 3932 1336 3993 de
1358 3933 1505 4009 AEgypto
1527 3933 1562 3994 in
1584 3933 1798 4004 manuforti,
1824 3933 1971 4011 iecitque
2040 3955 2041 3972 ¹

318 4025 367 4086 tio
380 4025 423 4086 ab
435 4025 526 4090 omni
546 4025 672 4088 iavoris
686 4026 823 4087 humani
839 4027 947 4103 gloria
960 4028 1114 4102 separata
1170 4029 1277 4104 signa,
1293 4029 1327 4091 et
1341 4029 1536 4107 prodigia.»
1550 4029 1706 4092 Percussi
1721 4031 1801 4091 sunt
1815 4033 1971 4108 AEgyptii

318 4123 1112 4197 laetitiamconscientiae,etconscientiaelaetitin,
1169 4125 1211 4186 ad
1252 4125 1505 4202 designandum,
1547 4127 1693 4204 qualiter
1733 4129 1973 4204 percutiuntur

320 4221 391 4280 sive
419 4219 582 4282 exultatio
611 4219 787 4296 occupabit
812 4221 1005 4292 sementem,
1028 4219 1116 4281 idest
1169 4225 1435 4299 transgressores
1446 4224 1676 4287 mandatorum
1690 4224 1970 4303 Domini‚quibns

319 4316 481 4378 exultatio
497 4315 712 4378 conscientiae
727 4318 847 4379 mentis
863 4319 1019 4395 quietem,
1041 4331 1114 4393 qnae
1169 4321 1373 4397 respondent
1393 4322 1501 4398 plaga
1525 4321 1675 4398 AEgypti.
1701 4321 1857 4383 Primum
1879 4339 1971 4399 prae-

318 4415 370 4476 est
384 4414 543 4476 sementis
556 4414 662 4490 quies,
675 4413 749 4475 sive
760 4413 889 4476 sabbati
902 4414 1031 4476 eterni.
1045 4417 1115 4476 Hoc
1170 4420 1300 4494 ceptum
1315 4419 1367 4480 est
1383 4438 1391 4478 ε
1408 4420 1487 4480 Non
1507 4421 1643 4480 babebis
1659 4419 1739 4480 deos
1757 4423 1897 4482 alienos
1912 4435 1971 4482 co-

318 4513 381 4582 est,
397 4511 483 4588 quod
498 4511 579 4573 dicit
593 4512 699 4573 isaias
714 4512 748 4572 in
769 4511 834 4573 tine
850 4511 915 4589 (66,
929 4511 984 4590 23)
1000 4513 1116 4576 :clirit
1170 4529 1251 4576 rom
1269 4529 1335 4587 me,
1350 4515 1414 4576 ctc.
1431 4511 1563 4593 (Exodi,
1576 4517 1627 4588 20,
1640 4512 1687 4594 3.)
1703 4515 1762 4576 Cui
1785 4519 1973 4594 respondet

319 4607 492 4670 sabbatum
520 4623 564 4669 ex
592 4607 844 4680 sabbatarius
871 4608 1115 4684 tranquillitate
1169 4611 1276 4687 prima
1305 4612 1415 4688 plaga,
1436 4611 1522 4688 qnod
1543 4627 1629 4689 aqna
1658 4625 1829 4675 conversa
1854 4617 1910 4678 cst
1938 4621 1973 4677 in

319 4706 599 4783 monitaquaebm
611 4705 752 4767 habetur
764 4705 987 4782 pergratiam,
1000 4719 1116 4782 perve-
1168 4711 1384 4784 sauguinem.
1401 4707 1510 4786 (ibid,
1527 4711 1558 4778 7,
1572 4707 1639 4788 20.)
1654 4713 1758 4787 Aqua,
1779 4695 1825 4772 aa
1844 4727 1928 4790 qua,
1941 4713 1974 4774 et

317 4805 410 4866 nitur
420 4803 462 4864 ad
478 4803 580 4865 vitam
594 4804 765 4865 aeternam.
1079 4843 1081 4850 ,
1170 4805 1282 4867 calore
1296 4808 1502 4881 generantur
1522 4807 1647 4881 omnia,
1664 4805 1836 4883 significat
1852 4812 1972 4878 Deum.

359 4901 423 4963 Sed
436 4901 477 4964 de
489 4901 602 4978 pluvia
615 4899 834 4978 reproborum
847 4899 970 4978 iegitur
980 4901 1015 4962 in
1026 4903 1116 4964 Deu-
1169 4918 1291 4981 exquo
1312 4904 1424 4965 omnia
1445 4906 1534 4966 sunt.
1558 4907 1686 4982 liquam
1711 4905 1747 4966 in
1764 4909 1971 4984 sauguinem

317 4999 505 5060 teronomio
531 4996 596 5076 (28,
619 4998 673 5077 24)
689 5019 696 5058 r
714 5014 734 5057 s
757 4998 820 5059 Det
837 4999 996 5060 Dominus
1014 5000 1114 5062 terrm
1169 5001 1376 5073 convertere,
1393 5001 1445 5062 est
1458 5001 1587 5063 mutare
1602 5001 1911 5075 immutabilemet
1925 5007 1973 5066 in·

317 5094 384 5156 tuae
407 5093 546 5154 imbrem
566 5094 748 5170 pulverem,
765 5095 799 5154 et
813 5095 994 5158 descendat
1014 5111 1115 5172 super
1169 5097 1418 5175 corruptibilem
1433 5099 1576 5175 gloriam
1588 5100 1648 5160 Dei
1661 5099 1697 5160 in
1710 5100 1971 5164 similitudinem

1406 2829 1547 2891 SERMO
1573 2829 1724 2890 CXCVII.

355 5230 396 5314 (Ι)
413 5231 490 5288 Elin
506 5232 645 5302 ierbnras,
666 5243 721 5290 etc.
739 5233 838 5292 Glossa
854 5235 914 5292 ord.
933 5236 960 5292 in
976 5236 1113 5306 interpre·
1168 5236 1236 5296 edit.
1255 5237 1345 5295 biaur.
1360 5239 1446 5307 ven,
1463 5245 1533 5296 tom.
1550 5239 1586 5307 ll,
1601 5253 1668 5312 pag.
1684 5239 1729 5308 et,
1743 5239 1800 5298 col.
1820 5242 1833 5297 l
1853 5241 1969 5315 legitur,

318 5307 427 5360 tatione
440 5310 526 5359 sextae
541 5303 584 5375 pla
643 5305 759 5377 lligypti
778 5306 864 5362 utitur
879 5305 934 5363 troc
953 5304 1112 5363 vocabulo:
1168 5309 1199 5364 tn
1210 5309 1332 5381 (cruore,
1350 5323 1406 5366 non
1429 5323 1507 5378 vero,
1531 5310 1562 5364 in
1580 5309 1716 5380 saturis.
1742 5311 1778 5367 lit
1801 5314 1881 5385 apud
1902 5330 1967 5370 ven.

320 5376 381 5432 «in
396 5372 539 5431 ulceribus
551 5375 588 5430 do
599 5389 660 5443 osa,
678 5377 884 5450 purulentaque
899 5377 1005 5434 matitia
1021 5392 1052 5432 ar
1095 5379 1114 5433 i·
1168 5379 1284 5447 Bedarn,
1306 5381 1354 5464 qui
1376 5380 1508 5436 eamdem
1531 5381 1797 5452 interpretationem
1824 5394 1970 5442 mutuatus

316 5451 364 5502 tur
374 5461 387 5527 ‚²
401 5445 430 5527 ln
445 5443 549 5500 vesicis
562 5451 675 5528 tumens
689 5445 829 5526 etliniiata
843 5447 976 5520 superbia
991 5463 997 5506 ι
1012 5448 1042 5504 in
1067 5463 1111 5505 er·
1168 5457 1213 5507 est
1227 5449 1262 5506 ab
1277 5452 1412 5524 Origene,
1428 5465 1492 5524 cap.
1504 5451 1521 5508 9
1532 5451 1727 5521 Expositioait
1741 5451 1775 5508 in
1786 5454 1882 5512 Eaeod.
1896 5457 1966 5529 legi·
2038 5473 2039 5500 ³

318 5513 407 5584 buris,
421 5530 472 5572 rra
481 5521 511 5570 et
522 5513 624 5572 inrons
638 5529 759 5573 insania.
770 5539 782 5566 ι
795 5517 850 5576 sed
861 5518 936 5591 apud
948 5519 1113 5591 Origenem,
1170 5529 1224 5589 tur,
1245 5521 1272 5575 'n
1287 5523 1457 5592 fervoribus.

318 5601 334 5642 a
350 5600 406 5658 quo
421 5591 534 5658 sumpta
549 5593 594 5643 eet
608 5585 804 5659 interpretatio
819 5590 903 5648 Hom.
915 5591 954 5652 lv
966 5591 994 5648 in
1010 5590 1112 5660 Exod,
1204 5537 1251 5688 (if
1260 5593 1300 5650 Dr
1315 5593 1442 5666 Origene
1454 5594 1538 5652 liom.
1556 5591 1615 5650 tin
1631 5591 1721 5652 Exod.
