4158 6380
325 267 368 330 sc
766 272 822 332 an
844 272 982 334 crana
1004 227 1037 334 s'.
1061 274 1283 337 ranncrsm
1304 279 1532 340 ass1s1ar1s
1937 286 1977 346 oo

324 429 531 506 aliorumque
546 429 847 501 sacramentorum,
863 430 981 510 quihus
1003 433 1120 495 Eccle-
1178 447 1249 495 ram
1262 451 1270 509 ;
1285 450 1424 512 quorum
1438 453 1500 513 ego
1516 437 1771 517 (gloriabundus
1787 441 1877 520 dico)
1894 460 1975 519 par-

325 527 505 596 mentitur,
523 525 658 601 negabit
669 526 857 599 veritatem,
870 543 969 606 quam
985 529 1118 602 latetur,
1174 530 1280 607 ticeps
1295 530 1353 592 lui.
1372 533 1531 606 Primum,
1549 533 1625 596 sesti
1640 551 1811 598 sacrorum
1831 539 1975 614 stigma-

243 641 245 648 ·
325 623 542 693 commendat,
568 627 601 685 et
631 623 762 684 extollit
786 626 1013 687 Franciscusi
1040 630 1120 700 Quis
1174 629 1243 686 tum
1259 628 1451 704 renovati03
1469 631 1622 701 alterum,
1635 632 1763 704 domus,
1777 634 1811 692 in
1827 651 1892 711 qua
1909 653 1973 696 na-

323 736 425 798 opera
440 719 553 780 nostra
573 720 613 780 ad
631 721 749 795 gratiae
770 724 984 798 augmentum
1000 725 1033 786 et
1046 725 1120 800 glo·
1173 724 1238 794 tus,
1254 724 1423 796 educatus,
1438 729 1499 788 eta
1513 728 1606 803 patre
1617 730 1747 790 carceri
1762 733 1973 808 mancipatus

322 818 382 880 riae
396 817 663 880 consecutionem
672 833 739 878 non
754 834 829 880 esse
840 822 1043 892 necessaria,
1062 823 1117 904 sed
1174 819 1236 882 luit
1262 823 1494 883 sanctissimus
1515 827 1612 900 pater
1632 828 1745 887 noster
1765 829 1972 890 Franciscus

324 915 434 976 omnia
450 912 537 976 iacta
553 917 624 988 jam
640 929 714 976 esse
733 915 768 976 in
793 916 914 978 virtute
930 918 1063 990 Christi,
1087 921 1119 981 et
1174 913 1261 994 (quae
1276 918 1385 980 adhuc
1406 920 1549 981 aliarum
1566 936 1658 982 more
1681 923 1900 985 saecularibus
1915 927 1970 987 lo-

322 1011 427 1072 solam
461 1015 534 1088 eJ'us
568 1011 722 1073 sulficere
762 1013 859 1075 iidem
895 1016 1115 1087 attestabitur,
1173 1012 1581 1092 cahaturabsqnedecore
1601 1019 1790 1098 ethonore)
1806 1022 1841 1082 in
1857 1023 1970 1084 eccle-

322 1109 454 1185 quando
466 1108 534 1180 ille,
545 1109 601 1185 qui
612 1109 718 1184 ipsius
732 1110 855 1173 Christi
869 1112 1024 1186 stigmata
1040 1129 1119 1190 por-
1172 1110 1256 1172 siam
1271 1113 1305 1171 et
1319 1113 1555 1174 monasterium
1570 1120 1692 1188 erecto,
1705 1116 1837 1179 favente
1848 1135 1970 1196 magna

321 1205 423 1272 tabat,
438 1220 538 1280 opera
552 1207 754 1282 poenitentiae
771 1207 804 1268 et
816 1208 948 1284 pietatis
961 1211 1116 1272 sectanda
1171 1207 1389 1284 pecuniarum
1409 1225 1536 1270 summa
1562 1212 1716 1289 Philippo
1742 1215 1854 1286 tertie,
1882 1218 1968 1276 reli-

322 1303 583 1380 proponitiQuis
597 1303 738 1380 denique
753 1304 986 1380 religiosorum
1000 1309 1114 1380 coetus,
1171 1305 1361 1378 giosissimo
1389 1307 1628 1383 Hispaniarum
1654 1325 1745 1386 rege,
1773 1314 1806 1372 et
1833 1312 1968 1376 domino

320 1400 744 1477 emissionesqnevotorum
759 1401 948 1478 improbare
968 1404 1114 1478 audebit,
1171 1403 1296 1472 nostro,
1313 1401 1369 1478 qui
1392 1405 1474 1479 jam,
1497 1406 1533 1466 ut
1556 1405 1734 1480 credimus,
1756 1407 1856 1485 hujus
1880 1411 1969 1472 alio-

321 1512 460 1573 quorum
487 1497 603 1556 auctor
627 1500 765 1573 apparet
789 1499 901 1560 tantus
927 1501 1002 1560 virt
1023 1501 1116 1563 Unde
1170 1511 1310 1574 rumque
1324 1497 1486 1560 bonorum
1501 1517 1639 1577 operum
1654 1503 1770 1578 gloriae
1791 1507 1966 1582 praemium

319 1609 475 1669 magnum
496 1593 528 1654 te
556 1592 753 1654 beneficium
781 1596 816 1656 in
846 1596 905 1658 Dei
932 1598 1115 1659 Ecclesiam
1170 1594 1271 1656 tenet.
1301 1595 1449 1656 Primum
1474 1599 1584 1660 autem
1610 1599 1671 1661 tibi
1691 1602 1875 1677 jucundum
1895 1604 1968 1666 iore

319 1690 500 1752 contulisse
519 1691 630 1763 crede,
652 1691 805 1770 inhujus
826 1694 943 1770 Operis
955 1695 1112 1768 editione,
1170 1689 1967 1777 oredo,sireieram,utresevenit:rarusquippe

318 1803 392 1864 quae
407 1787 522 1848 fideles
539 1788 652 1850 Sancti
668 1790 813 1865 Spiritus
826 1790 904 1865 igne
916 1793 1070 1855 accendit
1083 1794 1116 1855 et
1170 1789 1230 1858 est,
1247 1789 1280 1850 θῐ
1297 1787 1435 1850 devotus
1450 1793 1600 1853 eventus·
1624 1795 1723 1854 Eram
1747 1809 1808 1870 030
1824 1796 1859 1856 in
1877 1798 1966 1858 civi-

318 1884 496 1956 illuminat,
508 1884 725 1962 infidelesque
741 1887 914 1950 comburit.

359 1982 423 2042 Sed
447 1997 536 2042 nunc
560 1981 601 2042 ad
621 1982 784 2059 meipsum
806 1983 950 2056 rediens,
970 1986 1111 2050 caeteris,

320 2093 393 2154 quae
417 2078 453 2138 in
477 2077 623 2154 Epistola
642 2081 698 2140 tua
721 2081 895 2158 scripsisti,
918 2083 1111 2154 rescribam,

318 2174 351 2236 et
366 2174 487 2236 faciem
504 2175 597 2236 satis.
612 2175 717 2237 Mittis
733 2177 835 2253 igitur
846 2177 887 2243 ad
901 2193 953 2240 me
964 2179 1111 2240 sanctis-

318 2271 396 2332 simi
412 2272 519 2348 patris
534 2274 640 2334 nostri
661 2273 764 2336 libros
784 2276 816 2336 et
831 2291 944 2352 opera,
962 2279 995 2338 et
1012 2277 1112 2354 hujus

316 2369 465 2430 muneris
490 2373 677 2432 consortem
699 2373 732 2432 et
746 2371 953 2434 cohaeredem
972 2373 1054 2434 iacis
1069 2374 1113 2434 il-

316 2465 554 2528 lustrissimum
576 2467 756 2539 dominum,
778 2485 818 2529 ac
843 2469 978 2530 tratrem
1002 2486 1111 2532 meum

316 2565 508 2636 Antonium,
527 2565 821 2639 Carthaginensem
842 2567 1043 2643 episcopum,
1059 2569 1111 2629 to-

315 2659 383 2719 tius
407 2660 534 2720 ordinis
554 2661 770 2722 Francisoani
792 2663 884 2738 prius
907 2664 1108 2738 generalem.

317 2757 360 2818 nt
374 2757 452 2833 quid
469 2757 650 2834 jucundius
671 2759 752 2820 mihi
775 2759 967 2836 contingere
992 2761 1107 2838 potuit,

316 2870 416 2931 quam
440 2856 569 2916 tantum
597 2854 706 2916 virum
733 2856 831 2932 hujus
859 2857 1007 2918 muneris
1036 2858 1109 2919 lieri

316 2952 516 3023 consortem,
535 2953 571 3013 ut
585 2953 668 3027 eJus,
685 2967 782 3028 quem
800 2954 919 3015 natura
937 2955 1026 3017 dedit
1040 2955 1110 3016 tia-

316 3049 400 3110 trem
422 3051 582 3125 majorem
597 3049 756 3120 tutatast
777 3049 956 3122 dominum,
974 3052 1046 3113 haec
1066 3053 1109 3114 sit

313 3161 394 3207 vera
408 3145 612 3214 fraternitas,
629 3147 664 3209 ut
678 3147 793 3208 eadem
809 3147 900 3219 tides,
919 3149 952 3210 et
965 3148 1106 3224 religio-

313 3243 367 3304 nis
378 3245 411 3304 et
423 3243 571 3304 muneris
582 3243 680 3304 istius
693 3245 904 3320 participatio
917 3261 996 3306 vere
1007 3246 1107 3308 iaciat

314 3355 389 3401 esse
403 3343 600 3415 germanos?
615 3341 738 3402 Dicasti
754 3341 850 3402 nobis
864 3357 945 3417 ergo
958 3344 1106 3418 parentis

312 3437 420 3499 nostri
432 3452 549 3512 opera3
560 3439 593 3500 et
606 3437 725 3499 merito
735 3438 912 3500 :debentur
927 3440 1014 3500 enim
1028 3440 1105 3502 tiliis

312 3531 400 3594 bona
413 3536 597 3610 parentum,
615 3535 648 3596 et
662 3535 703 3594 ad
716 3551 772 3596 eos
795 3535 939 3612 pertinet
961 3537 1106 3599 haeredi-

311 3633 375 3703 tas,
398 3631 542 3692 maxime
566 3645 632 3692 non
652 3632 812 3707 ingratos.
839 3634 974 3694 Gratum
1000 3634 1104 3696 tilium

311 3728 574 3790 illustrissimum
597 3728 734 3790 fratrem
754 3745 862 3792 meum
885 3732 975 3794 certe
992 3731 1104 3794 dicere

310 3842 444 3904 possum
470 3848 478 3886 ε
504 3829 663 3903 quantum
690 3828 779 3890 enirn
807 3828 964 3904 religioni
987 3831 1102 3892 inser·-

309 3922 420 3998 vierit,
453 3924 663 3986 notissimum
697 3927 757 3988 est.
791 3925 947 3988 Habitum
983 3928 1103 4005 quippe

310 4022 427 4098 quarto
443 4020 571 4082 decimo
586 4022 694 4082 aetatis
709 4037 797 4083 anno
819 4025 1016 4100 suscipiens,
1035 4024 1104 4086 lra-

308 4119 387 4190 tres‚
405 4117 460 4193 qui
477 4118 518 4178 de
532 4120 738 4180 mortuorum
750 4121 922 4194 parentum
938 4120 1011 4182 loco
1025 4137 1104 4182 suo-

309 4215 489 4284 cesserant‚
517 4215 549 4274 et
578 4214 690 4274 omnia
724 4215 921 4290 temporalia
954 4217 1099 4293 reliquit,

309 4310 463 4386 exempla
489 4308 604 4386 optimi
629 4310 732 4386 patris
757 4311 927 4372 Francisci
956 4314 1099 4386 secutus,

308 4410 447 4484 ejusque
467 4405 622 4482 religioni
637 4407 672 4467 iu
690 4406 846 4482 religioso
867 4408 899 4469 et
913 4410 1007 4484 gravi
1024 4411 1101 4472 Sal-

307 4503 456 4566 mantino
469 4503 621 4564 coenobio
634 4519 670 4564 se
685 4503 828 4565 devovit.
844 4505 961 4567 Postea
972 4505 1006 4566 in
1019 4509 1101 4568 reli-

306 4602 405 4676 gione
425 4600 670 4677 philosophiam
691 4603 723 4662 et
744 4601 947 4677 theologiam
970 4603 1100 4680 publice

306 4697 486 4772 protessus,
507 4700 540 4759 et
563 4697 605 4757 ad
632 4697 763 4758 diversa
789 4713 926 4760 munera
950 4704 1097 4772 vocatus,

305 4793 439 4855 tandem
463 4793 505 4853 ad
529 4793 697 4870 generalis
719 4794 863 4856 ministri
885 4796 1015 4860 culmen
1038 4813 1097 4860 as-

305 4889 427 4961 cendit,
445 4889 559 4965 inquo
579 4891 738 4966 quantum
753 4891 909 4967 religioni
928 4894 1097 4957 inservie-

1169 1881 1236 1942 tate
1251 1882 1498 1956 vallisoletana,
1515 1887 1551 1946 in
1567 1889 1661 1963 cujus
1674 1889 1769 1950 curia
1785 1891 1878 1965 regia
1891 1893 1965 1966 regi

1169 1978 1404 2051 inserviebam,
1432 1980 1548 2043 habitu
1574 1986 1607 2044 et
1628 1984 1835 2060 professione
1854 2003 1966 2052 saecu-

1168 2073 1243 2146 lari,
1258 2075 1369 2138 osticio
1390 2078 1553 2140 auditoris
1568 2079 1727 2156 fungens;
1763 2083 1964 2162 advenitque

1167 2170 1203 2232 in
1226 2172 1359 2234 domum
1386 2189 1495 2236 meam
1509 2175 1756 2240 illustrissimus
1774 2181 1962 2259 episcopus,

1166 2268 1244 2329 tunc
1259 2269 1294 2330 in
1309 2272 1499 2334 zamorensi
1523 2273 1674 2336 coenobio
1698 2275 1874 2352 theologiae
1895 2279 1965 2339 lec-

1166 2365 1229 2436 tor,
1246 2366 1282 2426 ut
1297 2383 1371 2427 cum
1385 2369 1476 2428 socio
1487 2367 1531 2429 ibi
1544 2372 1720 2432 recreandi
1732 2374 1836 2434 animi
1847 2390 1961 2446 causa,

1165 2461 1345 2540 aliquibus,
1361 2465 1478 2541 paucis
1487 2466 1610 2540 tamem
1627 2471 1817 2531 remaneret
1830 2471 1960 2533 diebus.

1166 2561 1245 2620 Post
1268 2575 1396 2622 coenam
1422 2561 1543 2638 itaque,
1567 2563 1621 2626 die
1640 2565 1767 2626 decima
1782 2570 1877 2630 sexta
1903 2569 1963 2630 de-

1164 2656 1317 2727 cembris,
1328 2657 1385 2720 ille
1395 2673 1468 2720 cum
1483 2661 1574 2722 socio
1585 2661 1748 2724 recitabat
1761 2665 1961 2726 matutinum

1164 2751 1320 2825 osticium,
1344 2769 1406 2829 ego
1428 2771 1471 2816 ex
1494 2756 1600 2819 altera
1622 2761 1716 2842 parte
1737 2761 1886 2835 ejusdem
1900 2777 1960 2822 ca-

1163 2865 1263 2912 merae
1278 2851 1505 2924 deambulans,
1523 2855 1723 2916 Psalterium
1739 2857 1887 2933 Virginis
1903 2873 1961 2920 re-

1163 2947 1317 3022 citabam,
1338 2950 1371 3010 et
1385 2950 1568 3012 sentiebam
1587 2953 1758 3016 multoties
1773 2956 1878 3031 repeti
1893 2971 1959 3018 no-

1162 3059 1238 3106 men
1254 3047 1434 3108 Francisci.
1460 3049 1607 3121 Accessi,
1624 3065 1777 3126 quaerens
1793 3053 1879 3130 quod
1893 3052 1962 3114 tes-

1162 3141 1231 3202 tum
1254 3148 1342 3205 esset
1362 3143 1456 3215 illud,
1485 3145 1525 3204 de
1540 3162 1603 3223 quo
1619 3146 1764 3208 osticium
1779 3148 1956 3210 diceretur.

1162 3240 1434 3316 Responderunt:
1447 3244 1493 3303 lie
1508 3243 1717 3318 stigmatibus
1732 3238 1840 3308 sancti
1855 3249 1960 3308 Fran·

1161 3337 1253 3398 cisci.
1279 3340 1347 3412 Ego
1370 3339 1552 3400 admiratus
1571 3340 1642 3401 dini
1659 3357 1666 3401 :
1684 3344 1792 3414 Quare
1806 3343 1870 3404 hoc
1885 3343 1957 3404 ies-

1160 3434 1230 3495 tum
1242 3435 1277 3494 in
1299 3435 1462 3511 religione
1478 3451 1544 3498 non
1557 3437 1746 3500 celebratur
1759 3439 1954 3512 solemnius,

1160 3530 1217 3592 sed
1233 3531 1279 3592 ita
1294 3532 1435 3604 modice,
1453 3534 1488 3614 ut
1500 3549 1614 3596 omnes
1626 3536 1804 3598 saeculares
1819 3537 1957 3614 ignore-
2065 3517 2066 3599 t

1160 3644 1234 3689 mus
1248 3629 1336 3689 hunc
1347 3629 1445 3701 diem,
1459 3645 1520 3692 nec
1530 3631 1615 3693 tanti
1626 3633 1780 3694 miraculi
1793 3633 1955 3696 iaciamus

1159 3726 1524 3787 commemorationeml
1547 3728 1586 3789 Et
1607 3731 1693 3805 coepi
1712 3730 1900 3807 objurgare,
1925 3735 1957 3793 et

1158 3823 1254 3900 quasi
1281 3823 1430 3884 criminis
1454 3839 1596 3899 arguere
1619 3826 1828 3902 religionem.
1854 3830 1955 3889 Dice·

1157 3919 1232 3980 bam
1255 3919 1354 3992 enim,
1383 3935 1456 3983 meo
1474 3921 1613 3997 judicio,
1631 3923 1821 3998 stigmatum
1846 3925 1954 3987 sancti
2064 3935 2065 3948 ³

1157 4015 1356 4093 patriarchae
1370 4017 1491 4079 testum
1517 4018 1670 4081 debuisse
1692 4021 1766 4097 plus
1788 4020 1952 4092 celebrari

1157 4128 1256 4189 quam
1271 4112 1359 4174 diem
1374 4115 1490 4176 mortis
1514 4118 1597 4192 ejus.
1612 4118 1702 4178 Mors
1724 4118 1813 4179 enim
1836 4121 1952 4182 sancta

1157 4210 1303 4272 omnium
1327 4213 1522 4274 Sanctorum
1549 4227 1721 4275 commune
1747 4214 1948 4293 iestumest;

1156 4307 1191 4369 at
1213 4309 1421 4382 penetrantia
1447 4309 1601 4384 stigmata
1625 4311 1747 4371 Christi
1778 4310 1948 4386 habuisse,

1156 4403 1219 4464 soli
1243 4405 1421 4466 Francisco
1448 4420 1653 4468 concessum.
1681 4407 1821 4470 Etsicut
1842 4408 1949 4471 beatae

1155 4501 1303 4577 Virginis
1327 4501 1492 4564 Nativitas
1515 4503 1549 4564 et
1574 4503 1750 4580 conceptio
1772 4505 1899 4578 sancta,
1916 4509 1950 4568 et

1153 4599 1293 4662 loannis
1317 4601 1472 4676 Baptista
1498 4599 1674 4674 Nativitas,
1704 4601 1948 4665 solemnissima

1154 4695 1345 4758 celebritate
1367 4697 1531 4768 coluntur,
1554 4698 1632 4774 quia
1652 4700 1760 4774 majus
1775 4701 1826 4760 est
1839 4701 1947 4761 mira-

1153 4793 1264 4853 culum
1288 4795 1402 4854 sancte
1424 4793 1553 4869 concipi
1565 4796 1598 4855 et
1616 4794 1719 4864 nasci,
1737 4811 1835 4872 quam
1848 4797 1945 4870 mori,

1152 4891 1199 4952 ita
1226 4889 1262 4950 in
1289 4887 1386 4951 heato
1410 4890 1588 4952 Francisco
1612 4894 1719 4968 majus
1751 4891 1815 4954 fuit
1838 4894 1946 4954 mira-

305 4988 360 5060 rit,
380 5001 495 5048 omnes
522 4986 653 5056 norunt,
677 4986 782 5048 donee
807 4990 847 5050 ad
875 4990 1098 5067 episcopalem
1152 4986 1273 5056 culum,
1291 4987 1324 5046 et
1338 4986 1515 5062 specialius
1534 4988 1719 5050 sanctitatis
1735 4989 1877 5064 Signum,
1892 4991 1947 5052 vi·

305 5084 500 5159 dignitatem
525 5082 602 5143 ante
626 5081 727 5145 oflicii
756 5085 809 5146 sui
830 5086 929 5148 tinem
949 5091 1094 5161 evectus,
1151 5099 1228 5144 vum
1247 5083 1399 5160 accipere
1414 5097 1510 5146 sacra
1525 5084 1692 5160 stigmata,
1711 5100 1809 5164 quam
1831 5089 1947 5149 sancta

304 5179 346 5240 ad
365 5179 553 5240 animarum
575 5194 689 5240 curam
713 5196 732 5242 e
756 5182 918 5257 religione
942 5184 1094 5258 divertit;
1151 5179 1247 5240 mori·

303 5291 370 5336 non
392 5276 503 5336 animo
526 5275 657 5351 quidem
676 5278 733 5338 aut
756 5278 920 5350 moribus,
942 5281 1000 5342 sed
1024 5282 1096 5344 sola
1190 5278 1249 5338 His
1265 5277 1611 5354 aliisquerationihus,
1626 5279 1858 5356 proposuimus
1869 5295 1945 5342 am-

302 5371 507 5434 habitatione
523 5372 555 5432 et
573 5373 790 5449 occupatione
812 5375 983 5451 pastorali.
1005 5379 1095 5440 Inter
1150 5373 1201 5446 bo,
1220 5375 1285 5436 hoc
1302 5375 1482 5450 negotium,
1501 5375 1529 5436 si
1543 5377 1629 5436 Deus
1644 5379 1773 5452 tempus
1789 5378 1944 5440 occasio-

303 5470 371 5531 alia
386 5470 506 5541 autem,
521 5484 605 5547 quae,
620 5469 697 5530 dum
713 5471 880 5546 generalis
895 5471 1095 5548 fungebatur
1148 5487 1290 5549 nemque
1301 5472 1477 5548 praeheret,
1493 5473 1541 5533 ita
1556 5487 1761 5548 promovere,
1773 5475 1809 5534 ut
1822 5473 1943 5536 testum

304 5565 424 5636 olilcio,
442 5565 508 5641 egit
525 5565 622 5627 laude
642 5567 752 5642 digna,
771 5565 836 5627 duo
859 5570 986 5629 tantum
1003 5570 1093 5632 rese·
1148 5567 1211 5630 hec
1237 5567 1479 5630 solemnissime
1502 5583 1567 5630 non
1583 5569 1691 5630 solum
1712 5569 1747 5630 in
1765 5571 1940 5645 religione,
