4184 6410
145 263 208 324 css
339 253 374 309 f
521 259 630 324 enas
657 261 804 323 rarus.
825 289 866 306 -
884 263 1105 338 uxposrmo
1134 251 1410 324 massanos.
1590 233 1592 238 ’
1723 261 1785 326 cea
1900 219 1903 234 ’

184 417 344 496 Sequitur
359 438 367 480 ε
383 419 434 480 m·
449 421 731 482 claudicaverunt
756 435 778 482 a
805 421 939 484 camille
975 420 1143 486 detectus
1158 421 1301 493 hochoe,
1318 435 1401 498 quos
1416 419 1524 497 ipsum
1539 419 1706 484 christum
1727 421 1786 504 de-

140 519 227 578 sals.
244 517 291 578 De
304 515 423 592 quibus
438 515 536 580 tertio
547 515 748 596 Rogamus,
759 515 813 595 21)
823 516 936 578 Elias:
993 520 1061 581 cuit
1087 527 1273 590 assumere,
1303 519 1337 581 et
1368 517 1525 594 oportuit.
1551 520 1644 580 Hanc
1676 517 1785 582 dotem

145 615 188 676 ut
208 616 291 688 aella
312 610 360 692 (1)
375 613 573 676 cananae
589 617 627 676 in
649 617 735 676 dnos
747 615 887 688 pactast
901 617 940 677 Sl
994 614 1079 678 bene
1103 615 1251 692 explicat
1273 617 1379 679 isaias
1395 613 1459 693 (53,
1475 617 1496 675 2
1520 616 1555 676 et
1571 612 1617 694 t),
1645 615 1785 678 dicensz

140 713 312 772 Donelnac
342 711 396 771 cst
420 714 535 784 Deus,
559 715 745 786 caprimon
773 727 854 772 cam
877 727 884 771 :
907 715 939 774 st
993 713 1067 774 Nou
1084 713 1137 776 est
1157 714 1190 774 ei
1205 713 1520 788 specieszvidimus
1541 727 1618 774 eum
1633 721 1701 774 uon
1725 712 1789 774 ha·

141 811 244 880 Boot,
264 810 450 881 sequimini
475 817 555 870 cum
573 805 632 886 (2).
645 809 728 870 Sunt
750 808 841 871 enirn
862 807 938 884 qui-
994 807 1125 872 beatem
1139 810 1297 887 speciem,
1314 825 1422 886 neque
1437 810 1591 871 decorem
1606 807 1758 888 (i).1tem
1776 829 1784 868 ε

140 904 218 966 dam
237 902 400 966 iacientes
415 919 518 981 opera
542 905 583 966 de
609 920 736 980 genere
759 905 934 977 bonorum,
992 905 1144 968 Vidimus
1166 904 1216 985 (5)
1239 907 1432 982 cumquest
1457 906 1636 982 leprosum,
1651 909 1685 970 et
1706 920 1786 984 per-

141 1001 199 1078 qui
210 1000 326 1064 volunt
339 999 446 1063 videri
457 1000 583 1062 servire
596 1003 675 1072 Deo,
689 1001 769 1064 licet
781 1001 848 1064 non
869 1017 937 1064 ser-
992 1013 1127 1064 cussum
1141 1019 1161 1064 a
1175 1005 1255 1074 Deo,
1272 1004 1306 1065 et
1326 1003 1549 1065 humiliatum.
1567 1007 1614 1065 De
1634 1003 1698 1066 hoc
1712 1019 1788 1064 oon·

140 1099 253 1173 uiant,
275 1098 312 1161 et
324 1097 372 1160 ita
386 1097 450 1160 hoc
465 1098 547 1174 pede
561 1097 763 1160 claudicant.
781 1100 938 1162 Serviunt
987 1099 1083 1178 jngio
1098 1099 1180 1162 dicit
1200 1099 1263 1162 lob
1279 1097 1343 1179 (28,
1358 1097 1391 1178 7)
1409 1117 1417 1156 =
1431 1101 1622 1163 «semitam
1645 1102 1786 1177 ignora·-

140 1197 253 1258 autem
268 1207 478 1268 mammona,
492 1195 525 1258 et
544 1195 591 1258 ita
607 1195 798 1258 claudicent
809 1187 934 1271 alter03
991 1197 1041 1261 vit
1048 1197 1202 1269 erismae
1212 1197 1351 1260 intuitus
1363 1197 1414 1258 est
1424 1195 1472 1277 (d)
1482 1197 1598 1260 oculus
1607 1197 1785 1274 vulturum

140 1292 235 1356 etita
248 1291 389 1368 uhcqm
402 1291 496 1368 pede,
511 1292 588 1369 quia
600 1292 776 1354 sinistrum
784 1291 937 1370 estquid·
992 1295 1070 1370 quia
1084 1293 1172 1356 sicut
1193 1294 1307 1356 vultur
1331 1294 1474 1356 odorans
1490 1309 1660 1358 cerneme
1681 1295 1789 1372 parti·

141 1389 221 1468 quid
243 1390 357 1466 agunt.
383 1389 521 1452 Talibus
540 1389 649 1467 potest
669 1389 759 1452 dici:
789 1390 829 1452 Ut
854 1393 936 1464 pald
991 1389 1054 1452 bus
1071 1391 1315 1460 remotissimis,
1330 1392 1365 1454 et
1378 1391 1460 1454 illuc
1476 1391 1649 1464 advolans,
1663 1391 1786 1456 ibidem

140 1487 352 1562 claudicatis,
368 1487 445 1560 cta,
459 1501 504 1548 ue
522 1487 597 1550 sitis
610 1486 697 1550 sicut
711 1486 936 1564 Miphiboseth
991 1488 1133 1564 capitur,
1145 1490 1178 1551 et
1191 1488 1325 1552 tenetur
1340 1505 1348 1550 :
1363 1489 1412 1551 sio
1426 1489 1533 1550 Filius
1547 1491 1608 1552 Dei
1622 1505 1643 1552 a
1657 1503 1787 1554 summo

139 1584 197 1662 qui
211 1583 422 1646 claudicabat
430 1584 465 1645 in
478 1583 562 1646 duas
573 1585 697 1660 partes.
712 1584 936 1662 Mipbiboseth
991 1585 1067 1646 coeli
1086 1584 1221 1662 fastigio
1235 1587 1384 1648 nostram
1398 1587 1537 1650 mortem
1550 1587 1686 1686 amavit,
1697 1588 1731 1650 et
1742 1587 1785 1648 de

140 1681 380 1758 interpretatur
407 1696 445 1743 os
467 1679 689 1752 contusionis,
711 1683 765 1744 rel
791 1680 937 1764 ignom}-
991 1682 1069 1744 sinu
1083 1683 1193 1744 Patris
1207 1682 1413 1746 descendens
1428 1684 1608 1746 inuterum
1619 1684 1781 1762 liminis,

140 1765 219 1840 niae.
248 1778 347 1840 Illum
377 1778 468 1840 enim
504 1779 661 1855 expectat
690 1778 859 1848 contusio,
880 1777 936 1840 vel
991 1779 1023 1840 et
1037 1778 1159 1841 ibidem
1179 1795 1314 1842 carnem
1328 1796 1349 1842 a
1365 1781 1486 1844 Sancto
1503 1781 1629 1857 Spiritu
1644 1782 1786 1844 munda-

140 1872 328 1948 ignominia
346 1872 536 1947 infernalis,
552 1874 610 1952 qui
624 1874 675 1936 sic
690 1872 883 1938 claudificat
899 1873 952 1949 iux
990 1876 1058 1938 tam
1079 1891 1264 1950 assumens,
1281 1878 1317 1940 in
1331 1876 1448 1940 eadem
1463 1880 1579 1954 captus
1597 1880 1712 1942 mortis
1727 1895 1786 1942 ac·

142 1968 228 2032 duras
242 1971 367 2048 partes.
990 1973 1093 2050 ceptit
1105 1974 1318 2036 sententiam.
1333 1975 1427 2038 Unde
1440 1973 1475 2035 in
1489 1974 1631 2038 Turonis
1648 1973 1692 2054 (4,
1708 1973 1783 2054 20)ι

246 2079 249 2088 “
990 2086 1009 2131 a
1036 2071 1180 2147 Spiritus
1206 2071 1275 2133 oris
1305 2072 1412 2134 nostri
1438 2072 1588 2134 Christus
1625 2073 1785 2135 Dominus

990 2168 1105 2245 captus
1120 2169 1171 2230 est
1182 2167 1217 2228 iu
1231 2168 1376 2243 peccatis
1391 2168 1666 2242 nostris».Quasi
1680 2169 1784 2232 dicat:

392 2235 531 2298 SERMO
552 2237 686 2298 XXXII·
990 2264 1112 2340 Captus
1125 2266 1176 2325 est
1191 2265 1341 2326 Christus
1355 2265 1390 2326 in
1406 2266 1701 2342 peccatisnostris,
1715 2281 1784 2328 non

198 2375 243 2432 lle
260 2373 414 2432 Netivttote
432 2371 556 2432 Domini.
579 2376 621 2432 be
635 2373 742 2447 nuptiis
761 2371 876 2442 christi,
990 2359 1077 2437 quod
1105 2360 1177 2437 ipse
1201 2362 1372 2436 peccatum
1398 2361 1525 2436 iecerit,
1551 2361 1609 2424 sed
1625 2363 1703 2439 quia
1726 2380 1786 2438 pro

443 2469 473 2520 el
486 2463 634 2520 molesia.
989 2457 1135 2534 peccatis
1153 2457 1279 2520 nocuis
1302 2472 1435 2534 poenam
1459 2458 1613 2521 exsolvit.
1630 2462 1717 2536 Ipse,
1733 2460 1788 2521 in-

180 2599 260 2672 lpse
285 2597 451 2669 tanquam
472 2599 624 2669 Sponsus
643 2597 833 2670 procedens
854 2597 895 2657 de
990 2555 1248 2664 quamestnou
1269 2554 1378 2664 solum
1402 2555 1540 2666 spiritus
1563 2557 1682 2618 mentis
1703 2572 1786 2618 nos·

280 2694 429 2756 thammo
449 2708 523 2754 suo·
548 2691 653 2773 (ΡΜ.
677 2693 725 2764 18,
748 2691 795 2771 6.)
989 2651 1396 2810 tressgtsedsieottrlatrzisprmtus
1411 2654 1672 2762 orusnostrijac
1687 2653 1717 2714 si
1732 2653 1785 2714 di-

1096 2788 1102 2802 .
1263 2763 1342 2810 vere
1367 2763 1553 2825 nequimus,
1570 2765 1636 2810 n1s1
1659 2765 1719 2826 per
1746 2765 1785 2812 os

179 2847 261 2908 'ires
278 2843 494 2906 considerare
519 2843 675 2908 debemus
690 2843 790 2922 hujus
815 2841 933 2920 sponsi
990 2842 1144 2919 spiritum
1158 2844 1359 2918 emittamus,
1370 2844 1419 2906 sic
1432 2845 1465 2907 et
1479 2844 1514 2904 in
1529 2845 1660 2908 Christo
1671 2847 1785 2908 slvere

138 2942 286 3018 nuptias,
302 2942 432 3004 scilicet
445 2941 592 3014 unionis,
604 2941 805 3014 dilectionis,
819 2942 853 3004 et
866 2940 935 3016 glo·
990 2941 1176 3018 nequimus,
1187 2939 1252 3002 nisi
1263 2941 1372 3018 ipsum
1383 2956 1442 3003 ore
1457 2941 1685 3004 conliteamur.
1699 2943 1785 3004 Huic

137 3039 348 3102 rideatiouia.
374 3039 497 3100 Primae
532 3039 658 3116 nuptia
680 3037 815 3102 unionis
839 3037 935 3100 rasta
989 3037 1090 3099 etiam
1103 3039 1283 3100 concordat
1296 3039 1450 3100 Psalmus
1463 3036 1528 3117 (28,
1544 3038 1577 3117 6)
1595 3061 1602 3099 :
1618 3043 1783 3106 Qateraad·

139 3137 218 3198 sunt
251 3136 288 3197 in
326 3135 452 3198 unione
492 3134 633 3198 duarum
651 3135 864 3197 naturarum
897 3133 934 3196 iu
989 3137 1128 3198 modam
1146 3137 1238 3208 (illus
1256 3139 1488 3198 ancoratum.
1506 3136 1695 3209 Unicornis,
1712 3138 1783 3198 sci-

138 3233 292 3306 Ghristo,
322 3232 444 3295 divinae
472 3233 602 3294 scilicet
627 3233 775 3304 naturae,
804 3232 839 3293 et
866 3231 933 3292 hu·
989 3231 1067 3292 licet
1087 3231 1284 3294 rhinoceros
1311 3232 1347 3294 in
1373 3233 1450 3294 sinu
1463 3233 1604 3309 virginis
1629 3235 1782 3310 capitur:

138 3343 260 3392 meum.
284 3329 417 3404 Nuptiae
441 3328 630 3392 dilectionis
653 3326 829 3390 celebrata
856 3326 934 3388 aunt
989 3326 1038 3388 sic
1062 3330 1095 3391 et
1122 3328 1273 3390 Christus
1296 3330 1392 3408 quasi
1420 3330 1618 3392 rhinoceros
1641 3330 1678 3391 in
1707 3331 1783 3391 sinu
1897 3385 1901 3393 .

137 3426 175 3486 iu
194 3427 427 3502 conjunctione
451 3425 586 3497 Christi,
603 3426 637 3488 et
662 3424 820 3487 Ecclesia
843 3423 935 3485 mili-
989 3425 1143 3501 virginis,
1153 3427 1186 3488 et
1201 3426 1235 3489 in
1247 3441 1349 3489 carne
1359 3428 1525 3498 sancta‚et
1536 3427 1671 3499 munda,
1683 3443 1783 3506 quam

139 3523 261 3586 mutis.
289 3523 422 3600 Nuptioe
458 3521 713 3598 glorificationis
754 3519 933 3582 celebran·
989 3521 1168 3591 adamavit,
1184 3523 1300 3602 mortis
1310 3524 1509 3586 sententiam
1524 3524 1660 3600 recepit.

138 3621 195 3682 tur
221 3619 257 3680 in
290 3617 525 3695 conjunctione
552 3616 687 3688 Christi,
713 3616 750 3678 et
776 3615 934 3678 Ecclesiae
1029 3619 1067 3680 In
1086 3615 1289 3694 adjutorium
1318 3619 1419 3695 hujus
1448 3620 1570 3696 Sponsi
1596 3632 1670 3696 quse
1696 3618 1783 3682 dona

144 3716 394 3794 triumphantis.
424 3714 546 3778 Primae
570 3713 666 3775 teotae
701 3713 779 3776 sunt
802 3712 837 3774 iu
857 3712 935 3775 the·
989 3713 1067 3776 data
1081 3713 1148 3776 sint
1160 3715 1330 3787 Ecclesiae,
1346 3715 1534 3785 ostenditur
1544 3731 1605 3792 per
1619 3716 1682 3778 hoo
1696 3715 1783 3793 quod

138 3813 228 3876 lamo
259 3813 347 3876 uteri
381 3811 569 3888 virginalis.
607 3809 769 3872 secundm
804 3809 840 3870 in
870 3809 934 3870 hoo
989 3808 1127 3872 dicitur-t
1142 3813 1265 3874 lasela
1274 3811 1783 3885 poselttabarnacatamsaaaa
1873 3884 1876 3896 Ι

138 3911 273 3975 mundo.
298 3909 419 3972 Tertio
445 3907 661 3971 celebrantur
682 3907 719 3970 in
740 3921 855 3982 regno.
886 3908 933 3968 De
988 3906 1170 3968 nazaraea
1189 3907 1227 3970 at
1253 3911 1353 3984 alnas
1374 3911 1419 3970 aa
1446 3911 1659 3972 currendam
1674 3912 1782 3972 cmm.

138 4008 255 4085 primis
264 4007 411 4070 dicitur:
428 4010 507 4081 lpse
517 4006 682 4080 landenam
692 4007 934 4078 Sponsuspro·
988 4004 1028 4065 itt
1042 4003 1276 4082 subjungitur:
1292 4008 1365 4067 lica
1378 4006 1444 4080 ast,
1458 4008 1517 4079 aad
1542 4021 1579 4068 se
1600 4007 1784 4070 abmoadat

137 4107 262 4166 cedens
274 4102 679 4168 armamentarium
694 4099 932 4176 Deisiquidem
987 4106 1138 4164 acatorc
1159 4105 1246 4174 ejus
1263 4104 1329 4165 Per
1351 4102 1415 4164 hoc
1428 4102 1519 4164 onim
1548 4103 1633 4180 duod
1649 4103 1782 4176 dicitur,

139 4217 261 4277 magno
284 4200 451 4264 desiderio
474 4201 666 4265 sanderum
686 4197 848 4262 invitatus
871 4196 934 4260 tuit
987 4199 1031 4260 [a
1043 4201 1119 4260 Sole
1128 4199 1256 4273 pasatt,
1270 4198 1423 4274 signetur
1433 4199 1591 4264 Ecclesiae
1607 4200 1780 4277 protectio.

138 4299 181 4360 ad
205 4299 349 4374 nuptias,
375 4299 532 4375 quoniam
552 4297 730 4362 occasione
750 4296 932 4374 primorum
987 4293 1253 4361 sabernaculum
1282 4295 1405 4358 dicitu·
1433 4296 1557 4360 christi
1580 4296 1782 4370 humanitas,

139 4395 314 4472 pareutum
334 4395 519 4456 inimicitia
538 4395 635 4456 erant
657 4395 745 4456 inter
768 4395 883 4466 Deum,
900 4392 933 4456 el
988 4407 1061 4470 quoe
1075 4393 1183 4468 posita
1197 4391 1260 4455 run
1275 4393 1310 4453 in
1321 4393 1409 4466 Sole,
1423 4393 1510 4458 idest
1522 4394 1688 4470 passionis
1709 4395 1782 4456 ier·

139 4491 303 4562 homines,
318 4491 353 4552 et
366 4489 414 4550 sic
427 4506 493 4550 uon
508 4491 660 4566 poterant
675 4491 790 4552 reduci
799 4490 841 4551 ad
856 4505 934 4552 con·
986 4505 1067 4552 vore
1081 4489 1122 4550 ad
1137 4489 1387 4566 temperandum
1403 4491 1592 4552 severitatis
1601 4490 1779 4567 judicium.

139 4587 287 4654 cordiam
306 4585 458 4649 homines
473 4586 561 4663 apud
580 4589 695 4657 Deum,
713 4586 779 4649 nisi
793 4587 852 4648 Dei
876 4586 934 4646 Fi·
987 4586 1048 4648 Vel
1062 4586 1097 4648 in
1113 4586 1308 4663 Soleposuit
1315 4586 1566 4650 tabernaculum
1581 4602 1689 4656 suum,
1704 4587 1782 4664 quia

139 4686 204 4748 lius
229 4699 368 4746 uxorem
391 4683 527 4761 caperet
548 4683 591 4743 de
614 4683 726 4744 nosue
748 4682 931 4758 parentela,
988 4683 1103 4747 conda
1129 4697 1259 4746 omnem
1288 4683 1563 4760 persecutionem,
1592 4684 1627 4746 et
1654 4684 1782 4759 peccati
1860 4747 1863 4756 ,

139 4798 273 4848 carnem
301 4781 442 4852 scilicet,
465 4780 498 4842 et
516 4778 675 4850 animam,
695 4779 730 4840 et
753 4779 932 4840 humanam
986 4779 1204 4842 tentationem
1226 4778 1324 4841 nobis
1346 4779 1495 4842 umbram
1511 4793 1570 4855 per
1591 4779 1784 4842 humanita-

140 4884 304 4942 naturam.
323 4878 488 4940 intimius
510 4891 590 4952 ergo
614 4875 765 4938 Christus
782 4873 831 4954 (3)
854 4890 934 4936 nos·
985 4877 1054 4938 tem
1066 4877 1154 4938 tecit.
1165 4879 1235 4938 Hoc
1245 4877 1389 4954 estquod
1403 4876 1482 4938 dicit
1491 4877 1597 4938 Isaiae
1607 4876 1720 4955 (hbet
1730 4877 1781 4958 6):

140 4981 200 5040 tra
212 4977 307 5040 carui
320 4991 358 5040 se
372 4975 550 5052 copulavit
563 4974 633 5034 Nec
647 4974 775 5049 Sponsa
785 4973 877 5046 veuit
890 4973 931 5034 ad
987 4989 1005 5037 a
1030 4976 1137 5050 Super
1157 4989 1287 5038 omnem
1307 4973 1450 5050 gloriam
1464 4974 1530 5036 erit
1549 4973 1722 5050 protectio,
1749 4977 1782 5038 et

141 5075 274 5152 nuptias
289 5073 363 5136 stne
373 5071 450 5136 dote
467 5070 598 5134 :attulit
610 5071 701 5132 enirn
711 5085 772 5146 pro
783 5068 860 5132 dote
874 5068 931 5130 in·
988 5071 1240 5135 tabernaculum
1256 5071 1293 5132 in
1308 5071 1540 5134 umbraculum
1549 5071 1616 5134 diei
1630 5071 1671 5134 ab
1684 5073 1780 5146 aestu,
1805 5105 1815 5124 ·

141 5172 340 5243 firmitatem,
357 5169 604 5240 mortalitatem,
619 5166 884 5245 passibilitatem,
900 5171 934 5232 et
987 5171 1020 5230 et
1037 5168 1074 5230 in
1098 5167 1323 5241 securitatem,
1338 5169 1371 5232 et
1392 5167 1646 5234 absconsionem
1668 5185 1690 5235 a
1709 5171 1782 5234 tur·

175 5357 217 5427 (t)
236 5353 318 5424 Volo.
330 5355 493 5428 Usquequo.
706 5415 712 5434 ,
987 5358 1031 5408 est
1044 5349 1182 5408 christus.

176 5428 217 5496 li)
237 5425 318 5495 Vulp.
336 5423 427 5481 illum.
1023 5421 1064 5489 (l)
1079 5423 1161 5480 Vera.
1200 5435 1272 5478 raece
1286 5421 1373 5479 ixx.

178 5497 219 5569 (3)
236 5495 374 5551 invitatus
387 5507 459 5567 ergo
478 5493 616 5562 Christus,
632 5498 698 5561 eto,
715 5491 796 5560 idest,
813 5493 864 5550 Dei
886 5491 931 5550 Fi·
1024 5491 1066 5562 (ὅ)
1085 5492 1167 5561 Vctp.
1211 5491 1315 5550 idimus
1330 5507 1407 5564 eum,
1422 5501 1451 5552 el
1463 5509 1519 5552 uon
1533 5502 1596 5554 eret
1611 5501 1753 5566 aspectus.

142 5569 205 5637 tius,
221 5565 269 5636 qui
293 5573 357 5638 post
376 5565 599 5638 suomptiouem
618 5561 934 5623 bunaailatisvocalus
1024 5561 1066 5633 (6)
1084 5563 1164 5632 Valp.
1179 5563 1261 5620 Eam.
