4184 6410
138 305 202 368 eoi
476 301 477 306 ’
516 305 626 368 PARS
655 303 861 366 Pitinum·
884 301 1104 364 EXPOSITIO
1134 302 1179 362 IN
1208 302 1410 365 Psanites

140 467 224 539 tum,
240 463 381 542 projecit
394 463 567 540 civitates:
585 465 668 526 Ecce
681 463 787 525 ioedus
802 462 934 539 ruptum
1271 481 1412 542 SERMO
1435 423 1505 540 siv,

139 561 228 623 inter
236 561 438 634 Creatorem,
450 563 483 622 et
492 563 692 623 creaturam.
705 561 745 624 ut
757 575 823 622 nou
834 575 936 637 repu-

139 658 225 720 tavit
240 657 502 720 lromineszlicoe
520 655 706 720 inimicitiae
719 658 808 719 inter
819 659 934 730 Deum,
990 639 1032 696 ⁰0
1055 636 1166 696 ¹⁰⁸5&ss
1183 636 1299 707 ⁶¹⁰b⁰¹¹2
1314 643 1344 696 θῑ
1365 635 1401 694 (Ῑθ
1415 635 1583 710 (imiimi
1606 633 1726 708 Ρθθῦθῑῑ·
1744 635 1787 692 ⁰³

138 757 173 818 et
195 755 375 817 hominem.
401 755 456 818 Sic
482 731 608 818 iecerat
635 755 787 817 diabolus
811 776 819 816 ε
848 753 935 814 unde
1027 726 1175 798 multiplici
1194 725 1261 796 ⁸⁰⁰⁹
1283 733 1313 784 0²
1335 725 1411 800 (ΨΜ
1433 739 1483 783 ⁰⁰¹
1502 724 1660 798 P³⁰⁰³⁸⁰fi⁸
1684 723 1787 782 dicim

139 854 239 916 homo
250 852 426 930 judicium,
441 855 474 916 et
489 869 625 915 causam
637 870 712 915 cum
728 869 767 915 eo
781 851 933 914 hahebat.
1026 821 1139 872 ⁰¹V¹²³⁸·

140 950 301 1012 Dominus
321 952 431 1013 autem
455 950 535 1012 iecit
550 951 727 1029 judicium,
753 951 936 1012 etcausam
991 969 1130 1028 mimici
1155 965 1354 1041 defecerunt
1385 967 1533 1040 prameae
1557 969 1596 1028 m
1619 967 1725 1038 finem
1753 964 1787 1026 ei

140 1050 225 1126 ejus,
247 1047 375 1110 scilicet
399 1049 557 1120 hominis,
573 1054 709 1111 soluens
734 1047 936 1110 inimicitias
979 1069 983 1076 ·
1030 1064 1551 1128 civitateseorumuesiruoeisti.
1564 1061 1635 1143 (Ps.
1653 1064 1685 1135 9,
1699 1057 1746 1142 7.)

140 1151 179 1208 in
192 1160 300 1210 carue
313 1144 567 1216 suc‚utdicitur
577 1146 618 1208 ad
633 1146 796 1224 Ephesios
812 1142 856 1223 (2,
870 1143 934 1223 14).
1319 1165 1325 1179 ¹

140 1243 369 1306 monumen
384 1243 582 1318 sanguinem
598 1259 706 1314 suum,
726 1241 850 1304 delevit
869 1240 938 1302 chi·
1032 1243 1173 1304 Framea
1189 1241 1315 1303 diaboli
1338 1240 1389 1302 est
1403 1240 1581 1304 delectatio
1600 1239 1787 1308 saecularis,

140 1339 494 1418 rographumdecreti,
511 1339 683 1417 quoderat
708 1343 824 1402 contra
848 1353 934 1400 eum.
991 1339 1200 1412 attentatio,
1231 1339 1302 1401 sivo
1332 1339 1548 1416 prosperitas.
1588 1340 1634 1400 De
1660 1337 1788 1400 framea

87 1517 89 1524 Α
141 1441 237 1500 Hanc
248 1441 373 1500 terram
388 1437 568 1500 inebriavit
579 1437 766 1515 liquoribus
780 1436 821 1497 de
836 1450 936 1498 carne
968 1503 969 1506 Ἴ
992 1438 1224 1516 prosperitatis
1238 1437 1362 1500 dicitur
1376 1437 1561 1500 Ezechielis
1573 1435 1666 1516 (21‚9
1678 1433 1784 1516 et10).

142 1552 205 1598 sua
226 1535 480 1612 profluentibus,
504 1534 661 1596 videlicet
680 1550 767 1612 aque
796 1535 830 1596 et
857 1549 938 1594 san·
991 1535 1161 1598 «Gladius
1183 1535 1345 1597 exacutus
1366 1536 1428 1607 θεῖ,
1454 1535 1488 1597 θῖ
1507 1535 1643 1596 limatus
1665 1531 1726 1614 (3),
1755 1533 1790 1594 ut

141 1633 243 1710 guine
266 1633 302 1694 iu
324 1632 497 1710 passione,
523 1631 646 1693 sudore
664 1633 698 1694 et
724 1631 883 1710 lacrymis
902 1630 936 1690 in
992 1632 1099 1696 caedat
1116 1632 1281 1695 victimas.
1307 1633 1475 1694 Exacutus
1499 1633 1560 1705 est,
1578 1633 1614 1693 ut
1633 1630 1788 1695 scindat:

142 1731 304 1794 oratione.
328 1732 365 1791 lu
380 1745 478 1807 aqua,
499 1729 670 1791 mundatio
684 1751 692 1791 ε
704 1729 740 1791 in
760 1728 935 1804 sanguine,
992 1727 1127 1792 limatus
1140 1731 1191 1792 θεῖ
1205 1731 1242 1792 ut
1257 1729 1440 1807 splendeat.
1459 1746 1478 1790 ε
1493 1728 1664 1806 Decipitur
1678 1729 1789 1792 autem

141 1827 338 1906 purpuratio
362 1827 567 1905 designatur.
602 1827 678 1889 Non
713 1827 819 1888 solum
848 1825 937 1886 enim
992 1828 1132 1900 stultus,
1169 1828 1227 1905 qui
1260 1827 1471 1904 splendorem
1504 1826 1714 1897 considerat,
1756 1825 1790 1888 et

142 1925 284 1987 mundos
295 1939 357 1986 uos
370 1939 445 1986 esse
454 1924 571 1995 voluit,
584 1923 641 1986 sed
655 1926 692 1985 ut
706 1939 780 1985 cum
796 1923 937 1984 eoveste
992 1925 1099 1987 aciem
1126 1941 1192 1986 non
1217 1923 1372 2000 attendit3
1399 1923 1441 1986 de
1471 1941 1535 2002 qua
1564 1923 1790 1985 Ecclesiasticl

142 2023 236 2098 regia
248 2022 438 2084 induamur.
452 2024 489 2083 ln
504 2021 657 2084 oratione
670 2021 772 2082 sudor
787 2021 850 2082 ruit
862 2037 937 2082 oum
994 2022 1057 2102 (al,
1070 2024 1102 2096 2,
1118 2022 1160 2084 ad
1175 2021 1209 2102 l)
1226 2043 1234 2083 ε
1251 2039 1270 2084 ‹
1286 2022 1387 2095 Quasi
1412 2037 1432 2083 a
1461 2021 1547 2083 incia
1569 2020 1696 2083 colubri
1714 2019 1791 2096 luge

143 2120 378 2197 lacrymiszlit
391 2119 714 2196 saciuscsiinquit,
730 2122 937 2193 sudorcjus,
993 2121 1129 2197 peccata
1156 2142 1162 2180 :
1190 2121 1224 2181 et
1248 2119 1279 2181 si
1307 2120 1493 2181 accesseris
1521 2119 1562 2180 ad
1583 2119 1654 2191 illa,
1683 2117 1792 2179 susci·

142 2219 233 2280 sicut
251 2217 359 2294 petitor
376 2220 558 2292 suripuiuis
578 2217 797 2278 immineatis
815 2219 852 2276 in
867 2216 940 2277 ter-
994 2217 1085 2294 pient
1095 2219 1140 2279 te.
1153 2219 1274 2278 Dentes
1289 2217 1409 2289 leonis,
1421 2215 1539 2278 dentes
1556 2217 1639 2292 ejus,
1663 2215 1811 2277 interii.

143 2329 225 2376 rom
241 2311 306 2393 (1);
329 2313 417 2375 uude
432 2314 466 2376 et
477 2313 601 2375 meruit
619 2313 775 2374 exaudiri
785 2327 853 2388 pro
875 2327 939 2374 suu
994 2315 1119 2377 cientes
1141 2314 1270 2374 animas
1292 2313 1475 2375 hominum.
1495 2315 1596 2384 Quasi
1621 2313 1791 2390 romphaea

143 2412 366 2474 reuerentia:
378 2410 463 2472 utet
475 2410 583 2470 nosiu
599 2410 751 2472 oratione
766 2410 879 2471 nostra
892 2409 941 2470 si·
993 2411 1158 2474 bisacuta
1174 2411 1282 2472 omnis
1304 2409 1477 2488 iniquitas,
1493 2410 1600 2486 plagae
1616 2411 1709 2470 illins
1724 2425 1793 2470 non

144 2508 216 2568 mul
235 2506 389 2580 interius,
413 2508 448 2570 et
470 2507 630 2570 exterius.
652 2507 687 2568 in
713 2522 814 2569 carne
839 2506 939 2569 vide·
995 2507 1787 2572 estsanitas.»lnhacauctoritatetriauotantur.

143 2605 234 2676 licet,
249 2607 282 2666 et
296 2605 407 2666 anima
429 2605 650 2666 resolvamur.
679 2605 842 2682 Liquetiat
861 2620 940 2666 caro
995 2605 1497 2684 comparaturenimpeccatum
1515 2605 1664 2676 colubro,
1685 2605 1787 2678 leoni,

144 2703 182 2764 iu
200 2701 378 2764 sudorem:
395 2702 554 2764 animatu
570 2702 769 2778 sanguinem
785 2701 939 2762 resolva-
994 2707 1028 2766 et
1040 2704 1239 2780 rompheae:
1256 2703 1334 2780 quia
1346 2703 1479 2780 decipit,
1496 2702 1531 2764 ut
1543 2702 1697 2778 coluber3
1714 2703 1789 2764 ror·

144 2801 201 2861 tur
215 2798 460 2877 perlacrymas,
472 2815 545 2876 qum
561 2801 638 2862 sunt
651 2799 788 2874 sanguis
800 2799 938 2875 animae3
995 2800 1074 2866 titer
1086 2801 1188 2876 tenet,
1205 2801 1242 2862 ut
1253 2801 1326 2876 1003
1352 2802 1386 2863 et
1409 2799 1446 2861 ut
1465 2799 1647 2877 romphaea,
1672 2799 1795 2862 occidit

145 2898 180 2960 et
193 2896 453 2958 siemerebimur
462 2896 628 2959 exaudiri.
641 2895 885 2974 Multiplicavit,
895 2897 941 2958 lo·
994 2914 1062 2961 non
1084 2899 1192 2961 solum
1212 2898 1416 2975 incorpore,
1442 2897 1500 2960 sed
1527 2898 1562 2958 in
1591 2897 1715 2958 anima.
1744 2900 1793 2960 De

145 2994 317 3071 cupletare
340 2995 465 3057 terram
484 2994 595 3066 istam,
622 2995 709 3057 sicut
732 2993 855 3056 dicitur
879 2997 941 3056 Eo-
995 2996 1165 3074 romphaea
1186 2995 1407 3058 tentationum
1433 2995 1469 3056 in
1489 2995 1604 3057 eodem
1628 2995 1792 3057 Ezechie-

145 3092 326 3154 clesiastici
342 3088 407 3171 (24,
419 3089 474 3172 26)
488 3113 496 3152 ε
510 3092 669 3154 ireniside
680 3095 726 3154 ad
739 3107 795 3154 me
810 3106 948 3166 ornnes,
995 3094 1027 3156 le
1038 3091 1102 3174 (21,
1120 3092 1184 3172 15).
1200 3095 1268 3154 «ln
1281 3092 1434 3154 omnibus
1451 3092 1555 3170 portis
1576 3107 1692 3154 eorum
1715 3091 1792 3154 dedi

144 3192 205 3264 oui
216 3189 456 3265 concupiscitis
469 3202 535 3261 me,
557 3189 591 3250 et
616 3204 638 3250 o
660 3189 941 3266 generationibus
996 3191 1285 3254 conturbationem
1302 3189 1407 3266 gladii
1430 3190 1531 3263 acuti,
1550 3190 1587 3251 et
1600 3189 1707 3252 limati
1722 3187 1793 3269 (3);

144 3289 234 3348 ineis
255 3289 490 3360 adimplemini
502 3283 564 3366 (2).
593 3286 669 3347 Non
694 3286 822 3348 tantum
847 3286 939 3358 dicit,
995 3289 1102 3352 limati
1113 3289 1154 3350 ad
1166 3288 1370 3364 fulgendum,
1384 3287 1473 3350 acuti
1484 3287 1526 3350 ad
1536 3286 1794 3350 occidendum.»

146 3383 344 3461 implemini,
359 3383 429 3455 sed,
446 3385 693 3460 adimplemini.
719 3385 804 3445 Ecce
824 3384 941 3446 multi·
996 3389 1034 3450 ln
1048 3386 1202 3449 omuibus
1218 3387 1307 3448 euim
1318 3387 1433 3460 portis
1447 3401 1605 3448 sensuum
1621 3386 1714 3462 ponit
1726 3385 1795 3448 dia·

146 3481 225 3558 plex
239 3480 463 3557 locupletatio.

186 3579 267 3641 Item
280 3579 315 3638 iu
330 3578 430 3641 tertia
443 3578 534 3640 terra
548 3577 598 3639 est
610 3593 731 3638 nomen
742 3578 874 3640 Domini
885 3581 942 3641 ad
997 3582 1181 3659 splendeat,
1198 3580 1333 3643 acutum
1349 3581 1386 3644 ut
1405 3579 1545 3642 occidat.
1562 3579 1682 3656 Fulget
1702 3579 1794 3640 enim

145 3678 325 3748 mirabile,
363 3675 494 3738 scilicet
514 3674 663 3737 Ecclesia
692 3675 939 3753 triumphante,
997 3679 1084 3757 quod
1100 3676 1669 3754 delectat,operiturquodcruciet.
1697 3675 1792 3737 Unde

146 3773 225 3850 quia
238 3788 311 3834 eam
325 3772 486 3844 visitavit,
515 3788 590 3834 cum
614 3772 808 3834 reaedicavit
829 3789 942 3834 muros
997 3776 1033 3837 in
1047 3776 1164 3837 eodem
1187 3773 1298 3854 (llud,
1315 3772 1368 3852 16)
1378 3773 1530 3850 sequitur
1546 3793 1553 3832 :
1568 3788 1587 3830 ε
1609 3775 1792 3841 deuouere,

144 3870 344 3942 Jerusalem,
361 3870 493 3948 quando
516 3870 649 3932 solvens
664 3869 858 3932 inimicitias
882 3885 941 3931 re·
996 3872 1081 3934 vade
1094 3872 1135 3934 ad
1152 3872 1334 3938 dexteram,
1356 3869 1427 3931 sive
1446 3869 1487 3931 ad
1503 3868 1688 3940 sinistram,
1705 3883 1793 3946 quo·

146 3968 341 4030 conciliavit
363 3967 492 4045 quaein
513 3967 618 4040 coelis,
644 3968 677 4029 et
697 3967 838 4028 interra
853 3969 940 4040 suut,
998 3983 1139 4046 cumque
1158 3967 1257 4030 faciei
1282 3968 1350 4030 tuae
1374 3965 1425 4028 est
1440 3966 1623 4043 appetitus3
1649 3966 1690 4026 ad
1711 3965 1796 4028 dex-

146 4065 273 4126 iaciens
286 4065 427 4142 utraque
439 4080 553 4125 unum.
570 4063 752 4127 lnebriavit
764 4064 800 4124 in
814 4065 942 4126 amari·
997 4068 1104 4129 teram
1120 4066 1248 4128 scilicet
1259 4080 1378 4127 versus
1390 4062 1691 4139 Jerusaiempaest
1702 4063 1795 4126 viros

1727 256 1926 379 elo*¹

996 3484 1092 3546 holus
1116 3484 1265 3560 gladium
1296 3483 1539 3555 tentationum,
1566 3482 1718 3544 limatum
1758 3482 1796 3544 ut
1928 3480 1937 3499 ⁸

145 4161 274 4234 tudine,
288 4161 404 4239 deque
417 4161 524 4224 isaias
535 4159 599 4241 (63,
618 4161 650 4244 1)
665 4184 673 4223 ε
689 4166 773 4230 Quis·
789 4163 842 4225 est
864 4163 942 4237 isto,

146 4262 207 4334 uui
240 4259 334 4322 venii
359 4262 401 4321 da
431 4263 553 4334 Edam,
582 4261 700 4323 tinette
724 4261 875 4324 vestitus
902 4263 944 4323 de

146 4356 524 4434 Bosrcillultiplicevit
533 4357 737 4437 locupletare
746 4373 831 4430 eam,
842 4373 945 4436 quan·

146 4455 190 4516 do
225 4454 359 4529 gaudio,
375 4455 462 4532 quod
493 4457 567 4517 erat
594 4455 635 4517 de
664 4456 944 4535 contemplatione

147 4551 344 4614 diuinitatis.
374 4551 530 4628 adjunxit
557 4553 714 4627 gaudium
741 4553 781 4614 de
814 4554 944 4616 visione

147 4648 344 4724 glorificatae
354 4647 585 4711 humanitatis.

184 5410 226 5479 (l)
246 5411 341 5479 Lucae,
357 5409 401 5478 ii,
419 5410 462 5467 ll.
775 5481 780 5492 Ι
872 5471 877 5482 ,

185 5481 227 5550 (2)
245 5483 325 5538 vers.
339 5483 436 5564 Graece
451 5479 536 5538 lxx.
552 5479 638 5553 Vulg.
654 5481 823 5564 implemini.

185 5550 947 5634 &WQfflmmmemmmm

149 5621 242 5678 cedat
263 5629 403 5691 victimas,
425 5629 562 5679 exacutus
586 5630 629 5679 est
645 5637 652 5676 :
669 5629 699 5700 ut
722 5622 881 5695 splendeat,
910 5622 943 5679 lr-

294 5759 407 5802 rnruon.
428 5760 501 5806 rona
522 5747 569 5804 v1.

998 4162 1255 4233 ecclesiasticos,
1281 4162 1333 4224 vel
1354 4161 1526 4224 sinistram
1552 4177 1672 4222 versus
1698 4164 1791 4223 iico-

999 4261 1087 4335 acin,
1102 4260 1189 4339 quod
1201 4259 1442 4336 interpretatur
1459 4257 1586 4334 grande
1608 4260 1792 4335 peccatum,

998 4360 1086 4424 idest
1108 4359 1261 4421 homines
1282 4355 1473 4419 saculares.
1489 4373 1508 4416 ε
1525 4357 1565 4418 Εῖ
1587 4356 1708 4418 cecidit
1721 4349 1795 4417 so'rs

998 4473 1101 4536 super
1120 4455 1309 4520 Jerusalem
1333 4455 1367 4516 et
1391 4455 1623 4531 interrogauit
1644 4455 1745 4525 idolo,
1762 4454 1802 4518 ct.

997 4553 1168 4619 consuluit
1186 4555 1282 4616 omia.
1309 4551 1401 4613 Idola
1427 4551 1506 4612 sunt
1524 4550 1681 4626 figmenta
1704 4548 1794 4611 mala

1000 4653 1034 4714 in
1049 4652 1159 4713 mente
1173 4649 1418 4726 aegrumque
1433 4662 1500 4708 non
1515 4647 1653 4724 possunt
1667 4643 1793 4722 pertici,

999 4750 1052 4813 vel
1065 4748 1107 4810 ad
1120 4747 1276 4810 effectum
1290 4745 1366 4807 duci
1383 4764 1391 4806 ε
1407 4744 1505 4806 neta
1515 4744 1594 4805 sunt
1608 4758 1704 4804 amor
1717 4743 1801 4804 oar*

999 4847 1144 4920 uallum;
1165 4842 1285 4922 quihus
1309 4839 1541 4916 interrogatis,
1571 4841 1604 4902 et
1632 4840 1794 4902 consultis

998 4945 1149 5006 armatur
1164 4939 1316 5002 diabolus
1332 4940 1448 5002 contra
1463 4935 1660 5001 Jerusalem.

1038 5046 1200 5103 Fruiueoe
1214 5038 1288 5100 istae
1304 5035 1463 5098 deficiunt
1474 5039 1512 5097 in
1521 5035 1638 5108 tinem,
1654 5034 1741 5098 idest
1752 5050 1795 5096 ex

1000 5136 1270 5202 consideratione
1293 5133 1370 5194 linis
1389 5131 1594 5211 multiplicis.
1612 5132 1796 5196 Attenden-

1000 5237 1061 5300 dus
1077 5237 1128 5298 est
1140 5233 1229 5295 enim
1242 5231 1317 5292 finis
1330 5231 1600 5306 novissimorum,
1622 5231 1662 5292 de
1675 5230 1794 5308 quihus

1001 5416 1794 5606 Wffffigssfflmmmmmmmmmm

1001 5549 1281 5611 mmmmm.

1583 5741 1619 5796 20
