4152 6388
319 318 377 380 loo

318 479 384 542 cris
397 481 552 558 ponderis
576 496 675 560 opere
689 485 873 559 gemmario
892 481 1108 557 elaboratam,

317 579 473 654 pretiosis
490 582 642 643 ornatam
658 581 841 658 lapidibus,
858 582 922 644 sita
943 583 978 642 in
1002 581 1109 643 medio

316 691 435 752 magna
452 676 573 740 Christi
589 679 817 756 crncisparte3
832 695 912 742 vasa
927 694 1046 756 magna
1059 693 1110 740 ar·

316 773 446 846 gentea,
471 775 504 835 et
518 775 753 837 ministerialis
772 792 912 853 qttaeque
927 777 1043 837 altaris
1055 777 1111 837 in-

316 873 445 942 aurata,
461 873 689 948 antipendium
716 874 795 936 item
816 876 928 951 magni
948 875 1058 951 pretii,
1077 875 1110 936 et

315 967 454 1044 pulchra
468 970 570 1030 nimis
582 973 787 1047 paramenta.
798 973 857 1032 His
873 971 1107 1048 superadditae,

314 1079 381 1126 non
399 1067 521 1128 minori
537 1068 756 1130 aestimatione
774 1069 883 1144 dignae
899 1069 1019 1130 litterae
1026 1072 1110 1130 Pon·

313 1162 425 1234 tiliois,
438 1164 473 1224 in
490 1164 609 1240 quihus
624 1165 732 1226 virum
748 1172 898 1228 sanctum
918 1180 961 1227 ex
985 1166 1108 1228 affectu

315 1260 399 1322 adeo
414 1262 630 1335 commendat,
646 1266 682 1324 ut
697 1279 793 1324 suum
818 1266 944 1340 patrem
960 1265 1059 1337 dicat,
1076 1264 1110 1326 et

314 1359 428 1420 verius
444 1375 539 1420 snum
555 1360 636 1421 velit
650 1375 748 1436 qnam
768 1361 908 1423 fratrum
928 1361 1106 1434 Minorum,

315 1455 435 1532 quibus
461 1457 560 1518 etiam
585 1459 712 1528 narrat,
737 1458 930 1521 solemniter
944 1457 1008 1519 sibi
1022 1459 1106 1520 inti-

314 1553 438 1642 matum
462 1553 613 1614 eumdem
637 1555 745 1616 virum
774 1556 925 1617 sanctum
947 1571 1055 1633 nuper
1072 1556 1107 1617 in

313 1649 497 1712 Theutonia
513 1654 679 1713 mortuum
694 1653 735 1713 ad
751 1654 854 1715 vitam
868 1669 1057 1723 revocasse,
1065 1655 1106 1716 ad

314 1751 409 1825 cujns
437 1749 578 1824 vestigia
614 1749 755 1812 solerter
785 1751 943 1812 sectanda
971 1752 1108 1828 paterne

313 1861 428 1906 omnes
439 1845 602 1916 hortatur,
618 1847 745 1923 amplas
760 1847 909 1908 tribuens
926 1847 1108 1925 indulgen-

312 1943 377 2004 tias
389 1943 442 2014 iis,
460 1943 516 2019 qui
531 1944 745 2005 translationi
760 1943 983 2008 interfuerint.
1001 1945 1108 2009 Habet

312 2041 373 2100 has
388 2040 515 2100 litteras
541 2041 660 2102 Petrus
683 2042 888 2118 Rodulphus,
913 2043 969 2104 fol.
990 2045 1059 2115 170,
1076 2043 1108 2104 et

313 2139 491 2213 Regestum
517 2138 715 2200 Vaticanum
738 2154 877 2200 numero
892 2141 1020 2201 decimo
1045 2155 1106 2202 oc-

311 2237 400 2306 tavo,
415 2234 471 2295 nbi
490 2234 561 2296 haec
576 2236 752 2311 inscriptio
771 2257 777 2296 :
793 2239 966 2314 Magistro
978 2239 1013 2299 et
1026 2241 1106 2312 sra-

313 2333 423 2393 trtbus
448 2335 588 2394 Ordinis
610 2336 789 2394 Minorem
809 2337 846 2395 in
869 2336 1023 2409 capitulo
1041 2350 1105 2412 ge-

247 2477 257 2487 ,
310 2433 422 2492 naroli
449 2431 656 2502 constitutis,
678 2430 833 2492 fortassis
863 2432 1106 2509 exscriptoris

309 2527 513 2602 negligentia
543 2543 602 2603 pro
621 2530 786 2592 Ministro
810 2529 946 2606 irrepsit
967 2527 1103 2590 verbnm

310 2624 1104 2702 illundgtstro‚Minoribussemperinsuatnm,

310 2721 477 2797 stragulae
493 2721 644 2783 instituto
656 2722 844 2783 adversum.
858 2723 988 2785 Lectori
999 2724 1107 2800 place-

309 2818 374 2890 bit,
406 2819 435 2879 si
458 2819 549 2895 ipsas
577 2818 707 2880 litteras
736 2818 990 2893 subnectamus,
1023 2836 1105 2897 quas

309 2917 409 2979 etiarn
423 2916 507 2977 alias
519 2915 559 2976 ad
576 2917 750 2977 universos
765 2916 856 2979 dedit
870 2918 984 2979 fideles
1000 2933 1105 2995 nsque

310 3015 350 3076 ad
365 3014 422 3074 illa
436 3013 538 3074 verba
549 3017 660 3088 ipsius
673 3017 829 3076 laicalibus
839 3015 1048 3077 delectemur
1062 3015 1103 3076 ad

309 3112 503 3190 perpetuam
516 3111 566 3172 rei
581 3112 787 3185 memoriam,
803 3113 837 3174 et
850 3112 935 3176 tanti
950 3112 1103 3174 miraculi

309 3211 537 3272 testimonium
558 3231 566 3270 :

350 3308 532 3386 Gregorius
561 3306 758 3384 episcopus,
787 3323 904 3370 servus
931 3323 1103 3370 servorum

309 3405 382 3475 Dei,
396 3405 549 3465 ministro
573 3404 606 3465 et
630 3401 789 3466 fratribus
803 3405 936 3467 Ordinis
950 3407 986 3466 in
1002 3421 1105 3482 gene-

309 3502 374 3563 rali
385 3500 530 3578 capitulo
545 3501 750 3564 constitutis.

348 3597 532 3660 Miridoans
557 3599 805 3660 misericordias
827 3615 905 3660 suas
930 3601 1100 3668 Dominus.

309 3712 382 3774 qnae
398 3697 623 3773 superomnia
638 3699 710 3773 ejus
726 3713 828 3774 opera
844 3700 931 3770 sunt,
947 3699 983 3760 ut
995 3699 1102 3759 unicae

279 3784 283 3790 ’
309 3811 378 3856 snae
390 3811 519 3870 sponsae
533 3794 681 3866 renovet,
699 3795 785 3858 sicut
796 3795 930 3872 aquilae,
944 3797 1104 3874 juventu-

308 3893 387 3965 tem,
404 3893 540 3954 innovat
564 3893 671 3969 signa,
695 3894 728 3954 et
756 3893 909 3955 immutat
934 3893 1103 3954 mirabilia

307 3989 452 4068 fulgura,
467 3991 499 4052 et
512 3991 658 4066 pluviam
673 3989 836 4063 faciendo,
854 3991 931 4051 dum
945 3991 1102 4052 Ecclesiae

308 4089 396 4150 tilios
411 4088 558 4164 legitime
572 4088 627 4149 hic
640 4089 806 4150 certantes
817 4087 960 4149 feliciter
972 4089 1007 4147 in
1019 4089 1102 4149 coelo

252 4239 257 4242 .
309 4183 1104 4261 coronans,etquornmanimasbeataimmorta·

310 4282 404 4344 litate
418 4280 619 4357 glorificavit
630 4281 665 4340 in
687 4281 807 4356 patria,
823 4279 941 4340 horum
962 4297 1102 4358 corpora

310 4379 548 4440 miraculorum
561 4377 793 4439 coruscatione
815 4377 850 4437 in
866 4378 956 4438 terra
977 4377 1104 4438 clarifi-

310 4492 401 4548 cans,
418 4477 558 4536 matrem
574 4475 692 4536 salutis
711 4472 833 4550 gaudio
854 4473 972 4548 reficit,
990 4475 1023 4536 et
1036 4473 1102 4535 foe-

310 4573 491 4636 cunditatis
513 4587 589 4634 rore
615 4570 795 4648 perfundit.
826 4571 881 4633 Sic
904 4571 992 4632 enim
1022 4571 1103 4633 fides

309 4669 663 4740 Ecclesiaeroboratur,
678 4668 880 4731 convalescit
901 4685 987 4746 spes,
1001 4671 1033 4731 et
1051 4685 1103 4730 ca·

308 4771 393 4831 ritas
418 4767 613 4840 recalescit3
649 4767 698 4826 sic
726 4765 917 4827 confutatur
945 4766 1102 4828 haeretica

310 4866 468 4944 pravitas,
495 4865 608 4940 lapsus
633 4861 896 4941 delinquentium
916 4862 1100 4932 cohibetur,

310 4965 343 5024 et
357 4961 527 5023 inducitur
550 4959 725 5022 conversio
749 4962 971 5036 peccatorum.
993 4961 1102 5032 Quare

309 5063 397 5123 inter
412 5073 586 5136 pressuras
600 5058 805 5124 innumeras,
819 5059 853 5120 et
867 5057 1040 5134 angustias
1054 5057 1103 5118 in·

309 5159 422 5220 finitas
435 5173 517 5233 quas
533 5157 607 5234 plus
622 5155 709 5217 ferre
724 5171 909 5232 possumus,
927 5169 1025 5231 quam
1042 5170 1101 5215 re-

308 5258 408 5327 ferre,
422 5255 674 5324 consolationis,
689 5255 721 5314 et
730 5252 845 5329 gandii
856 5251 1029 5314 materiam
1042 5267 1101 5313 re-

308 5351 623 5428 sumentes,gratias
636 5353 669 5412 et
683 5349 810 5421 landes,
819 5365 901 5426 quas
913 5365 1099 5426 possumus,

308 5451 484 5516 referimus
497 5447 722 5525 Redemptori,
735 5447 792 5525 qui
807 5446 940 5508 beatum
952 5446 1103 5507 Francis·

308 5567 382 5612 cnm
398 5537 525 5626 patr'em
541 5545 701 5616 nostrum,
716 5545 749 5605 et
761 5544 919 5615 vestrum,
937 5543 1021 5605 forte
1036 5558 1100 5605 an·

307 5651 373 5710 tem
385 5646 490 5722 magis
501 5647 661 5715 nostrum,
676 5657 774 5719 quam
783 5641 930 5702 omnium
940 5643 1098 5714 vestrum,

755 325 808 384 AD
831 323 968 386 OPERA
991 323 1023 384 S.
1048 321 1268 385 FRANGISCI
1289 322 1516 388 Asstslnbls

1898 325 1963 388 200

1164 485 1273 547 adhuc
1285 485 1319 546 in
1330 501 1431 548 carne
1440 486 1621 558 viventem,
1629 483 1816 564 insignibus
1828 501 1965 564 praeva-

1164 583 1260 642 niens
1287 583 1481 645 muneribus
1512 584 1718 660 gratiarum,
1745 584 1839 645 tanta
1869 601 1962 646 nnnc

1164 694 1239 740 eum
1255 695 1329 740 cum
1344 681 1418 756 ipso
1433 684 1628 756 regnantem
1649 681 1814 742 clarificat
1836 681 1960 757 gloria,

1165 775 1250 852 quod
1259 779 1381 852 praeter
1390 778 1476 838 alias
1489 779 1628 839 virtutes
1638 777 1844 852 magnificas,
1852 793 1963 855 nuper

1165 873 1199 932 in
1213 872 1399 936 Theutonia
1423 875 1531 950 ipsius
1552 877 1659 936 sancti
1679 875 1803 936 celebri
1823 878 1963 937 nomine

1163 969 1329 1042 invocato,
1345 974 1509 1032 mortuum
1524 972 1664 1033 mirifice
1675 971 1861 1045 suscitavit,
1873 973 1964 1035 sicut

1164 1066 1261 1128 nobis
1274 1069 1325 1128 est
1349 1067 1545 1130 solemniter
1568 1067 1766 1141 intimatum,
1790 1069 1827 1131 ut
1846 1085 1908 1130 nos
1924 1072 1963 1130 in

1164 1166 1312 1241 ejusdem
1325 1167 1432 1227 sancti
1455 1165 1563 1242 magis
1590 1182 1629 1226 ac
1644 1167 1751 1242 magis
1765 1183 1826 1242 pro
1842 1165 1971 1229 amore'

1164 1262 1328 1334 succensi,
1345 1262 1423 1324 totis
1442 1263 1617 1324 affectibus
1638 1264 1673 1323 in
1699 1263 1782 1340 ipsis
1802 1264 1963 1326 laudibus

1163 1358 1376 1433 delectemur,
1402 1361 1575 1437 sperantes
1604 1361 1649 1433 nt,
1664 1374 1747 1437 qnos
1773 1361 1809 1422 in
1833 1363 1962 1422 saeculo

1163 1458 1257 1518 extra
1269 1457 1426 1518 saeculum
1435 1458 1565 1530 vivens,
1576 1455 1645 1519 tota
1661 1459 1771 1520 mente
1782 1457 1914 1530 dilexit,
1928 1461 1963 1520 et

1162 1569 1223 1614 nos
1251 1569 1341 1615 nunc
1367 1553 1491 1615 clarius
1518 1555 1741 1631 amplexatus,
1764 1571 1830 1633 quo
1849 1555 1960 1623 illum,

1162 1651 1219 1726 qui
1235 1653 1285 1712 est
1297 1667 1376 1712 vera
1400 1653 1534 1724 caritas,
1551 1652 1695 1714 vicinius
1713 1652 1874 1724 intuetur,
1897 1669 1961 1730 pro

1163 1746 1258 1808 nobis
1271 1747 1479 1809 intercedere
1493 1763 1560 1810 non
1576 1748 1723 1821 desistat,
1740 1750 1773 1810 et
1785 1765 1856 1821 vos,
1875 1766 1962 1828 qnos

1161 1843 1249 1906 idem
1264 1844 1299 1904 in
1315 1845 1446 1906 Christo
1463 1861 1678 1922 regenerans,
1702 1846 1738 1906 in
1751 1846 1963 1909 abundantia

1163 1939 1355 2002 divitiarum
1378 1929 1561 2004 ‘altissimae
1588 1944 1794 2020 paupertatis
1819 1943 1963 2021 reliquit

1162 2036 1323 2110 haeredes,
1338 2041 1490 2116 gerentes
1505 2039 1540 2099 in
1556 2039 1682 2101 intimis
1692 2041 1878 2102 visceribus
1894 2057 1959 2102 ca-

1162 2136 1283 2207 ritatis,
1298 2135 1339 2198 ad
1354 2136 1537 2213 profectum
1551 2137 1684 2198 Ordinis
1699 2137 1803 2200 vestri
1818 2139 1961 2215 aspira-

1161 2249 1234 2294 mus
1258 2233 1424 2306 ardenter,
1450 2235 1619 2311 proposita
1641 2234 1738 2296 nohis
1765 2251 1834 2312 spe,
1868 2237 1961 2313 quod

1162 2331 1349 2392 orationum
1364 2335 1551 2394 vestrarum
1564 2331 1746 2408 suffragiis,
1763 2333 1961 2395 nostrarum

1161 2426 1338 2489 tolerantia
1370 2429 1561 2505 passionum
1591 2427 1688 2490 nobis
1721 2429 1896 2505 proveniet
1920 2431 1958 2490 in

1162 2525 1312 2587 salutem.
1322 2529 1457 2597 Verum,
1471 2527 1506 2586 ut
1516 2528 1643 2604 patrem
1656 2527 1872 2588 laudabiliter
1884 2528 1962 2588 imi-

1161 2623 1280 2692 tantes,
1297 2625 1471 2699 pervenire
1485 2624 1693 2696 mereamini,
1708 2639 1774 2701 quo
1789 2625 1860 2701 ipse
1876 2641 1962 2702 per-

1160 2719 1261 2792 venit,
1292 2721 1543 2782 universitatem
1572 2723 1717 2782 vestram
1738 2737 1897 2797 rogamus
1923 2725 1961 2784 et

1161 2817 1372 2878 obsecramus
1396 2819 1431 2878 in
1456 2819 1597 2879 Domino
1622 2821 1701 2880 lesu
1725 2819 1869 2890 Christo,
1893 2835 1960 2896 per

1160 2915 1350 2992 apostolica
1378 2915 1472 2976 vobis
1510 2916 1633 2992 scripta
1664 2916 1884 2988 mandantes,
1918 2919 1961 2978 ut

1159 3011 1434 3089 quemadmodum
1452 3013 1628 3090 accepistis
1646 3027 1665 3073 a
1680 3011 1874 3074 beatissimo
1888 3029 1959 3090 pa-

1158 3113 1209 3172 tre
1233 3112 1364 3182 vestro,
1393 3109 1682 3171 mortificationem
1705 3113 1785 3173 Jesn
1810 3111 1961 3172 circurn-

1159 3207 1302 3270 ferentes
1337 3208 1373 3269 in
1409 3208 1605 3285 corporibus
1642 3207 1788 3280 vestris,
1818 3193 1856 3271 u't
1884 3209 1957 3271 vita

1157 3308 1237 3368 lesu
1265 3303 1498 3366 manifestetur
1516 3305 1553 3365 in
1571 3303 1678 3376 vohis,
1697 3319 1787 3366 verae
1814 3305 1959 3367 humili-

1158 3403 1235 3465 tatis
1250 3403 1391 3479 gloriam
1410 3401 1602 3479 amplexati,
1619 3402 1797 3463 armemini
1813 3403 1960 3464 circnm-

1159 3511 1288 3578 qnaque
1303 3497 1556 3577 inexpugnabili
1572 3498 1740 3576 patientiae
1754 3501 1926 3562 armatura
1941 3521 1950 3560 ε

1159 3597 1392 3668 obedientiam,
1414 3612 1487 3673 quas
1506 3597 1595 3657 inter
1613 3595 1698 3657 alias
1720 3595 1956 3658 observantias

1157 3694 1330 3772 regulares
1345 3695 1512 3772 praecipua
1525 3695 1709 3771 reputatur,
1724 3709 1786 3754 nec
1803 3711 1870 3757 non
1885 3695 1956 3756 alia

1158 3793 1327 3869 regularia
1343 3793 1466 3854 statuta
1479 3792 1585 3868 patris
1608 3790 1758 3868 praedicti
1773 3791 1959 3852 inviolabi-

1158 3891 1235 3952 liter
1249 3890 1424 3952 servaturi.
1439 3891 1519 3950 Cum
1530 3889 1618 3950 enim
1632 3889 1856 3966 spectaculum
1872 3888 1957 3951 facti

1158 3988 1231 4049 sitis
1242 3987 1375 4057 mundo,
1392 3987 1539 4062 Angelis,
1551 3988 1584 4048 et
1596 3985 1800 4058 hominibus,
1813 4003 1956 4048 necesse

1158 4085 1287 4146 habetis
1303 4085 1416 4146 taliter
1431 4083 1635 4154 conservari,
1660 4084 1696 4144 ut
1715 4082 1800 4144 bene
1815 4083 1951 4145 facien·

1157 4180 1959 4259 tes,imprndentumhominumignorantiamob·

1158 4281 1341 4342 mutescere
1354 4277 1503 4352 faciatis3
1519 4279 1599 4355 quin
1610 4279 1719 4355 potius
1730 4277 1881 4340 exbonis
1890 4293 1955 4340 vos

1159 4375 1406 4438 considerantes
1428 4375 1594 4452 operibns,
1615 4375 1808 4451 glorificetis
1832 4377 1952 4448 Deum,

1158 4473 1190 4533 et
1204 4471 1337 4533 beatum
1352 4471 1566 4532 Franciscnm
1579 4468 1690 4545 dignis
1702 4469 1856 4530 laudibus
1869 4485 1957 4548 prae·

1158 4569 1325 4630 conizetis.
1363 4569 1525 4630 Caeterum
1563 4582 1638 4628 cum
1673 4565 1954 4643 gloriosissimum

1158 4680 1277 4743 corpus
1292 4665 1398 4726 sancti
1414 4664 1563 4742 predicti
1580 4664 1621 4725 ad
1636 4663 1825 4736 ecclesiam,
1844 4665 1954 4741 ipsius

1158 4763 1292 4825 nomine
1307 4762 1535 4833 dedicandam,
1553 4761 1695 4838 cupiatis
1708 4762 1826 4823 devote
1840 4762 1958 4823 trans·

1157 4859 1326 4931 terrenos
1341 4859 1544 4922 desiderium
1554 4860 1701 4920 vestrum
1714 4857 1830 4919 favore
1841 4858 1954 4920 debito

1158 4957 1406 5034 prosequentes,
1420 4954 1498 5033 quia
1518 4955 1653 5030 dignum
1672 4955 1732 5024 est,
1750 4957 1786 5016 nt
1802 4971 1954 5017 venere-

1157 5069 1232 5114 mur
1242 5055 1276 5114 in
1286 5053 1397 5124 terris,
1413 5068 1509 5129 quern
1520 5052 1680 5113 Dominus
1695 5051 1744 5112 sic
1758 5053 1902 5115 honorat
1914 5055 1952 5114 in

1157 5150 1310 5222 coelis‚de
1320 5149 1637 5212 misericordialesn
1647 5149 1780 5220 Christi,
1793 5151 1826 5211 et
1835 5149 1955 5212 beato-

1156 5264 1230 5309 rum
1245 5248 1477 5324 Apostolorum
1493 5249 1565 5324 ejus
1579 5247 1670 5308 Petri
1684 5247 1716 5308 et
1729 5246 1825 5307 Pauli
1840 5249 1955 5309 aucto-

1157 5347 1255 5407 ritate
1266 5345 1393 5417 confisi,
1411 5344 1574 5416 omnibns,
1592 5344 1648 5422 qui
1662 5343 1702 5404 ad
1718 5343 1953 5406 translationis

1157 5447 1228 5521 ejus
1239 5442 1400 5503 solemnia
1411 5443 1528 5502 devote
1542 5441 1770 5510 convenerint,
1778 5441 1833 5500 vel
1846 5457 1954 5519 usqne

1156 5541 1197 5602 ad
1213 5539 1428 5602 Nativitatem
1449 5538 1597 5614 Virginis
1618 5537 1773 5613 gloriosae
1799 5539 1954 5614 proxime

1155 5639 1330 5702 venturam
1363 5636 1467 5714 ipsius
1506 5634 1682 5697 ecclesiam
1721 5632 1950 5704 visitaverint,
