4204 6402
358 345 418 406 739
780 345 812 404 S.
841 343 1017 406 ANTONII
1047 341 1235 405 PADUANI
1263 344 1400 406 opsita
1427 338 1598 406 OMNIA.'
1939 343 1999 404 740

359 502 471 578 oiunt;
489 502 576 564 unde
590 502 626 564 in
651 501 851 579 Apocalypsi
867 501 912 582 (2,
940 501 1146 580 13):sScio,
1203 502 1243 564 de
1273 517 1337 580 quo
1363 503 1467 564 exivit
1494 501 1628 574 fluvius,
1655 499 1742 564 idest
1769 500 1922 563 Christus
1944 501 1997 562 ir·-

359 599 567 669 ubihabitas‚
585 599 641 662 uhi
658 599 754 662 sodes
773 601 824 662 est
839 601 984 672 Satanas,
1007 600 1148 678 ettenes
1203 601 1317 674 rigans
1340 599 1535 671 Ecclesiam,
1572 599 1629 677 qui
1662 598 1822 660 dividitur
1844 599 1880 658 in
1911 613 1998 674 qua-

355 712 478 757 nomen
502 712 621 767 meum,
638 698 751 758 elnon
766 697 897 772 negasti
915 697 1013 758 iidem
1029 712 1147 758 meam.
1203 695 1412 771 tuorcapita,
1429 713 1501 773 qum
1521 695 1741 758 ostendtmtur
1764 697 1798 757 in
1825 695 1996 756 Ecclesia-

357 795 440 854 Ecoe
456 793 542 869 quod
554 808 675 869 cyprus
699 793 734 852 in
748 794 894 872 AEgypto
909 793 959 856 θεῖ
978 793 1150 854 confessor
1203 794 1287 855 stico
1302 792 1367 872 (24,
1389 795 1440 866 35,
1470 793 1510 854 ad
1529 791 1584 872 37)
1602 809 1643 852 :s
1665 793 1727 864 Qui
1754 793 1872 868 implet
1900 792 1997 868 quasi

356 890 391 953 in
404 890 537 951 mando.
561 893 666 966 llujns
680 891 812 952 arboris
837 905 950 951 semen
976 889 1085 951 simile
1100 889 1150 950 est
1205 891 1329 952 Phison
1345 890 1598 966 sapientiam,et
1610 890 1697 950 sicut
1706 889 1817 965 Tigris
1828 889 1865 948 in
1881 888 1998 948 diebus

355 987 546 1058 coriandra
564 988 597 1048 et
609 988 655 1048 ita
671 987 779 1048 simile
794 988 846 1048 est
859 1001 1000 1048 mannas.
1017 989 1074 1047 Est
1088 1001 1151 1048 au·-
1205 1001 1377 1059 novorum,
1406 987 1462 1064 qui
1495 986 1655 1063 adimplet
1687 987 1783 1063 quasi
1812 986 1998 1062 Euphrates

354 1087 421 1146 tem
436 1085 629 1161 hujusmodi
650 1100 763 1146 semen
788 1082 911 1155 album,
928 1085 961 1146 et
988 1083 1147 1154 lucidum,
1202 1099 1352 1158 sensum,
1364 1085 1526 1146 assisiens
1540 1084 1637 1160 quasi
1661 1084 1776 1144 Gehon
1795 1084 1998 1158 intempore

357 1183 390 1244 θῖ
403 1181 620 1244 odoriferum.
638 1183 676 1242 Et
701 1180 872 1242 consessor
889 1197 895 1242 t
914 1184 1045 1252 semen,
1065 1181 1151 1242 idest
1204 1181 1393 1242 vindemiae.
1409 1199 1428 1241 a
1443 1182 1485 1242 lli
1512 1181 1593 1243 suut
1619 1182 1764 1258 quatuor
1786 1180 1894 1251 fluvii,
1911 1179 2001 1241 idest

356 1277 800 1350 bonaconversati0,albnm
814 1278 864 1340 est
878 1278 1041 1340 munditia
1056 1293 1151 1338 men·
1204 1278 1327 1339 Christi
1356 1279 1478 1354 capita,
1503 1277 1634 1340 scilicet
1661 1277 1839 1349 Nativitas‚
1869 1276 1998 1346 Passio,

354 1375 411 1449 tis,
428 1375 574 1436 lucidum
588 1375 721 1436 virtutis
732 1375 848 1446 radlia,
860 1374 1064 1436 odoriferum
1075 1385 1150 1435 sua·
1205 1377 1428 1446 Resurrectio,
1455 1375 1570 1436 Sancti
1608 1374 1751 1451 Spiritus
1786 1374 2000 1435 emissicii

357 1471 460 1533 vitate
475 1468 571 1530 bonae
585 1469 764 1545 opinionis.
790 1471 829 1532 nt
842 1469 929 1530 bene
944 1468 1150 1530 assimilatur
1205 1472 1387 1534 Nativitaie
1402 1473 1491 1534 enim
1510 1473 1574 1534 luit
1596 1471 1749 1532 Christus
1776 1472 1866 1532 sicut
1892 1471 2000 1545 Tigris

357 1582 470 1630 semen
485 1566 549 1627 hoc
564 1581 707 1638 manns,
723 1565 802 1642 quie
820 1579 943 1626 manna
958 1565 992 1626 in
1015 1580 1073 1626 ore
1088 1580 1149 1626 co·
1204 1569 1238 1630 in
1251 1569 1369 1630 diebus
1382 1585 1544 1630 novorum
1559 1590 1567 1644 ;
1584 1569 1741 1646 quonlam
1755 1568 1836 1630 tunc
1850 1568 1999 1628 innova-

318 1661 324 1676 *
356 1664 519 1726 medentis
532 1663 682 1739 sapiebat
694 1663 852 1740 quidquid
866 1661 1041 1724 comedere
1056 1660 1150 1724 sole-
1203 1667 1272 1726 tam
1288 1667 1457 1742 estgenus
1485 1667 1680 1739 humanum,
1706 1677 1783 1726 cum
1810 1664 1846 1725 in
1869 1664 2000 1724 Christo

355 1758 1150 1832 bat,itaetyltaconsessorumhabetomnissa-
1204 1764 1368 1824 Divinitas
1404 1766 1581 1840 conjuncta
1621 1761 1685 1824 ruit
1722 1761 1942 1833 humanitati,
1972 1762 2002 1822 et

357 1859 449 1934 poris
468 1857 755 1918 delectamentum.
791 1855 924 1916 Nardus
952 1854 1089 1916 humilis
1117 1859 1151 1915 et
1204 1861 1306 1921 etiam
1329 1861 1407 1936 quia
1429 1859 1703 1922 tunclecltnova
1728 1871 1830 1935 super
1851 1863 1999 1932 terram;

356 1953 465 2016 calida
481 1953 648 2028 significat
662 1952 805 2020 humiles
826 1952 989 2013 charitate
1018 1952 1151 2014 serven·
1205 1958 1456 2019 undeteremiae
1470 1955 1534 2035 (31,
1549 1955 1602 2036 22)
1621 1979 1628 2016 :
1645 1974 1663 2017 e
1678 1957 1809 2017 Nouum
1833 1956 1940 2016 saciet
1956 1954 2001 2032 (2)

357 2053 419 2112 tes.
450 2052 573 2111 Crocus
600 2050 694 2110 aurei
717 2049 838 2110 coloris
860 2051 921 2120 est,
938 2049 971 2110 et
985 2048 1150 2124 significat
1205 2054 1364 2114 Dominus
1378 2054 1627 2130 superterram.
1641 2051 1887 2128 »significatur
1902 2049 2001 2113 etiam

357 2147 567 2224 sapientiam.
592 2148 629 2206 ln
645 2143 756 2207 fistula
780 2143 1014 2221 significantur
1028 2145 1150 2221 praedi-
1205 2150 1355 2211 Christus
1379 2149 1483 2210 luisse
1502 2150 1599 2226 quasi
1619 2151 1731 2224 Tigris
1753 2150 1787 2209 ln
1803 2149 2000 2212 Nativitate.

357 2247 497 2306 catores.
511 2244 637 2304 Fistula
649 2259 853 2320 purpureum
865 2242 965 2304 habet
981 2243 1148 2313 corticem,
1204 2247 1315 2323 Tigris
1329 2248 1420 2308 euim
1440 2263 1515 2308 cnm
1540 2237 1686 2308 max'imo
1710 2247 1836 2323 impetu
1862 2247 1941 2308 linit
1969 2246 2002 2306 iu

357 2345 391 2404 et
402 2340 584 2402 robustum.
612 2344 652 2401 Et
672 2340 907 2416 praedicatores
932 2340 1040 2400 sancti
1056 2339 1151 2400 tistu-

355 2440 421 2501 lam
438 2441 587 2501 tenentes
603 2438 850 2514 praedicationis
876 2437 912 2497 in
935 2436 1098 2507 manibus,
1116 2436 1152 2498 ut

356 2534 443 2613 quod
477 2551 534 2596 cre
557 2533 740 2611 praedicant
767 2545 868 2610 opere
895 2534 1091 2610 compleant,
1117 2531 1150 2593 in

356 2631 511 2707 operibus
525 2632 685 2693 virtutum
700 2628 819 2691 debent
834 2645 907 2692 esse
921 2627 1059 2702 robusti,
1075 2629 1108 2693 et
1122 2631 1150 2690 si

356 2743 504 2799 necesse,
532 2727 573 2789 ad
600 2727 795 2804 martyrium
823 2727 943 2803 parati.
974 2727 1153 2788 Ginnamo-

356 2842 447 2892 mum
476 2826 527 2887 est
549 2824 675 2886 cinerei
703 2823 838 2898 coloris,
863 2827 959 2901 cujus
979 2827 1095 2886 cortex
1110 2823 1150 2884 ad

358 2924 503 2987 calorem
519 2922 600 2984 solis
615 2937 635 2982 a
649 2920 761 2998 stipite
773 2937 833 2983 suo
848 2921 1040 2998 separatum
1054 2922 1088 2984 et
1099 2921 1150 2981 si-

357 3019 495 3096 gniticat
509 3018 718 3090 claustrales
743 3019 800 3096 qui
821 3019 857 3080 in
885 3019 999 3080 cinere
1020 3018 1149 3090 vivunt,

357 3118 391 3180 et
404 3117 528 3190 cilicio,
544 3116 601 3194 qui
621 3116 721 3176 etiam
743 3115 783 3176 ad
809 3115 954 3178 calorem
975 3115 1047 3176 veri
1071 3115 1151 3176 solis

358 3214 504 3290 separati
517 3213 595 3274 sunt
607 3228 627 3274 a
640 3213 752 3288 stipite
761 3227 835 3287 suo,
848 3212 1149 3284 scilicetamuudo,

357 3325 377 3370 a
391 3309 582 3372 carnalibus
593 3309 722 3381 amicis,
734 3310 800 3370 eta
816 3309 948 3386 seipsis,
965 3311 1000 3370 ut
1014 3325 1075 3370 sua
1091 3325 1153 3386 pa·

358 3408 451 3479 riter,
478 3407 510 3468 et
536 3407 731 3484 semetipsos
758 3405 973 3482 abnegantes,
1008 3406 1152 3469 babeant

357 3502 532 3584 praemium
557 3503 635 3564 sitae
658 3503 804 3564 aeternae.
833 3503 971 3581 Myrrha
986 3502 1153 3579 signiticat

356 3601 469 3666 carnis
486 3599 796 3675 mortificationem,
813 3601 846 3662 et
866 3600 978 3676 signat
992 3599 1080 3672 illos,
1095 3601 1151 3678 qui

353 3699 506 3778 jejuniis,
539 3699 573 3760 et
597 3696 735 3774 vigiliis,
761 3698 795 3760 et
824 3697 1152 3775 peregrinationibus

358 3811 499 3873 corpora
514 3810 575 3856 sua
594 3794 807 3856 mortificant.
825 3794 910 3855 Aloe
925 3794 1052 3869 lignum
1067 3794 1152 3859 odo·

356 3893 497 3956 riserum
512 3893 573 3962 est,
590 3893 623 3952 et
644 3891 717 3953 loco
732 3891 959 3968 thymiamatis
980 3891 1154 3954 cremaba-

358 3993 424 4061 tur,
437 3989 471 4051 et
485 3987 652 4064 significat
666 3987 886 4063 fragrantiam
901 3988 1015 4049 suavis
1026 3988 1154 4050 oratio-

360 4102 426 4148 ms.

398 4183 477 4244 Haec
493 4183 545 4242 est
558 4195 638 4256 ergo
652 4179 828 4258 paradisus
841 4181 909 4242 tam
924 4181 1080 4256 pretiosis
1094 4197 1153 4242 or·

360 4279 439 4340 nata
454 4275 643 4352 arboribus,
659 4291 733 4354 quas
750 4276 879 4338 scilicet
891 4276 990 4338 fiuxit
1003 4277 1045 4339 de
1060 4279 1153 4339 utero

359 4375 466 4438 beatae
481 4373 642 4450 Virginis.
661 4375 719 4434 Hae
744 4373 882 4434 arbores
906 4374 984 4436 sunt
1006 4374 1154 4436 membra

359 4471 530 4545 Ecclesiae‚
542 4486 615 4548 quae
628 4471 739 4532 emisit
752 4470 849 4532 besta
871 4472 985 4548 Virgo.
1004 4473 1152 4534 Foecun-

359 4570 445 4632 ditas
470 4570 570 4631 etiam
594 4567 694 4646 hujus
723 4568 871 4646 paradisi
902 4568 1088 4630 ostenditur
1118 4570 1153 4630 in

359 4667 491 4738 Genesi,
508 4664 564 4727 ubi
584 4665 707 4727 dicitur
728 4665 769 4726 de
793 4666 949 4741 paradiso
965 4664 1011 4744 (2,
1027 4664 1060 4744 6)
1078 4664 1126 4746 (1)
1144 4682 1151 4728 :

359 4763 658 4839 ‹Fonsegreditur
680 4761 722 4824 ad
745 4761 949 4838 irrigandam
962 4763 1154 4826 universam

359 4845 569 4938 superficiem
595 4862 705 4922 terrae.
738 4861 871 4919 »Pons
906 4858 1082 4934 egrediens
1113 4859 1153 4922 de

359 4957 515 5034 paradiso
536 4956 587 5018 est
599 4957 750 5016 Christus
772 4957 871 5018 natus
886 4954 926 5016 de
949 4956 1043 5018 utero
1071 4957 1153 5018 Vir-

359 5053 459 5130 ginis,
474 5049 530 5129 qui
544 5069 620 5114 rore
631 5053 761 5130 gratiae,
774 5063 806 5113 et
819 5052 1056 5114 misericordiae
1066 5070 1154 5115 men-

358 5152 409 5212 tes
432 5149 603 5210 homiuum
627 5149 790 5225 irrigavit.
816 5149 911 5211 Unde
925 5150 959 5210 in
972 5151 1092 5210 Genesi
1106 5149 1151 5228 (2,

361 5244 412 5325 10)
429 5264 474 5306 :e
497 5246 633 5306 Flavius
666 5245 900 5322 egrediebatur
923 5247 963 5308 de
986 5247 1059 5310 locc
1088 5264 1151 5310 vo-

359 5343 495 5420 luptatis
518 5342 559 5402 ad
584 5343 792 5418 irrigandum
819 5344 1063 5420 paradisum.»
1088 5346 1152 5406 Lo-

357 5457 416 5504 cus
445 5441 625 5515 voluptatis
653 5443 705 5502 est
726 5444 842 5502 venter
860 5440 967 5502 beatae
991 5441 1151 5516 Virginis,

391 5572 434 5646 tt)
448 5569 534 5642 valg.
551 5571 627 5629 Fons
642 5569 815 5630 ascendebat
828 5587 844 5630 e
860 5580 947 5644 terra,
960 5574 1082 5646 irrigans
1092 5573 1153 5631 uni·

357 5658 480 5714 versam,
493 5649 548 5698 etc.

1205 2359 1297 2405 mare
1311 2346 1495 2418 mortuum3
1518 2347 1551 2406 et
1566 2344 1672 2405 Filius
1694 2343 1754 2404 Dei
1773 2343 1950 2404 descendit
1969 2344 2002 2402 iu

1206 2441 1363 2501 mundum
1373 2441 1468 2517 quasi
1482 2440 1603 2517 Tigris,
1615 2441 1651 2502 ut
1665 2440 1700 2500 in
1713 2455 1805 2500 mare
1820 2442 2000 2500 momuum.

1206 2539 1284 2600 Dies
1321 2537 1498 2599 vindemiae
1534 2538 1679 2614 pertinet
1710 2537 1752 2597 ad
1790 2537 2001 2607 Passionem,

1208 2635 1340 2711 quando
1355 2634 1511 2695 videlicet
1525 2636 1650 2710 Corpus
1662 2633 1796 2705 Christi,
1808 2635 1908 2710 quasi
1926 2649 2001 2704 nra,

1205 2746 1433 2806 compressum
1449 2730 1512 2791 luit
1535 2731 1571 2790 in
1592 2745 1709 2802 cruam
1725 2733 1758 2792 et
1777 2729 1858 2791 huic
1879 2731 2004 2791 dicitur

1206 2827 1322 2908 Gelmn
1338 2827 1508 2908 assistere.
1534 2826 1649 2888 Gehon
1675 2827 1920 2903 interpretatur
1933 2830 2002 2888 oris

1205 2925 1438 2998 commutati03
1455 2924 1571 2987 etdies
1590 2925 1777 2996 vindemiae,
1808 2921 1896 2985 idest
1926 2941 2004 3000 pas·

1206 3021 1311 3082 sionis
1335 3037 1396 3106 nos
1418 3021 1598 3083 commutat
1619 3021 1659 3081 ad
1681 3021 1946 3082 consumendum
1967 3023 2001 3082 in

1206 3118 1304 3180 nobis
1320 3133 1451 3180 omnem
1467 3117 1637 3179 carnalem
1650 3117 1808 3179 affectum
1833 3139 1841 3178 ι
1869 3119 2003 3194 quoties

1206 3217 1295 3278 enim
1307 3215 1402 3276 nobis
1417 3215 1556 3276 venitin
1570 3215 1714 3276 mentem
1733 3214 1804 3275 dies
1820 3216 2001 3291 passionis,

1206 3313 1317 3374 statim
1340 3311 1438 3373 debet
1463 3311 1610 3373 carnalis
1638 3309 1777 3373 affectus
1798 3313 1952 3388 reprimi,
1972 3314 2004 3373 et

1206 3409 1368 3471 consumi.
1384 3408 1521 3479 Phison,
1537 3409 1593 3485 qul
1606 3409 1847 3485 interpretatur
1864 3409 2002 3470 caterva

1206 3507 1385 3568 multorum
1397 3505 1587 3578 fluviorum,
1602 3506 1713 3581 signat
1724 3503 1872 3582 Spiritus
1887 3507 2003 3568 Sancti
2074 3479 2075 3560 ᾗ

1206 3603 1410 3674 missionem,
1425 3615 1521 3679 quem
1537 3603 1572 3663 in
1588 3602 1769 3664 Ecclesiam
1793 3603 1887 3664 misit
1913 3605 2001 3664 Deus

1207 3715 1281 3761 cum
1292 3699 1503 3761 multitudine
1518 3698 1767 3760 charismatum.
1780 3699 1874 3770 Quod
1889 3701 2003 3761 autem

1207 3797 1289 3859 dicit
1305 3818 1313 3856 :
1329 3797 1393 3868 Qui
1417 3795 1576 3872 adimplet
1588 3796 1685 3872 quasi
1707 3795 1897 3872 Euphrates
1920 3813 2005 3858 sen·
2074 3805 2075 3874 f

1208 3909 1293 3964 sum,
1310 3892 1350 3953 ad
1372 3893 1663 3954 Resurrectionem
1684 3891 1846 3970 ,pertinet
1877 3889 1915 3954 iu
1942 3908 2005 3970 qua
2074 3897 2075 3908 ¹

1208 4003 1409 4052 sensnscum
1420 3989 1533 4050 anima
1547 3988 1875 4066 implebunturomni
1887 3993 2007 4067 jucun·

1208 4087 1321 4152 ditate.
1333 4087 1518 4163 Euphrates
1531 4086 1619 4146 enim
1637 4085 1778 4162 frugiter
1798 4086 2008 4163 iuterpreta-

1207 4189 1277 4258 tur;
1292 4183 1438 4260 quandiu
1453 4183 1541 4243 enim
1555 4199 1669 4244 sumus
1683 4183 1720 4243 in
1733 4184 1796 4244 hac
1811 4185 1896 4256 vita,
1907 4183 2006 4260 egent

1208 4291 1333 4349 sumus,
1350 4279 1506 4348 mendici,
1520 4280 1797 4342 etvacul..tnima
1809 4280 1903 4340 enim
1916 4295 2007 4340 nnnc

1207 4378 1242 4438 in
1257 4375 1385 4438 loribus
1409 4387 1567 4438 sensuum
1595 4377 1728 4453 quaerit,
1750 4375 1838 4437 unde
1858 4376 2009 4454 delecte-
2074 4459 2075 4476 ἦ

1207 4475 1271 4536 tur.
1292 4473 1356 4536 Sed
1378 4474 1412 4534 in
1430 4473 1687 4546 resurrectione,
1702 4473 1835 4535 risione
1858 4475 1922 4534 Dei
1950 4490 2008 4536 re-
2074 4513 2075 4520 κ

1209 4571 1363 4660 plebitur,
1380 4585 1443 4632 nec
1456 4569 1547 4632 aliud
1570 4572 1698 4647 quaeret
1712 4570 1747 4631 in
1769 4583 1835 4650 guo
1854 4570 2007 4633 delecte·

1208 4671 1273 4730 tur·
1457 4765 1599 4826 SERMO
1622 4765 1749 4825 LXVII.

1231 4889 1271 4944 lle
1290 4883 1488 4955 confessicae,
1508 4899 1573 4959 quos
1591 4885 1729 4957 requiem,
1749 4891 1779 4941 el
1798 4883 1985 4960 refrigerium

1455 4981 1570 5046 prestat
1587 4973 1752 5030 christiano.

1207 5101 1332 5162 Revela
1363 5103 1509 5161 Destino
1539 5104 1633 5161 ciam
1664 5101 1760 5160 traam
1781 5116 1793 5158 .·
1824 5099 1858 5160 et
1889 5097 2008 5161 adimet

1247 5199 1346 5271 catast
1360 5197 1657 5268 inlacrimabilem
1672 5193 2006 5268 trecassinensem

1248 5297 1346 5355 tiaram
1361 5283 1526 5366 loricatam
1539 5287 1732 5354 meridiem.
1743 5290 1813 5369 (Ps.
1826 5289 2008 5368 anselo.)

1247 5443 1369 5505 Revela
1380 5443 1519 5504 Domino
1530 5441 1717 5503 viamtnam
1729 5441 1762 5500 in
1773 5439 2005 5511 cantaminum
2074 5447 2075 5456 ’

1242 5573 1283 5646 (i)
1297 5574 1382 5647 Vulg.
1393 5572 1513 5632 (Ῑτθενίῖ.
