4184 6410
317 269 377 331 aaa
743 272 777 334 s.
803 267 980 332 eunoun
1008 267 1195 370 renuam
1225 267 1363 331 oanan
1383 243 1538 330 'ouum
1892 267 1944 330 aso

318 429 357 492 El
372 430 524 508 quamvis
539 429 606 492 sint
616 429 758 492 lutlnltae
772 429 838 493 vtae
859 428 1002 500 Domini,
1020 427 1056 490 in
1069 427 1113 490 lls
1169 429 1201 490 et
1215 427 1403 490 condiendo
1417 427 1554 504 peccata
1569 439 1629 486 sua
1640 424 1673 486 et
1683 423 1843 486 Dominus
1857 425 1950 490 dimit·

318 530 429 590 tamen
445 527 573 590 duobus
596 527 834 590 includuntur:
852 531 1030 589 Universae
1048 527 1115 587 oioe
1168 526 1278 598 111110,
1305 527 1339 588 et
1366 525 1510 588 virtutes
1536 523 1733 596 inserendo;
1753 524 1901 600 peccator
1916 525 1950 586 de

317 627 467 696 Domini,
488 628 741 696 misericordia,
759 626 792 687 el
807 624 951 686 veritus.
968 627 1039 685 lloc
1053 639 1117 683 au·
1169 639 1235 684 non
1264 623 1433 699 peccando
1470 623 1592 684 iterum
1627 622 1744 682 contra
1778 619 1948 692 Dominum,

316 723 382 784 tem
397 723 535 797 apparet
555 737 623 784 non
639 722 913 799 quibuscumque,
927 721 984 784 sed
997 724 1116 795 requi-
1169 721 1254 797 qnod
1267 722 1355 782 esset
1368 719 1557 795 transgredi
1572 733 1742 792 acervum,
1758 720 1793 780 et
1808 719 1950 779 Dominus

316 820 471 880 relatibus
493 819 740 882 testamentum
763 823 850 892 ejus,
872 820 1116 881 attestimcuie
1170 818 1210 879 de
1225 833 1292 880 non
1320 817 1506 879 inferendis
1533 815 1640 893 poenis
1664 816 1704 876 de
1729 815 1873 892 peccatis
1892 819 1950 892 jam

317 916 402 986 ejus.
428 914 649 990 Requirentes
678 913 917 986 testimonium,
940 911 1117 974 invenient
1170 915 1368 976 commissis.
1396 918 1444 976 De
1468 915 1531 976 boo
1555 928 1677 975 acervo
1701 912 1826 988 legitur
1847 914 1879 973 iu
1899 914 1950 974 lob

316 1010 593 1072 misericordiam.
613 1011 793 1072 Sciendum
808 1013 920 1072 autem
945 1010 1031 1086 quod
1047 1009 1117 1070 tes·
1171 1010 1235 1091 (22,
1255 1012 1309 1092 24)
1328 1011 1450 1075 :Dabit
1478 1027 1539 1088 pro
1568 1013 1660 1074 terre
1688 1010 1829 1082 silicem,
1852 1011 1884 1071 et
1901 1027 1951 1087 pro

315 1107 499 1170 manentum
522 1108 645 1169 dicitur
665 1109 715 1169 rei
737 1107 966 1170 memorabilis
991 1121 1119 1168 memo-
1170 1111 1265 1172 silice
1279 1112 1446 1172 torrentes
1462 1124 1583 1171 aureos
1598 1108 1837 1170 indeficientes.
1854 1109 1953 1168 Domi·

316 1202 423 1266 rabile
457 1206 602 1282 signum.
624 1206 716 1268 Unde
749 1205 951 1296 Gregorius:
973 1206 1053 1264 Cum
1079 1203 1117 1263 ut
1172 1225 1234 1268 nus
1255 1208 1385 1270 scilicet
1399 1207 1491 1269 dabit
1504 1223 1566 1285 pro
1593 1210 1696 1278 terra,
1722 1205 1951 1281 ideslproluto

317 1305 452 1378 paetum
468 1302 515 1382 (1)
527 1304 616 1366 inter
630 1303 773 1380 aliquos,
790 1303 1004 1364 constituitur
1020 1315 1118 1362 acer·
1170 1309 1382 1382 peecatorum
1397 1305 1538 1377 silicem,
1554 1303 1640 1366 idest
1652 1303 1816 1366 aimutnm
1830 1301 1950 1364 fortitu·

211 1443 215 1452 .
316 1415 379 1460 vus
394 1399 553 1478 lapidum,
570 1401 623 1462 vel
636 1401 826 1478 hujusmodi
841 1401 878 1462 in
892 1401 977 1471 loco,
999 1398 1056 1460 ubi
1081 1398 1117 1461 tlt
1170 1403 1293 1476 dinem,
1308 1403 1341 1464 et
1354 1418 1414 1479 pro
1436 1402 1532 1463 silice
1553 1402 1718 1463 torrentes
1734 1415 1865 1470 aureos,
1880 1399 1951 1461 idest

318 1499 462 1575 pactum,
488 1498 523 1558 in
538 1499 733 1560 memoriam
748 1499 848 1575 pacti.
866 1500 912 1559 De
925 1481 1117 1574 huiusmodi
1170 1498 1409 1561 abundantiam
1431 1500 1565 1560 eternae
1579 1495 1773 1570 felicitatis3
1797 1495 1830 1557 et
1846 1496 1889 1557 ita
1907 1511 1951 1556 re-

317 1609 438 1658 acervo
453 1595 534 1658 dicit
550 1597 715 1672 Propheta
731 1595 779 1676 (2)
794 1617 801 1658 ι
815 1599 882 1657 «ln
895 1596 950 1657 uia
965 1595 1117 1657 testimo-
1170 1596 1378 1674 quireutibus
1391 1595 1585 1658 testimonia
1608 1596 1750 1674 apparet
1761 1594 1816 1658 uia
1835 1593 1949 1656 miseri-

321 1693 453 1754 ntorum
462 1695 595 1755 tuorum
607 1694 789 1757 delectatus
798 1709 883 1764 sum,
900 1693 986 1754 sieut
999 1691 1035 1753 in
1050 1706 1118 1752 om·
1170 1694 1305 1758 cordiae.
1959 1753 1962 1770 ,

318 1789 416 1850 uibus
433 1790 600 1852 divitiis.»
616 1792 839 1853 considerans
848 1791 938 1852 enim
948 1788 1116 1864 Propheta
1208 1793 1474 1866 Requirentibus
1495 1806 1575 1857 vero
1593 1789 1840 1854 testamentum
1857 1803 1949 1866 appa-

318 1887 463 1965 pactum,
477 1889 564 1965 quod
576 1889 654 1950 lecit
664 1887 760 1950 nobis
773 1889 966 1950 DeusPater
976 1887 1016 1948 de
1031 1885 1117 1946 Filio
1170 1886 1256 1950 rabit
1276 1888 1330 1950 via
1353 1887 1517 1950 veritatis.
1537 1887 1788 1949 Testamentum
1804 1885 1949 1962 siquidem

323 1985 541 2058 incarnando,
558 1989 592 2048 et
609 1987 699 2048 uiam
723 2001 789 2062 qua
810 1985 903 2049 veuit
914 1983 955 2046 ad
971 1999 1032 2046 nos
1045 1984 1118 2060 ipse
1169 1986 1259 2049 istud
1271 1987 1322 2048 est
1336 1986 1460 2048 Christi
1475 1984 1588 2063 passio
1603 1987 1636 2046 et
1651 2001 1755 2056 mors,
1769 1999 1813 2044 ex
1826 1997 1886 2060 qna
1904 1983 1944 2041 si·

321 2083 440 2155 Filius,
451 2083 488 2145 in
502 2083 709 2160 qualuerant
720 2084 866 2161 quinque
876 2082 1005 2160 lapides
1016 2081 1074 2142 fixi
1084 2082 1118 2143 et
1171 2083 1227 2145 cut
1246 2097 1291 2144 ex
1302 2083 1501 2144 testamento
1514 2079 1610 2144 nobis
1631 2080 1774 2143 debetur
1789 2077 1948 2140 haereditas

319 2182 528 2255 coacervati;
557 2182 724 2255 videlicet,
764 2181 850 2259 quod
881 2179 1053 2242 descendit
1076 2179 1117 2240 de
1171 2182 1308 2252 aeterua,
1324 2179 1353 2240 si
1363 2181 1475 2242 tamen
1488 2177 1699 2240 timuerimus
1711 2193 1801 2250 eum,
1817 2176 1896 2236 sicui
1906 2175 1949 2235 in-

318 2279 511 2355 aequalitate
535 2279 646 2341 Patris
675 2279 709 2340 in
738 2280 869 2341 uterum
896 2277 1060 2354 Virginis,
1076 2276 1117 2338 de
1171 2277 1271 2339 frain
1286 2277 1402 2338 eodem
1426 2276 1490 2338 hoc
1512 2276 1646 2338 Psalmo
1661 2292 1668 2336 :
1685 2274 1947 2338 Fircwmectum

318 2378 413 2438 utero
429 2377 462 2438 ln
487 2377 698 2454 praesepium,
722 2376 762 2438 de
777 2376 941 2454 praesepio
958 2375 991 2436 ln
1006 2375 1116 2436 crucis
1170 2375 1222 2436 est
1233 2378 1402 2438 Dominus
1417 2375 1616 2436 timentibus
1628 2387 1719 2446 eum,
1736 2374 1771 2435 et
1783 2372 1949 2434 testacea·

320 2474 518 2552 patibulum,
531 2475 571 2536 de
585 2474 733 2552 patibulo
748 2475 783 2535 in
798 2474 1000 2550 sepulcrum,
1014 2471 1056 2533 de
1067 2487 1118 2533 se·
1171 2473 1245 2533 ium
1263 2473 1374 2546 ipsius
1396 2472 1434 2532 ut
1458 2471 1704 2545 manifestetur
1718 2473 1799 2532 iilia.
1824 2471 1888 2530 iloc
1909 2467 1948 2526 est

317 2572 434 2648 pulcro
448 2573 484 2632 in
497 2573 617 2634 coelum
641 2572 826 2634 ascendens
841 2593 848 2632 :
862 2571 945 2643 haec,
966 2570 1115 2646 inquam,
1172 2569 1507 2642 illudtestamentum,
1517 2568 1558 2629 de
1569 2583 1634 2645 quo
1646 2567 1681 2628 in
1693 2566 1818 2629 Genesi
1828 2561 1945 2646 (15,18),

317 2668 510 2731 testimonia
530 2667 758 2739 considerans,
775 2667 951 2744 gaudebat,
967 2671 1002 2729 et
1015 2667 1050 2728 in
1066 2667 1116 2728 eis
1170 2668 1204 2729 et
1228 2668 1263 2728 in
1288 2667 1444 2744 Apostolo
1466 2665 1507 2728 ad
1537 2666 1672 2728 Galatas
1699 2663 1945 2745 (3,16)dicltur,

319 2764 556 2838 delectabatur,
571 2764 1001 2836 sicutinomnibusdiaitiis
1013 2764 1118 2840 spiri·
1171 2763 1257 2842 quod
1271 2763 1415 2826 Abrabae
1441 2763 1539 2826 dictae
1559 2765 1637 2825 sunt
1659 2763 1903 2840 promissiones,
1921 2759 1948 2820 et

321 2862 480 2925 tualibus.
496 2865 544 2923 De
559 2861 622 2924 hoe
636 2861 999 2940 testimoniodlciturin
1016 2863 1117 2924 iosus
1171 2861 1290 2924 semini
1305 2864 1388 2938 ejus.
1400 2863 1470 2924 Hoc
1483 2863 1593 2924 autem
1606 2862 1840 2924 testamentum
1850 2855 1949 2920 conflr-

319 2959 354 3022 in
368 2960 434 3021 ilne
451 2958 515 3038 (24,
528 2957 595 3040 26),
624 2960 711 3037 quod
736 2961 839 3022 losue
865 2959 943 3022 tulit
971 2959 1115 3036 lapidem
1171 2963 1297 3022 matum
1311 2973 1408 3022 nemo
1423 2960 1561 3037 spernit,
1578 2959 1664 3022 idest
1678 2973 1838 3036 spernere
1856 2953 1947 3020 debet,

319 3058 552 3135 pergrandem,
571 3059 745 3136 posuitque
758 3073 833 3120 eum
847 3057 1038 3134 subquereu
1054 3054 1114 3134 (3),
1170 3058 1226 3119 ael
1247 3057 1492 3136 superordinat.
1507 3059 1553 3118 De
1581 3055 1644 3118 hoe
1667 3057 1864 3118 testamento
1882 3049 1947 3112 dicit

203 3140 209 3150 ’
320 3171 395 3233 quae
410 3156 483 3217 erat
495 3155 530 3217 in
545 3155 738 3218 sanctuario
754 3155 896 3218 Domini.
914 3157 1064 3227 Quercus
1078 3153 1114 3214 in
1172 3155 1349 3218 Psalmista
1372 3153 1437 3234 (73,
1460 3153 1514 3233 20)
1529 3171 1537 3210 ε
1553 3169 1572 3214 e
1588 3154 1743 3231 Respice,
1769 3150 1908 3220 Domine,
1919 3147 1946 3206 iu

320 3253 513 3316 sanctuario
539 3253 592 3316 est
623 3269 707 3314 crux
728 3252 861 3314 Domini
887 3252 923 3313 in
948 3252 1115 3326 Ecclesia3
1170 3254 1405 3316 testamentum
1426 3254 1536 3325 tuum,
1553 3253 1631 3330 quia
1655 3252 1778 3330 repleti
1806 3241 1946 3322 suntqul

319 3351 405 3428 lapis
419 3351 470 3412 est
484 3349 636 3411 soliditas
659 3349 783 3411 divinae
801 3350 999 3425 majestatis.
1024 3351 1118 3410 Hanc
1172 3350 1340 3414 obscurati
1371 3351 1449 3413 suut
1479 3351 1579 3413 terrae
1616 3349 1772 3412 domibus
1804 3343 1946 3423 iniquita·

320 3445 1119 3525 igiturverusiosue,idestlesuscbristusposuit
1171 3449 1261 3523 tum3
1278 3448 1413 3520 »Quasi
1439 3447 1550 3510 dicat:
1569 3450 1594 3509 0
1610 3448 1764 3521 Domine,
1780 3444 1900 3522 respice
1919 3439 1945 3498 in

321 3545 383 3608 sub
394 3561 530 3622 quercu,
547 3561 621 3622 quae
637 3545 732 3622 quasi
748 3543 880 3622 leprosa
895 3543 1017 3606 dieitur
1031 3558 1116 3616 esse,
1172 3546 1406 3612 testamentum
1430 3547 1541 3619 tuum,
1564 3545 1707 3608 reddens
1732 3543 1819 3624 qnod
1838 3536 1945 3620 promi·

321 3643 400 3721 quia
414 3642 475 3706 sub
491 3643 684 3705 infirmitate
699 3643 812 3704 carnis
827 3642 862 3704 in
883 3657 981 3705 cruce
995 3657 1118 3719 passae,
1173 3643 1245 3706 sisti
1261 3657 1328 3706 non
1339 3659 1382 3705 ex
1395 3643 1525 3706 meritis
1540 3643 1679 3718 nostris;
1694 3644 1784 3705 unde
1798 3638 1944 3717 sequitur:

322 3741 508 3803 divinitatis
523 3739 738 3812 soliditatem,
756 3741 789 3802 et
810 3739 991 3816 potentiam
1006 3738 1122 3801 occul·
1173 3741 1251 3820 quia
1270 3740 1388 3817 repleti
1408 3741 1484 3802 sunt
1504 3743 1615 3812 terrae,
1629 3741 1717 3804 idest
1735 3753 1846 3804 amore
1858 3739 1947 3798 terre·

320 3839 416 3910 tavit,
433 3839 466 3900 et
480 3837 1034 3914 solacarnisinllrmitasapparuit.
1174 3838 1298 3910 1111113,
1321 3839 1378 3916 qui
1411 3836 1581 3901 obscurati
1602 3840 1680 3901 sunt
1700 3853 1815 3900 amore
1838 3825 1946 3896 carnali

363 3938 433 3997 Hoc
454 3935 686 3998 antemsolum
713 3935 792 3998 lecit
815 3935 856 3996 da
875 3933 1116 4004 misericordia,
1173 3937 1262 3998 circa
1287 3936 1507 4014 propinquos,
1531 3936 1626 4014 quasi
1657 3935 1758 3999 hamo
1784 3925 1945 4010 iniquitatis

322 4049 396 4111 quae
406 4035 545 4110 apparet
552 4033 809 4106 requirentibus
817 4032 1014 4094 testimonia
1026 4033 1119 4103 ejus:
1174 4033 1303 4096 scilicet
1315 4032 1451 4096 diaboli.
1466 4035 1512 4096 De
1526 4033 1716 4110 hujusmodi
1733 4026 1944 4094 obscuratione

323 4131 380 4206 qui
395 4131 484 4190 enim
512 4129 687 4206 inquirunt
714 4128 916 4200 testimonia,
944 4128 1121 4190 inveniunt
1174 4129 1296 4194 dieitur
1320 4129 1356 4192 in
1381 4129 1443 4193 Job
1464 4130 1529 4209 (15,
1555 4130 1609 4210 27)
1624 4147 1667 4190 :e
1689 4129 1826 4208 Operuit
1847 4121 1946 4186 laoiom

324 4225 600 4294 misericordiam,
630 4225 717 4288 sicut
732 4239 833 4303 supra
847 4225 1005 4286 diximus.
1026 4227 1120 4286 Hanc
1174 4230 1247 4303 ejus
1261 4227 1459 4302 crassitudo,
1471 4229 1504 4290 et
1524 4227 1566 4288 de
1582 4227 1743 4290 lateribus
1759 4229 1829 4304 ejus
1847 4218 1946 4284 arvina

323 4323 425 4385 etiam
446 4322 631 4400 reperimus
655 4322 690 4384 in
710 4322 831 4384 Genesi
859 4321 976 4402 (31,ae
997 4319 1118 4400 ad52),
1174 4322 1347 4400 dependet.
1383 4341 1403 4386 a
1437 4324 1631 4387 Crassitudo
1664 4323 1729 4387 ista
1758 4325 1808 4386 est
1823 4323 1946 4382 terrena

325 4420 382 4482 ubi
398 4420 530 4497 legitur,
543 4419 630 4499 quod
643 4418 756 4481 baben
769 4419 941 4483 insecutus
952 4421 1004 4481 est
1016 4417 1120 4482 Jacob
1174 4419 1390 4494 abundantia,
1405 4437 1478 4498 quae
1492 4419 1649 4484 obscurat
1662 4422 1784 4484 mentis
1798 4413 1945 4480 intuitum.

325 4507 519 4595 lugientem,
529 4519 562 4580 et
572 4533 647 4580 eum
661 4518 695 4578 in
706 4518 818 4579 monte
834 4517 959 4579 Galaad
974 4531 1121 4592 compre·
1174 4517 1453 4594 neviderepossit
1463 4512 1947 4590 coelestia.Arvtncuapeadca

325 4614 451 4688 bendit,
465 4613 522 4676 uhi
533 4629 648 4692 pacem
664 4613 815 4677 lecerunt
840 4613 1048 4689 comportato
1060 4627 1122 4690 ag·
1174 4619 1215 4677 de
1229 4615 1393 4678 tutoribus
1404 4617 1456 4678 est
1467 4615 1719 4678 amurcarnalis
1729 4615 1818 4676 cirea
1831 4603 1947 4688 proPifl·

325 4729 405 4789 gere
430 4713 552 4776 deuon
578 4711 855 4789 transgrediendo
881 4725 1002 4772 acervo
1026 4710 1122 4772 iesti-
1175 4727 1269 4792 quos,
1296 4728 1316 4774 a
1342 4711 1440 4774 bonis
1457 4711 1614 4791 operibus
1638 4711 1832 4790 quandoque
1857 4703 1947 4766 reter-

326 4811 429 4873 monii
441 4809 540 4870 unius
555 4811 671 4872 contra
684 4808 800 4870 alium.
813 4807 937 4879 baben,
954 4807 1010 4885 qui
1021 4809 1123 4869 inter·
1175 4809 1268 4872 dans.
1285 4812 1333 4873 De
1346 4810 1543 4872 testamento
1558 4811 1623 4872 isto
1645 4809 1768 4872 dicitur
1781 4808 1816 4868 in
1834 4796 1945 4866 Psalmo

326 4908 478 4985 pretatur
505 4907 682 4980 dealbatio,
708 4907 759 4969 est
786 4907 858 4984 ipse
881 4906 1051 4978 Dominus,
1064 4906 1121 4983 qui
1176 4905 1745 4988 (49,5):econgregateillisanetos
1760 4907 1840 4981 ejus,
1850 4895 1947 4976 quior·

325 5004 428 5069 iacob
437 5004 627 5080 lugientem,
639 5003 937 5080 idestpeceatorem
946 5003 1121 5079 fugitivum
1172 5003 1293 5065 limant
1304 5005 1538 5067 testamentum
1554 5007 1627 5081 ejus
1642 4994 1946 5081 supermontem.»

327 5101 516 5180 insequitur
536 5117 596 5179 per
611 5117 690 5164 suos
705 5101 953 5179 predicatores,
969 5101 1121 5178 quando-
1175 5103 1264 5164 Bene
1279 5100 1360 5163 dicit
1380 5117 1481 5178 super
1495 5100 1673 5173 sacrificia,
1690 5101 1767 5177 quia
1787 5111 1845 5177 per
1858 5083 1947 5154 saorl-

328 5215 393 5279 que
407 5199 508 5260 etiam
535 5214 594 5275 per
614 5198 802 5260 immissam
823 5198 1068 5270 infirmitatem,
1089 5199 1123 5260 et
1175 5199 1251 5260 licia
1273 5199 1466 5275 pervenitur
1486 5198 1528 5260 ad
1543 5199 1787 5267 testamentum,
1801 5190 1882 5256 idest
1898 5193 1946 5262 per

329 5293 580 5372 comprehendit
590 5295 635 5357 ita
651 5294 738 5372 quod
753 5294 860 5356 loedus
870 5295 987 5358 ineunt
999 5309 1122 5372 aggere
1176 5295 1287 5358 earnis
1299 5296 1557 5358 macerationem
1579 5295 1620 5356 ad
1636 5297 1795 5358 aeternam
1816 5284 1945 5352 1111111-

328 5393 545 5470 comportato,
573 5391 730 5455 videlicet
752 5393 906 5470 peccator
920 5392 1120 5470 poenitendo,
1175 5393 1297 5454 dinem.
1315 5393 1406 5466 Quod
1421 5393 1591 5468 signatum
1614 5395 1665 5455 est
1685 5391 1720 5454 in
1734 5387 1836 5454 veteri
1855 5379 1944 5448 testa·

365 5525 408 5598 (1)
424 5525 493 5582 Cum
507 5515 537 5595 ’11
550 5527 676 5602 melum,
688 5527 738 5578 cte.
747 5522 872 5581 inaniter
886 5521 1079 5582 laboravimus
1093 5523 1120 5580 lo
1212 5525 1252 5594 (2)
1264 5524 1339 5589 Paul.
1357 5523 1419 5592 lle,
1436 5524 1479 5581 11.

330 5595 533 5670 perquisitione
549 5593 632 5666 tropus
647 5592 810 5650 testimonii.
1213 5597 1249 5666 (zi)
1265 5595 1346 5667 vulg.
1361 5595 1604 5665 subierqaereum.
