4118 6390
320 247 398 320 liat
723 243 777 316 ¹S.
802 237 976 308 baronii
1007 239 1194 305 reuolui
1225 239 1364 304 OPERA
1394 237 1542 306 ollula.
1887 241 1963 304 lias

317 405 367 467 tat
379 419 399 466 a
412 403 518 466 nohis.
531 401 644 466 iosias
655 401 852 468 interfectus
865 399 928 464 fuit
943 403 979 460 in
991 413 1113 474 campo
1168 415 1295 474 eorum,
1308 401 1342 464 et
1351 399 1601 464 immaculatum
1615 413 1652 461 se
1666 399 1837 466 custodire
1848 397 1963 463 abhoc

318 505 530 578 Mcpaddon,·
558 501 592 561 st
617 498 747 576 planxit
769 513 845 562 eum
869 496 989 560 civitas
1019 495 1112 558 lida·
1167 497 1301 558 saeculo.
1318 513 1336 557 s
1351 499 1430 559 Haec
1445 498 1566 560 estote
1580 496 1807 570 immaculata,
1824 497 1962 576 quade-

317 598 501 672 dremmon,
517 596 695 660 etfamiliaa
710 597 870 668 virorum,
887 595 921 658 et
935 591 1112 656 mulierum
1167 592 1282 654 hernus
1303 593 1472 655 incedere.
1498 591 1548 656 Ad
1567 597 1663 670 eujus
1689 594 1903 666 custodiam,
1930 599 1964 656 nt

318 696 406 756 sicut
421 695 475 756 hle
490 694 613 770 legitur
627 692 686 773 (1).
705 695 741 758 ut
754 692 855 758 talem
871 693 1039 769 planctum
1054 690 1112 751 fu·
1168 705 1339 755 servemus
1355 705 1416 752 nos
1430 691 1674 763 immaculatos,
1690 691 1816 754 invitat
1828 696 1965 769 Aposto-

188 797 193 802 ’
317 793 429 852 turum
458 790 609 867 praedicit
645 789 812 867 Propheta
846 789 882 850 in
913 787 1111 850 Jerusalem.
1167 787 1219 850 lus
1232 787 1272 848 ad
1288 787 1457 850 Romanos
1470 787 1534 866 (11,
1550 785 1597 865 2),
1609 788 1726 852 dicens
1741 810 1749 848 ε
1766 791 1966 852 Neittceeas·

318 887 458 966 Mystico
468 887 577 954 iosias
591 887 743 948 Christus
759 890 820 958 est,
837 886 878 947 de
891 889 986 962 crpus
1006 884 1111 946 morte
1166 887 1317 958 [emtori
1337 889 1416 948 haam
1428 892 1563 956 secum,
1584 885 1671 950 idest
1684 889 1965 964 coucupiscentia

319 985 382 1047 fult
396 985 549 1061 planctus
564 985 599 1050 in
614 983 775 1050 Ecclesia.
793 984 904 1046 Josias
918 981 1111 1046 interfectus
1167 981 1334 1048 saculari.
1358 983 1428 1044 Viae
1447 982 1548 1060 hujus
1567 983 1680 1045 mundi
1705 987 1786 1048 sunt
1807 984 1963 1058 aramus,

316 1083 369 1145 est
400 1082 437 1144 in
464 1082 665 1158 Mageddon3
698 1084 731 1148 et
754 1080 905 1144 Christus
931 1095 990 1156 pro
1015 1077 1112 1140 nobis
1167 1077 1314 1151 luxuria,
1329 1079 1498 1156 superbia,
1514 1095 1597 1156 quas
1610 1079 1964 1159 prohibatspostolus,

317 1181 479 1252 mortuus,
506 1179 644 1242 anobis
669 1179 823 1256 expectat
842 1177 986 1242 finctum
1006 1175 1114 1242 bono-
1168 1177 1964 1255 praecipiensmentembonisoperibusinnorsri;

317 1292 391 1340 rum
404 1292 543 1354 operum
558 1276 599 1338 ad
614 1275 833 1348 coenandum,
849 1277 883 1338 et
897 1275 1063 1352 lacrymas
1077 1273 1111 1337 in
1167 1273 1256 1338 unde
1274 1274 1444 1352 sequitur:
1462 1274 1554 1338 «Sed
1569 1274 1800 1340 reformamini
1819 1277 1858 1338 in
1873 1277 1967 1338 novi·

317 1379 449 1452 poturn3
466 1373 736 1452 undesequitura
755 1372 1111 1448 Vtmpnnpentsaor-
1167 1372 1235 1434 tata
1249 1385 1368 1434 sensus
1387 1372 1535 1436 vestri.»
1560 1373 1654 1438 Sicut
1681 1371 1809 1438 ferrum
1832 1373 1965 1450 rubigi-

313 1487 404 1545 aum,
419 1472 453 1534 ct
464 1475 640 1534 matteras.
653 1471 813 1536 Mulieres
825 1471 915 1541 sunt,
929 1469 986 1547 qui
999 1467 1113 1533 dolent
1169 1483 1244 1532 nem
1254 1468 1359 1536 trahil
1373 1485 1394 1532 a
1406 1470 1508 1540 tetra,
1522 1470 1557 1530 ei
1567 1469 1758 1545 rubiginem
1772 1471 1915 1548 deponit
1927 1471 1966 1534 ed

316 1585 378 1646 pro
390 1567 631 1647 temporalibus
646 1586 654 1629 :
669 1569 818 1632 virorum
833 1567 986 1645 planctus
1005 1565 1111 1629 estad
1167 1565 1292 1637 limam,
1309 1567 1343 1627 et
1356 1565 1528 1630 fornacem
1543 1587 1551 1628 ι
1568 1567 1618 1630 sic
1641 1581 1762 1632 sensus
1780 1569 1894 1632 nostri
1911 1585 1966 1630 ru-

317 1668 453 1730 aeterna.
471 1665 629 1730 Planctus
641 1666 746 1728 David
762 1681 823 1743 pro
838 1665 983 1742 propriis
994 1679 1113 1740 pecca·
1167 1661 1361 1738 biginantur
1374 1663 1518 1728 terrenis
1529 1663 1652 1740 dedib;
1666 1666 1724 1728 sed
1741 1666 1878 1743 oporiet
1892 1666 1966 1728 illos

317 1765 381 1838 iis;
399 1765 474 1841 ipse
494 1765 584 1826 enim
605 1763 697 1826 flevit
719 1763 919 1830 adiutorium
936 1781 943 1822 ε
960 1762 1112 1838 planetus
1168 1760 1323 1824 innovari
1349 1760 1392 1824 ad
1421 1761 1537 1824 limam
1551 1761 1681 1826 timoris
1700 1763 1850 1838 Domini,
1873 1765 1909 1826 et
1928 1765 1965 1825 ad

316 1861 451 1926 Nathan
486 1861 657 1939 prophetae
692 1877 751 1938 pro
782 1859 903 1922 alienis
927 1879 935 1919 a
960 1859 1112 1935 planetus
1168 1857 1336 1920 fornacem
1351 1858 1476 1922 amoris
1497 1859 1641 1934 Domini,
1657 1861 1695 1924 ut
1714 1861 1761 1924 ita
1784 1862 1967 1925 renovetur

316 1959 408 2030 Levi,
425 1959 480 2037 qui
497 1959 737 2035 interpretatur
756 1959 956 2033 assumptus,
978 1955 1112 2031 signiti-
1167 1954 1278 2030 imago
1312 1955 1372 2016 Dei
1406 1971 1467 2032 per
1492 1958 1664 2033 peccatum
1692 1957 1899 2020 deformata.
1924 1962 1967 2020 lia
2051 1963 2052 1970 ’

317 2057 371 2118 cat
383 2055 470 2129 illos,
484 2056 540 2134 qui
551 2057 591 2118 ad
603 2055 914 2132 contemplationem
927 2053 1112 2116 coelestium
1168 2051 1231 2114 hac
1256 2049 1363 2114 forma
1402 2051 1545 2115 habetur
1561 2051 1603 2130 lin
1623 2054 1826 2132 Apocalypsi
1857 2054 1926 2134 (ii,
1949 2058 1967 2116 9

317 2155 478 2231 assumpti
485 2153 843 2231 planguntdilationem
854 2151 971 2228 patriae
982 2173 989 2212 ι
1002 2151 1114 2228 planc-
1167 2149 1201 2210 et
1212 2147 1265 2227 10)
1283 2171 1290 2209 ε
1307 2165 1325 2208 e
1342 2149 1661 2226 Siquisadoraverit
1675 2151 1968 2222 bestiam,etima·
2051 2189 2052 2242 4

199 2251 205 2258 ’
316 2256 370 2316 ins
384 2253 505 2326 semei,
521 2251 578 2329 qui
596 2251 834 2328 interpretatur
847 2249 985 2322 auditio,
1002 2249 1111 2325 signi·
1167 2247 1278 2321 ginem
1304 2249 1389 2324 ejus,
1413 2248 1446 2312 et
1477 2248 1645 2324 acceperit
1674 2249 1912 2316 characterem
1935 2253 1968 2312 in
2051 2267 2052 2284 ¹

317 2351 395 2413 boat
406 2350 497 2422 illos,
513 2349 569 2426 qui
584 2349 726 2410 audiunt
737 2364 853 2410 rocem
870 2347 963 2409 illam
980 2351 1113 2414 :Adam
1167 2343 1287 2414 fronte,
1304 2343 1357 2404 vel
1372 2344 1408 2405 in
1416 2359 1518 2406 manu
1526 2361 1588 2406 sua
1601 2368 1609 2406 :
1623 2345 1720 2408 ethic
1731 2345 1829 2410 bibet
1838 2347 1884 2410 de
1893 2349 1968 2410 vino
2051 2335 2052 2392 ἶ

314 2452 373 2510 ubi
393 2450 459 2510 esi
486 2446 582 2525 (Gen.
604 2448 635 2519 3,
651 2444 685 2525 9)
701 2449 735 2508 et
762 2445 838 2507 ideo
863 2446 1026 2522 plangunt
1050 2460 1112 2522 pro
1167 2441 1227 2502 irae
1242 2441 1388 2514 Domini,
1404 2442 1491 2518 quod
1503 2441 1637 2505 mistum
1657 2445 1708 2505 est
1722 2445 1757 2504 in
1776 2445 1891 2534 calice
1913 2447 1969 2508 ira

317 2545 465 2607 incolatu
480 2545 624 2605 miseriae
638 2543 824 2620 praesentis.
1167 2538 1284 2615 ipsius,
1294 2541 1328 2602 et
1340 2539 1547 2602 cruciabitur
1556 2539 1590 2607 in
1604 2539 1694 2616 igne,
1716 2534 1970 2620 ataulphum.»

356 2640 521 2702 Debemus
543 2640 747 2702 constituere
769 2643 1060 2704 diemsolemnem
1074 2641 1111 2702 in
1167 2635 1203 2698 Si
1215 2637 1290 2713 quis
1304 2637 1473 2714 acceperit
1485 2637 1714 2702 characterem
1725 2638 1862 2712 bestias,
1885 2642 1969 2718 qnod

314 2741 508 2812 condensis,
535 2739 572 2800 ut
595 2739 630 2798 in
655 2738 753 2800 tertio
773 2739 900 2814 Regum
915 2736 960 2816 (8,
976 2737 1016 2800 62
1029 2739 1063 2800 et
1076 2734 1110 2815 5)
1166 2736 1216 2796 est
1229 2732 1431 2798 conformari
1446 2733 1526 2798 huic
1544 2737 1679 2808 saeculo,
1699 2739 1738 2798 bt
1750 2739 1893 2812 nante,
1911 2739 1970 2801 hoc

316 2834 458 2898 hahetur
470 2857 478 2896 ι
492 2853 511 2896 ‹
527 2835 673 2913 Populus
693 2834 887 2898 immolabat
902 2833 1075 2909 victimas;
1091 2851 1111 2896 a
1166 2833 1217 2894 est
1231 2831 1267 2892 in
1279 2831 1495 2905 rationacut
1510 2836 1546 2894 in
1559 2848 1678 2906 marne
1693 2833 1782 2898 idest
1797 2837 1835 2898 in
1848 2851 1969 2914 opera:

315 2935 350 2994 et
362 2932 504 2995 ibidem:
522 2931 743 2995 immolabant
753 2947 845 3004 ove,
867 2934 900 2995 et
912 2931 1013 2994 hoves
1032 2929 1112 2998 aba
1166 2929 1220 2992 bio
1232 2927 1323 2992 bibet
1335 2927 1375 2992 tie
1390 2929 1539 2992 vinoirae
1554 2931 1697 2993 Domini.

314 3047 378 3107 qne
396 3031 627 3104 aestimatione,
645 3033 678 3091 et
690 3045 840 3092 numere.
852 3029 906 3092 Sic
917 3030 951 3092 et
959 3043 1020 3092 nos
1029 3028 1111 3093 sim·
1205 3027 1252 3088 he
1272 3025 1336 3089 hac
1361 3029 1421 3090 nic
1442 3027 1654 3092 immaculata
1677 3029 1824 3092 habetur
1836 3032 1923 3094 alihi
1938 3035 1971 3095 in

316 3129 508 3205 plicitatem,
522 3129 556 3190 et
568 3127 655 3189 hona
681 3142 784 3204 opera
807 3126 964 3189 dommus
991 3126 1111 3190 immo·
1166 3123 1308 3186 Psalmis
1321 3123 1386 3202 (17,
1401 3126 1442 3186 33
1456 3125 1490 3186 et
1498 3124 1571 3205 ab:
1586 3111 1677 3199 «hus
1687 3129 1973 3204 posuitimmacu·

314 3225 386 3286 lare
402 3221 847 3300 sinenumero3quodfacit.
862 3223 918 3300 qui
932 3223 1111 3288 mortificat
1165 3221 1266 3286 latam
1294 3222 1384 3286 mam
1406 3235 1530 3296 maam;
1546 3240 1565 3283 a
1580 3225 1613 3286 et
1633 3225 1779 3302 qualiter
1801 3231 1971 3304 posuerit,

313 3333 449 3379 carnem
462 3333 556 3378 suam
568 3333 642 3378 oum
658 3317 759 3389 vitiis,
771 3319 804 3379 et
816 3317 1107 3393 concupiscentiis.
1165 3317 1337 3395 subjungit
1352 3339 1360 3384 r
1375 3321 1439 3386 oua
1461 3321 1609 3395 perfecit
1632 3325 1740 3396 pedes
1762 3339 1865 3387 meos
1893 3329 1973 3389 fan-

312 3415 418 3477 Aliler
440 3414 564 3477 refutat
577 3414 737 3476 Dominus
752 3415 1001 3489 solemnitates3
1023 3415 1109 3478 unde
1164 3429 1488 3489 enumeraveram,
1519 3417 1605 3480 idest
1629 3418 1711 3482 feeit
1736 3436 1790 3482 me
1819 3424 1972 3486 hannis

313 3516 414 3574 Amos
427 3509 470 3597 (5,
483 3513 534 3584 21,
550 3513 589 3574 24
600 3513 633 3573 et
645 3509 700 3590 aa)
716 3527 755 3572 :e
771 3511 844 3586 Odi,
859 3513 893 3572 et
903 3511 1029 3589 projeci
1042 3510 1110 3572 fes-
1165 3513 1290 3589 spinas,
1305 3513 1339 3575 et
1350 3513 1457 3578 lutum
1469 3513 1626 3580 uitiorum
1639 3537 1647 3578 a
1658 3517 1693 3578 ei·
1703 3533 1816 3592 snper
1829 3527 1974 3584 amacha

312 3609 460 3671 tivitatcs
487 3611 628 3681 vestras,
662 3611 695 3672 et
720 3625 787 3674 non
815 3609 944 3685 capiam
973 3609 1109 3673 odorem
1163 3611 1288 3672 stetisti
1301 3624 1369 3680 me,
1386 3611 1472 3674 idest
1485 3613 1521 3674 in
1536 3613 1717 3678 eminentia
1735 3615 1921 3690 virtutum,
1942 3623 1974 3681 et

312 3707 456 3768 coetuum
471 3708 668 3770 vastrorum.
681 3705 897 3770 Reveiahitur
911 3707 1006 3783 quasi
1021 3721 1109 3782 aqua
1164 3707 1253 3770 ritae.
1271 3709 1365 3772 Unde
1378 3708 1414 3770 in
1428 3709 1534 3785 primo
1550 3712 1678 3786 Regum
1690 3709 1755 3790 (10,
1768 3713 1804 3791 2)
1816 3713 1974 3792 loquitur

308 3803 485 3880 judicium,
514 3804 547 3864 et
561 3803 694 3880 justitia
717 3803 812 3880 quasi
840 3805 972 3872 torrens
999 3803 1106 3866 fortis.
1165 3805 1298 3868 Samuel
1316 3805 1358 3866 ad
1382 3806 1481 3879 Saul,
1507 3806 1623 3868 dicens
1640 3811 1856 3874 :siuvenies
1889 3813 1974 3874 duos

312 3900 476 3962 Portastis
490 3899 742 3966 tabernaculum
757 3899 889 3963 Molocb
904 3903 974 3962 Deo
984 3901 1108 3975 vestro,
1163 3902 1254 3964 viros
1270 3901 1309 3964 ad
1326 3903 1540 3980 sepulchrum
1555 3905 1682 3970 Rachel
1693 3907 1729 3968 in
1740 3907 1874 3971 linibus
1890 3913 1975 3972 Ben-

311 3999 346 4062 et
359 3997 539 4074 imaginem
555 3997 722 4058 idolorum
732 3999 930 4070 vestrorum,
944 3997 1037 4060 sidus
1048 3997 1108 4063 Dei
1159 4000 1267 4076 jamin
1297 3999 1333 4064 in
1368 4001 1517 4074 meridie,
1553 4003 1711 4068 salientes
1737 4019 1887 4082 magnas
1917 4008 1973 4070 fo-

311 4094 426 4166 restri,
444 4109 517 4171 quae
531 4093 660 4158 fecistis
671 4094 809 4160 vohis.»
1162 4113 1242 4160 reas
1253 4096 1314 4176 (2).
1331 4098 1389 4160 Isti
1409 4098 1476 4160 duo
1489 4100 1555 4162 riri
1570 4103 1647 4164 sunt
1661 4102 1917 4180 mihispiritus,
1942 4113 1973 4172 et

1162 4209 1253 4258 caro.
1282 4196 1407 4260 Recital
1436 4197 1674 4275 interpretatur
1697 4199 1810 4262 risum
1837 4205 1975 4280 princi-

560 4253 700 4314 SERMO
727 4253 863 4314 CCXIX·
1162 4293 1270 4370 pium;
1286 4293 1511 4372 quiaspiritns
1527 4296 1559 4358 et
1569 4308 1648 4358 caro
1663 4297 1810 4359 uiriliter
1824 4305 1973 4377 agentes

312 4391 438 4462 Qualiter
465 4393 597 4451 renovari
623 4391 762 4454 deminus
788 4392 817 4458 iu
838 4393 965 4453 norimte
989 4407 1106 4466 senem
1162 4389 1282 4452 dehent
1297 4389 1449 4452 hahitare
1465 4392 1575 4463 juacta
1594 4398 1791 4466 sepulerum
1818 4400 1972 4472 Mena,

347 4481 469 4554 qtaaiiaer
488 4481 626 4540 debemus
645 4482 831 4554 impervias
852 4481 1060 4554 immaculatas,
1079 4490 1108 4541 et
1162 4487 1249 4549 idest
1284 4485 1470 4566 praevidere
1501 4487 1703 4567 principium
1734 4495 1975 4569 suggestionis

347 4569 509 4646 transgredi
523 4569 822 4644 roveaspesasaorum.
1066 4618 1069 4624 ·
1162 4583 1297 4656 asason,
1332 4601 1375 4646 na
1404 4587 1534 4649 uocat.
1565 4589 1754 4660 Itineribus
1774 4594 1975 4666 semema

311 4715 413 4778 neate
428 4715 640 4778 immaculata
654 4717 692 4776 aa
707 4717 777 4786 aaa,
800 4719 858 4789 aare
881 4715 1107 4776 amputante
1163 4680 1258 4762 (cen.
1273 4665 1324 4754 ³5⁹
1348 4681 1413 4762 18)·
1427 4683 1604 4762 ¹³0¹¹j³ffl¹¹²
1619 4685 1864 4763 interpretatur
1877 4694 1975 4764 noes

451 4817 524 4890 3393
538 4813 687 4875 pompm,
711 4810 816 4890 (pm
832 4811 901 4884 113,
916 4810 961 4890 1.)
1162 4781 1328 4851 dexterae,
1342 4782 1376 4842 et
1390 4780 1557 4856 significat
1573 4781 1740 4844 Christum
1755 4787 1974 4851 residentem

1163 4875 1204 4937 ad
1235 4875 1406 4938 dexteram
1432 4877 1554 4939 Patris.
1588 4881 1763 4957 Beniamin
1791 4882 1977 4960 significat

351 4975 398 5040 Do
413 4970 477 5034 huo
491 4969 928 5039 vieimmaculatahaheiur
943 4970 978 5033 in
992 4970 1108 5034 catha
1163 4973 1342 5046 christum,
1369 4977 1465 5051 cujus
1492 4973 1576 5036 hnes
1599 4978 1688 5052 sunt,
1723 4975 1910 5056 ingressus
1939 4985 1976 5046 in

311 5069 377 5133 lica
391 5069 507 5133 iacobi
524 5067 568 5148 (1,
582 5067 636 5147 27)
651 5084 690 5130 :s
706 5068 837 5145 Religio
853 5067 992 5143 munda,
1009 5069 1108 5131 etim·
1162 5070 1251 5132 hunc
1274 5059 1443 5142 mundum,
1470 5071 1599 5133 scilicet
1623 5071 1760 5135 humilis
1787 5079 1973 5152 nativitas,

312 5165 477 5228 maculata
497 5166 585 5242 apud
612 5168 727 5238 Deum,
750 5168 783 5227 et
798 5167 931 5228 Patrem
946 5165 1019 5228 baec
1034 5168 1105 5228 est:
1163 5168 1196 5228 et
1211 5181 1366 5244 agressus
1378 5166 1420 5228 ah
1436 5167 1500 5229 hac
1514 5168 1595 5239 vita,
1612 5169 1744 5232 scilicet
1755 5173 1873 5248 passio
1892 5193 1977 5254 gra-

311 5261 458 5322 vieitare
473 5263 628 5338 pupillos,
652 5265 686 5324 et
706 5261 825 5326 viduas
842 5263 876 5327 in
891 5261 1107 5329 nudatione
1162 5264 1225 5326 vis.
1250 5263 1311 5326 His
1335 5263 1456 5326 finibus
1478 5265 1625 5332 transire
1642 5269 1832 5344 poterimus
1849 5273 1975 5336 foreas

347 5429 376 5501 (1
405 5429 430 5486 li
446 5426 603 5494 Parai.,3b,
619 5428 700 5486 iisd
715 5429 760 5486 15.
1162 5429 1325 5500 invulgata
1339 5427 1972 5507 desiderentur.Versiogroeoahlilihebst,

346 5499 376 5572 (1
403 5498 538 5580 Solinates
557 5511 640 5582 aaa·
686 5501 790 5567 seneca
813 5499 860 5558 Sic
874 5499 945 5572 legit
959 5499 987 5556 S.
1001 5499 1106 5627 Grergbo
1161 5500 1293 5558 solianm
1306 5500 1464 5570 promer.
1533 5575 1536 5582 ι

305 5566 588 5644 lituhsgnus,lrb.l
617 5569 1054 5644 ,inluegmtqusetamenve
1089 5583 1106 5627 a
