4152 6388
180 175 245 236 329

181 331 277 396 nisse
292 335 351 396 aut
369 332 494 396 vidisse
507 334 688 407 affirmant,
708 347 743 396 se
758 336 975 412 ingurgitant,

180 430 612 492 etalunturimmundorum
619 447 710 493 more
723 427 930 506 animalium,
941 431 977 495 in

182 527 402 590 conscientiis
412 527 482 588 suis
495 527 734 590 immundiores
743 531 776 590 et
783 529 976 590 rabidorum

479 156 481 164 '
537 175 646 250 raus
666 177 829 242 suarm.
846 209 885 224 -
899 179 1182 244 connumeras
1209 180 1474 243 mouusrmm.

1279 355 1481 418 COLLATIO
1502 355 1572 416 XX.

1132 491 1214 556 Quoe
1226 493 1311 550 borio
1326 488 1532 563 proveniant
1548 489 1668 550 Ordine·
1682 467 1734 548 cco
1824 559 1826 566 Ι

1183 587 1392 656 stubjcctzouc
1406 589 1451 646 od
1465 586 1673 648 Ecclesioml
1768 643 1770 646 .

181 640 277 687 mora
299 640 418 686 canum
432 627 618 700 queruntur
630 625 670 686 de
685 626 862 702 disciplina
876 642 978 702 regu·
1010 643 1014 652 ’

180 722 260 796 lari,
273 722 313 782 de
327 722 534 784 correctione
550 723 735 798 religionis,
761 723 802 783 de
824 723 896 799 ipso
916 726 979 784 Or·
1071 725 1179 786 Mater
1199 725 1345 786 omnium
1366 726 1594 798 ecclesiarum,
1621 725 1753 796 fratres,
1776 725 1826 786 est

181 818 261 880 dine
276 819 309 882 et
329 818 489 895 praelatis,
505 820 665 880 adversus
681 834 737 880 eos
760 818 932 888 latrantes,
946 819 979 880 et
1008 837 1009 842 ¹
1032 822 1193 892 Romana,
1220 822 1254 882 et
1273 821 1406 882 domina
1438 821 1585 882 omniurn
1611 822 1662 882 est
1687 821 1827 896 religio-

180 917 342 994 quantum
354 916 493 992 possunt
506 915 706 978 mordentes.
724 917 977 977 Detraheniium
1032 915 1262 988 numvadam,
1274 916 1723 978 etrecommendabofratres
1734 931 1825 978 meos

181 1013 273 1073 enim
300 1028 367 1074 vox
388 1012 460 1072 baec
486 1013 569 1074 est:
597 1012 680 1074 Vitae
707 1012 790 1073 mibi
817 1013 977 1090 perfectio
1032 1014 1155 1075 sanctae
1171 1013 1340 1086 Ecclesiae,
1356 1015 1451 1088 cujus
1467 1014 1623 1089 potentiae
1638 1013 1734 1089 virga
1747 1029 1825 1088 per·

181 1107 289 1182 deest,
306 1108 518 1172 scientiaevel
533 1108 714 1184 peculiaris
731 1109 849 1184 gratiae
865 1108 977 1172 facul·
1033 1109 1197 1170 uellantur
1220 1110 1388 1181 malevoli,
1411 1112 1446 1170 et
1469 1110 1531 1170 filii
1555 1110 1614 1170 Dei
1635 1111 1671 1170 in
1690 1115 1825 1172 aeternae

179 1207 234 1268 tas
247 1221 314 1268 non
331 1204 486 1282 suppetit,
501 1218 540 1266 ac
555 1220 614 1281 per
626 1204 689 1266 boc
702 1220 763 1266 nec
776 1207 862 1282 apud
874 1209 977 1267 Deum
1031 1205 1150 1269 salutis
1170 1207 1383 1282 augmentum
1393 1206 1528 1283 ¹ubique
1543 1207 1642 1283 plena
1659 1206 1826 1280 gaudeant

181 1301 294 1364 locum
320 1302 478 1374 invenio,
509 1318 569 1363 nec
591 1303 678 1378 apud
706 1303 869 1364 homines.
901 1304 977 1364 Scio
1031 1302 1194 1366 libertate.
1219 1305 1473 1379 Recognosoant
1494 1319 1537 1365 ex
1551 1303 1615 1364 boc
1637 1303 1699 1363 tilii
1713 1302 1825 1364 dulcia

181 1400 263 1477 quid
278 1398 398 1460 faciam
414 1415 421 1458 :
436 1401 561 1460 Ponam
577 1399 930 1465 maculamineleciis.
945 1402 978 1462 et
1031 1399 1193 1462 beneficia
1206 1400 1333 1472 matris,
1350 1401 1384 1462 at
1397 1401 1535 1476 speciali
1550 1401 1727 1462 devotione
1737 1416 1827 1462 sem·

182 1496 272 1573 apud
295 1499 444 1572 majores
474 1496 616 1570 gratiam
642 1496 869 1572 promerebor.
901 1499 977 1558 Scio
1031 1511 1092 1572 per
1111 1497 1217 1573 ipsius
1237 1499 1422 1560 reverenda
1442 1497 1583 1572 vestigia
1600 1497 1827 1573 complectan-

180 1593 358 1670 praelatum
377 1607 487 1654 meum
507 1592 674 1653 hominem
694 1609 778 1664 esse,
795 1594 977 1670 eodemque
1031 1595 1095 1654 tur.
1121 1595 1196 1656 Non
1215 1595 1290 1668 erit,
1315 1594 1391 1678 ipsp
1412 1595 1616 1671 protegente,
1646 1595 1680 1655 in
1703 1595 1823 1656 ordine

182 1707 315 1751 mecum
337 1690 533 1766 quandoque
550 1689 598 1750 uti
614 1689 735 1760 officio,
753 1705 816 1767 quo
837 1691 976 1758 succisis
1031 1689 1139 1750 malus
1160 1706 1331 1762 occursus,
1355 1707 1416 1754 nec
1438 1691 1527 1754 tilius
1552 1691 1658 1756 Belial
1681 1706 1740 1769 per
1768 1692 1824 1752 vi-

180 1787 306 1858 cedris,
337 1786 430 1847 solus
457 1786 611 1848 videatur
634 1801 748 1849 ramus
769 1787 805 1847 in
824 1788 891 1848 via.
917 1787 976 1848 Eia
1031 1801 1129 1848 neam
1148 1787 1280 1849 Domini
1299 1788 1456 1850 transibit
1484 1788 1630 1865 impunis
1642 1787 1702 1866 (2).
1735 1791 1826 1849 Pau-

179 1883 468 1956 miserimiseris
490 1883 844 1960 corporibusvescere,
855 1886 888 1944 et
898 1885 975 1960 quia
1031 1885 1169 1958 pertatis
1185 1885 1307 1946 nostrae
1322 1885 1395 1960 ipsa
1415 1887 1530 1946 sancta
1551 1885 1700 1946 Ecclesia
1716 1901 1824 1946 aemu-

177 1982 296 2043 vivere
323 1980 423 2042 aliter
442 1995 510 2042 non
543 1981 651 2056 potes,
682 1979 823 2042 fratrum
845 1981 976 2042 viscera
1031 1979 1155 2043 labitur
1168 1980 1361 2056 gloriamsi
1373 1981 1571 2043 humilitatis
1586 1983 1751 2057 praeconia
1767 1997 1826 2058 per

179 2077 332 2140 corrode·
364 2077 462 2138 Tales
487 2077 566 2138 boni
592 2077 726 2139 student
749 2077 873 2149 videri,
908 2094 976 2139 non
1031 2077 1186 2153 superbia
1209 2077 1361 2138 nubilum
1384 2077 1542 2140 offuscari
1563 2093 1629 2139 non
1645 2079 1742 2140 sinet.
1760 2081 1825 2140 Ga·

179 2174 267 2246 fieri,
282 2173 477 2236 accusantes
491 2174 583 2245 vitia,
595 2189 657 2234 nec
667 2175 749 2236 vitia
760 2173 973 2250 deponentes,

179 2271 272 2333 solos
287 2286 345 2332 eos
360 2270 508 2341 laudant,
526 2286 666 2347 quorum
676 2271 815 2348 cupiunt
828 2272 976 2333 auctori-

178 2369 248 2432 tate
262 2367 379 2439 foveri,
395 2367 533 2434 silentes
548 2366 744 2439 alaudibus,
757 2383 840 2444 quas
850 2368 891 2428 ad
906 2368 976 2429 lau-

179 2465 294 2526 datum
307 2481 373 2525 non
389 2465 556 2526 aestimant
576 2463 750 2540 reportari.
775 2467 904 2540 Jejunae
919 2464 934 2525 f
955 2497 974 2510 -

178 2562 244 2624 cici
256 2561 417 2639 pallorem
432 2561 630 2638 perniciosis
646 2561 798 2623 laudibus
813 2562 971 2634 vendunt,

178 2660 217 2721 ut
232 2659 424 2736 spirituales
433 2658 623 2730 videantur,
639 2659 695 2734 qui
711 2658 893 2736 dijudicent
904 2675 971 2720 om·

177 2757 247 2828 nia,
264 2757 298 2818 et
318 2756 381 2832 ipsi
398 2771 418 2820 a
439 2756 571 2816 nemine
589 2755 793 2833 judicentur.
819 2757 971 2820 Gaudent

178 2853 367 2915 sanctitatis
392 2853 560 2929 opinione,
586 2868 653 2914 non
680 2867 794 2930 opere;
818 2854 969 2930 angelico

177 2951 324 3024 nomine,
341 2965 408 3011 non
422 2949 556 3012 virtute.

1030 2174 1140 2236 sitatis
1160 2176 1193 2236 et
1217 2176 1310 2251 pacis
1331 2175 1465 2236 vincula
1489 2177 1525 2236 in
1552 2175 1646 2236 nobis
1678 2176 1825 2238 servabit

1030 2271 1148 2344 illaesa,
1164 2287 1307 2332 censura
1319 2273 1530 2333 strictissima
1551 2273 1740 2348 percutiens
1760 2273 1825 2333 dis-
1931 2351 1940 2364 ,

1030 2368 1187 2430 sidentes.
1208 2369 1418 2443 Evangelicea
1440 2369 1595 2445 puritatis
1608 2369 1823 2431 observantia

1030 2481 1128 2526 sacra
1152 2465 1308 2526 continue
1335 2469 1407 2541 ejus
1433 2469 1568 2542 aspectu
1593 2466 1736 2540 florebit,
1760 2483 1821 2526 nee

1030 2562 1164 2624 odorem
1178 2563 1256 2624 vitae
1267 2563 1320 2624 vel
1337 2562 1376 2626 ad
1393 2563 1510 2624 horam
1525 2563 1613 2624 elabi
1628 2565 1783 2641 patietur.

1267 2795 1470 2856 GOLLATIO
1492 2797 1580 2856 XXI.

1056 2930 1106 2987 De
1122 2927 1399 2989 tribulationibus
1408 2931 1598 3004 religionis,
1614 2928 1647 2988 et
1663 2931 1805 3006 Iteqrdoe

1313 3025 1537 3086 sectatorum.

421 3183 623 3244 GOLLATIO
644 3184 730 3242 xlx.

228 3318 323 3384 Quod
335 3315 468 3389 moires
482 3326 551 3376 mou
565 3315 733 3378 vocentur
746 3315 919 3389 magistri.

1027 3261 1189 3338 exemplis
1202 3261 1364 3322 malornm
1379 3261 1520 3323 fratrum
1533 3262 1605 3323 haec
1620 3263 1687 3323 Deo
1696 3261 1821 3323 dilecta

1026 3357 1823 3436 religiodiffamabttur,itautpudeatexireiupu·

217 3455 268 3516 Ne
292 3454 467 3531 appetatis,
494 3453 626 3526 fratres,
660 3455 773 3515 vocari
806 3454 968 3530 magistri,
1026 3454 1820 3532 blicum.Quiverotunotemporisadsuscipien·

177 3551 322 3613 scientes
343 3567 463 3612 nomen
487 3548 670 3625 magisterii
686 3551 748 3612 soli
759 3551 823 3626 ipsi
839 3551 970 3612 Christo
1026 3550 1264 3613 dumbabitum
1280 3552 1412 3613 Ordinis
1432 3554 1598 3625 venerint,
1619 3553 1690 3614 sola
1713 3553 1821 3614 sancti

176 3649 368 3717 convenire,
378 3663 437 3726 per
447 3664 543 3725 quem
553 3648 664 3709 omnia
676 3647 848 3709 factasunt
856 3664 967 3725 opera.
982 3635 987 3643 ’
1027 3649 1170 3725 Spiritus
1186 3649 1380 3726 operatione
1396 3649 1569 3721 ducentur,
1591 3651 1624 3712 et
1643 3650 1768 3710 nullam
1784 3651 1819 3710 in

175 3749 244 3823 Ego
259 3746 379 3808 vellem
392 3745 534 3806 libenter
547 3745 633 3806 scire
648 3743 759 3806 facere
774 3745 897 3817 omnia,
912 3746 970 3806 sed
1026 3747 1074 3807 eis
1107 3746 1272 3808 maculam
1300 3761 1379 3807 caro
1410 3747 1572 3822 impinget
1604 3747 1638 3808 et
1669 3747 1817 3822 sanguis,

176 3844 300 3905 nollem
313 3859 386 3904 esse
403 3843 572 3919 magister,
592 3858 654 3903 nec
669 3842 821 3918 magistri
835 3842 970 3904 nomine
1025 3846 1189 3922 eruntque
1202 3859 1281 3907 vere
1294 3861 1313 3905 a
1329 3844 1468 3905 Domino
1487 3844 1663 3907 benedicti.
1687 3847 1727 3906 Et
1741 3845 1820 3908 licet

175 3941 347 4018 insigniri,
364 3957 406 4001 ne
420 3956 462 4000 ex
477 3940 537 4001 tali
552 3941 685 4000 nomine
701 3941 816 4000 contra
832 3938 969 4000 verbum
1026 3941 1060 4002 in
1076 3942 1124 4002 eis
1137 3941 1262 4003 fuerint
1275 3941 1486 4017 operationes
1499 3943 1819 4013 meritoriae‚'tamen

176 4038 352 4100 christiin
367 4037 548 4113 Evangelio
564 4036 770 4114 prohibentis
792 4036 904 4098 facere
918 4037 971 4099 vi·
1025 4037 1224 4115 frigescente
1236 4039 1409 4110 charitate,
1421 4055 1495 4115 quae
1507 4037 1586 4100 facit
1600 4041 1732 4100 sanctos
1744 4055 1819 4116 ope·

174 4135 282 4197 derer.
312 4135 395 4207 Quia
419 4135 538 4195 melius
559 4136 609 4195 est
634 4149 707 4195 esse
720 4133 879 4194 humilem
895 4149 968 4196 cum
1024 4136 1095 4197 rari
1108 4134 1286 4208 ferventer,
1310 4135 1460 4198 venturae
1477 4140 1556 4197 sunt
1573 4136 1641 4196 illis
1660 4136 1820 4198 tentatio-

174 4232 379 4310 paupercula
390 4246 452 4292 sua
468 4232 621 4306 scientia,
634 4231 788 4309 quam-si
800 4232 886 4293 esset
898 4245 970 4308 pos·
1024 4249 1083 4293 nes
1098 4233 1269 4293 immensae
1284 4248 1292 4292 :
1307 4232 1406 4310 etqui
1419 4233 1612 4310 intempore
1626 4233 1684 4295 illo
1696 4233 1819 4298 fuerint

174 4329 283 4402 sibile,
300 4333 386 4391 seire
400 4328 511 4390 facere
533 4329 644 4390 omnia
665 4328 711 4408 (i)
728 4328 908 4400 mirabilia,
936 4329 969 4390 et
1023 4329 1151 4392 inventi
1164 4329 1305 4407 probati,
1323 4330 1420 4391 erunt
1435 4329 1504 4390 suis
1516 4331 1817 4409 praedecessoribus

173 4427 355 4504 magnalia,
391 4427 423 4487 et
454 4441 656 4504 praesumere
685 4429 800 4488 contra
829 4426 967 4502 gloriosi
1023 4429 1188 4489 meliores.
1213 4429 1269 4488 Vae
1287 4428 1342 4504 qui
1363 4428 1403 4488 de
1426 4429 1497 4489 sola
1524 4429 1634 4504 specie
1656 4430 1689 4490 et
1709 4443 1816 4506 appa-

172 4525 325 4600 magisiri
343 4523 483 4584 humilia
502 4523 708 4585 documenta.
736 4524 820 4584 Nam
847 4539 967 4584 nomen
1022 4525 1130 4587 sentia
1153 4525 1417 4586 conversationis
1440 4525 1606 4600 religiosae
1629 4525 1692 4585 sibi
1718 4525 1816 4601 plau-

172 4623 359 4698 magisterii
389 4620 514 4682 nemini
546 4621 701 4682 convenit
733 4621 798 4680 nisi
828 4621 967 4682 Domino
1022 4622 1148 4696 denteS,
1174 4623 1206 4684 et
1231 4622 1341 4682 insua
1361 4622 1816 4697 sapientiaetscientiacon-

171 4721 252 4783 Jesu
267 4719 409 4793 Christo,
424 4721 519 4795 cujus
539 4715 686 4794 perfecta
705 4719 782 4778 sunt
806 4733 917 4794 opera,
935 4719 968 4778 et
1022 4717 1171 4792 fidentes,
1186 4719 1312 4780 inventi
1330 4717 1453 4778 fuerint
1474 4717 1584 4784 otiosi,
1611 4718 1644 4777 id
1659 4720 1720 4789 est,
1747 4729 1814 4780 non

171 4817 344 4878 mandavit
361 4815 396 4877 ut
415 4815 528 4877 nullus
548 4830 648 4891 super
669 4816 792 4875 terram
808 4815 967 4890 magister
1022 4805 1245 4877 exercitantes
1257 4831 1294 4876 se
1308 4815 1342 4874 in
1358 4813 1513 4890 operibus
1529 4814 1699 4887 virtuosis
1731 4817 1813 4878 etin

170 4916 365 4984 vocaretur,
396 4930 457 4974 neo
483 4913 597 4974 vocari
624 4915 858 4989 praesumeret,
889 4914 966 4989 quia
1021 4913 1076 4974 via
1104 4913 1214 4974 crucis
1234 4918 1267 4974 et
1288 4911 1510 4989 poenitentiae,
1529 4913 1564 4972 in
1588 4929 1671 4988 pura
1698 4913 1815 4976 obser-

172 5029 260 5074 unus
273 5012 363 5073 solus
379 5012 411 5072 et
425 5025 523 5071 verus
537 5009 661 5087 absque
676 5008 806 5070 defectu
825 5010 966 5072 incaelis
1020 5011 1134 5072 vantia
1154 5009 1337 5086 Evangelii,
1367 5009 1452 5086 quod
1468 5023 1509 5068 ex
1527 5009 1734 5086 professione
1757 5015 1813 5073 te-

171 5111 223 5172 est
241 5109 403 5185 Magister
423 5107 616 5169 benedictus
639 5107 809 5178 Christus,
836 5107 892 5185 qui
916 5110 966 5168 est
1021 5108 1132 5169 tentur
1157 5123 1239 5184 pure
1263 5109 1296 5167 et
1318 5105 1515 5183 simpliciter
1538 5106 1728 5169 observare.
1753 5110 1811 5173 Isti

170 5212 259 5270 Deus
274 5207 384 5278 home,
400 5205 522 5280 etviia,
538 5205 690 5266 conditor
705 5205 832 5278 mundi,
847 5204 965 5266 lauda-
1010 5203 1108 5265 'enim
1127 5220 1194 5265 non
1214 5205 1372 5266 resistent
1404 5205 1595 5266 constanter
1619 5206 1811 5268 tentationi-

169 5303 309 5379 bilis,·‘et
323 5303 488 5380 gloriosus
504 5302 539 5364 in
555 5303 689 5398 saecula.
709 5307 822 5364 Arnen.
1019 5301 1091 5374 bna,
1108 5318 1181 5379 quae
1198 5301 1238 5362 ad
1259 5299 1487 5379 probationem
1503 5302 1682 5364 electorum
1703 5319 1722 5364 a
1744 5303 1811 5364 Deo

207 5486 252 5560 (l)-
270 5486 360 5558 blau,
377 5488 512 5555 xu111,l0.
1055 5485 1096 5559 (2)
1116 5485 1228 5546 Nabum
1242 5502 1260 5556 1,
1279 5487 1320 5543 lt.

1067 3164 1187 3226 Veniet
1210 3165 1351 3242 tempus,
1376 3163 1496 3226 fratres
1522 3165 1598 3237 mei,
1629 3181 1703 3226 cnm
1724 3163 1821 3225 malis
1925 3153 1927 3160 ’
