4152 6388
321 355 381 430 183
759 354 814 413 ΑΙ)
834 353 972 416 OPERA
993 354 1027 414 S.
1051 355 1273 418 FRANCISCI
1294 357 1522 420 ASSISIATIS
1910 356 1974 418 lar

319 515 453 592 quidam
475 515 556 577 Aeto
578 513 721 586 nomine,
739 512 779 574 da
793 513 913 575 Sancto
939 513 1110 586 Severino,
1221 537 1271 596 De
1285 549 1355 596 non
1369 535 1629 597 observantibus
1640 533 1779 610 septum,
1796 534 1830 596 eq
1845 549 1917 596 „on

318 613 408 675 totus
430 612 594 689 leprosus,
618 612 695 672 roto
721 611 855 678 emisso,
880 611 913 672 et
934 611 976 672 ad
1001 609 1114 687 sepul·
1349 632 1597 694 honorantibus
1611 632 1780 694 sanctum,

319 711 436 772 chrum
451 709 558 771 sancti
569 708 711 778 delatus,
728 710 857 770 meritis
869 709 975 785 ipsius
986 724 1006 769 a
1019 708 1113 784 lepra

319 806 498 868 mundatus
521 808 581 868 est.
597 804 722 867 Habuit
733 805 865 882 quidem
897 807 1030 867 sanctus
1051 821 1113 865 su·
1209 809 1246 868 In
1262 807 1419 870 Pictaviae
1435 808 1596 885 partibus,
1617 805 1654 870 lu
1679 809 1761 870 villa
1785 824 1860 885 quae
1877 809 1974 869 Simo

319 919 378 980 pra
393 903 585 980 hujusmodi
610 903 725 964 morbo
752 903 899 965 curando
915 902 1113 980 praecellen-
1169 903 1301 977 dicitur,
1324 905 1479 966 sacerdos
1499 906 1643 982 quidam,
1671 904 1878 982 Reginaldus
1901 921 1975 966 no-

317 1002 385 1062 tem
399 1001 566 1074 virtutem,
594 1017 654 1078 pro
679 1017 718 1062 eo
743 1001 829 1078 quod
844 1000 1063 1062 humanitatis
1083 999 1115 1060 et

318 1098 452 1176 pietatis
467 1114 580 1160 amore
595 1099 801 1175 leprosorum
813 1097 979 1176 obsequiis
994 1097 1115 1158 semet—

319 1197 427 1274 ipsum
438 1196 610 1258 humiliter
625 1195 811 1273 deputarat.

359 1293 489 1354 Nobilis
506 1292 655 1369 quaedam
671 1293 801 1366 mulier,
827 1293 954 1369 Rogata
967 1292 1113 1362 nomine,

319 1391 356 1451 in
371 1391 565 1467 episcopatu
581 1391 709 1452 Sorano
724 1407 784 1468 per
798 1391 916 1466 viginti
926 1392 994 1453 tres
1010 1403 1115 1450 annos

321 1486 415 1547 fluxu
436 1487 610 1560 sanguinis
634 1487 784 1562 fatigata,
799 1486 856 1548 sed
871 1502 891 1548 a
904 1501 1002 1564 quam
1016 1484 1117 1561 pluri·

321 1584 383 1645 bus
402 1584 540 1644 medicis
563 1585 808 1662 quamplurima
828 1583 916 1644 mala
941 1596 1115 1660 perpessa;

321 1696 390 1758 prae
403 1681 573 1744 nimietate
589 1683 720 1760 quidem
731 1681 915 1758 languoris,
926 1680 1047 1756 saepius
1060 1679 1115 1741 ri-

321 1779 461 1841 debatur
476 1781 642 1856 expirare.
662 1779 725 1840 Sed
741 1779 774 1841 at
798 1779 826 1840 si
851 1777 982 1854 quando
1006 1777 1116 1836 liunus

321 1873 511 1953 hujusmodi
540 1876 784 1952 stringebatur,
809 1874 1016 1938 tumescebat
1043 1887 1119 1934 cor-

322 1989 403 2050 pore
430 1975 509 2036 toto.
536 1974 683 2036 Audiens
710 1975 820 2034 autem
843 1971 1018 2049 quemdam
1034 1984 1118 2046 pue-

323 2086 410 2142 rum,
426 2087 565 2134 romano
579 2087 732 2132 sermone
753 2071 926 2131 canentem
942 2067 1116 2138 miracula,

324 2183 397 2244 quae
411 2170 498 2229 Deus
518 2185 577 2246 per
591 2170 626 2229 B.
645 2169 860 2230 Franciscum
881 2166 991 2228 luerat
1004 2179 1120 2241 opera·

1169 1003 1269 1074 mina,
1292 1001 1391 1064 beato
1405 1004 1583 1065 Francisco
1603 1004 1755 1071 devotus,
1771 1002 1895 1064 festum
1912 1003 1974 1079 ip-

1170 1099 1239 1160 sius
1261 1099 1476 1176 parochianis
1495 1101 1565 1160 suis
1579 1101 1749 1162 indixerat
1772 1101 1976 1162 solemniter

1170 1195 1416 1268 celebrandum.
1435 1200 1527 1260 Unus
1542 1199 1654 1260 autem
1669 1199 1710 1260 de
1724 1199 1849 1275 populo
1867 1199 1974 1273 igno-

1170 1309 1249 1354 rans
1264 1295 1370 1355 sancti
1385 1295 1552 1366 virtutem,
1570 1296 1622 1356 sui
1636 1295 1849 1372 parvipendit
1861 1309 1977 1356 sacer·

1171 1390 1257 1452 dotis
1281 1391 1483 1454 mandatum.
1506 1393 1668 1468 Egressus
1692 1393 1803 1454 autem
1826 1392 1976 1453 ferasin

1172 1503 1300 1564 agrum,
1315 1490 1351 1552 ut
1364 1489 1456 1565 ligna
1471 1489 1668 1559 succideret,
1690 1505 1765 1550 cum
1781 1505 1816 1551 se
1832 1505 1976 1566 praepa-

1171 1587 1279 1648 rasset
1304 1586 1345 1646 ad
1368 1602 1462 1664 opus,
1488 1602 1602 1648 vocem
1628 1587 1756 1648 audivit
1778 1586 1977 1663 hujusmodi

1171 1685 1223 1746 ter
1235 1683 1418 1744 dicentem:
1434 1685 1567 1745 Festum
1580 1686 1641 1756 esi,
1659 1683 1792 1761 operari
1801 1699 1868 1745 non
1880 1683 1974 1744 licet

1172 1782 1295 1841 Verum
1311 1796 1385 1841 cum
1399 1796 1460 1842 nec
1471 1781 1614 1858 imperio
1628 1780 1823 1848 sacerdotis,
1839 1795 1906 1841 nec
1921 1797 1977 1840 su-

1173 1891 1285 1953 perna
1313 1877 1405 1939 vocis
1441 1878 1588 1949 oraculo,
1629 1878 1763 1939 servilis
1794 1878 1975 1938 temeritas

1173 1973 1380 2046 lraenaretur,
1409 1975 1535 2036 addidit
1558 1975 1671 2036 divina
1697 1975 1804 2036 virtus
1827 1974 1870 2034 ad
1893 1975 1975 2049 glo-

1173 2072 1257 2132 riam
1280 2072 1386 2134 sancti
1409 2073 1472 2148 sui,
1494 2073 1566 2133 sine
1590 2089 1683 2133 mora
1711 2071 1913 2136 miraculum
1940 2073 1977 2132 et

1174 2167 1352 2244 flagellum.
1366 2171 1447 2231 Mox
1460 2170 1548 2230 enim
1571 2173 1608 2232 ut
1629 2169 1756 2231 furcam
1781 2183 1849 2230 una
1869 2185 1976 2229 manu

322 2265 389 2337 tus,
407 2266 511 2327 nimio
526 2265 825 2337 dolorecommota,
839 2266 907 2326 tota
918 2263 1071 2341 prorupit
1083 2261 1118 2321 in
1169 2268 1240 2343 jam
1264 2268 1391 2339 tenens,
1427 2267 1567 2329 alteram
1591 2283 1666 2328 cum
1695 2266 1804 2328 lerreo
1837 2267 1974 2327 instru-

323 2363 500 2440 lacrymas,
516 2365 630 2441 sicque
645 2365 732 2425 intra
757 2378 793 2424 se
812 2362 875 2422 ilde
893 2375 1045 2430 accensa,
1062 2359 1119 2418 di-

324 2475 400 2522 cere
415 2461 538 2538 coepit:
563 2465 588 2522 0
615 2462 712 2523 beate
735 2463 832 2539 pater
854 2459 1046 2524 Franclsoe,
1062 2455 1119 2533 qui

323 2558 425 2619 tantis
441 2573 599 2620 coruscas
610 2559 793 2630 miraculis
808 2558 836 2618 si
852 2555 1064 2632 medignaris
1078 2553 1120 2614 ab

325 2655 390 2716 hac
406 2656 604 2731 aegritudine
618 2655 774 2726 liberare,
786 2670 907 2729 magna
922 2652 983 2714 tibi
994 2666 1121 2713 accres-

326 2755 379 2813 cet
393 2755 425 2814 et
437 2753 556 2828 gloria,
573 2751 729 2829 quoniam
745 2752 854 2812 adhuc
875 2751 1004 2812 tantum
1017 2749 1122 2809 mira-

329 2850 440 2925 culum
454 2865 520 2910 non
542 2849 662 2911 fecisti.
688 2849 771 2922 Quid
789 2849 903 2924 plural
927 2847 987 2908 His
1006 2846 1118 2916 dietis,

327 2947 435 3010 sensit
454 2963 490 3009 se
515 2950 552 3010 B.
579 2947 750 3008 Francisci
776 2946 903 3008 meritis
931 2943 1117 3006 liberatam.

328 3044 450 3106 Filium
461 3060 592 3122 quoque
602 3045 719 3121 ipsius,
736 3046 885 3106 Marcum
902 3041 1047 3112 nomine,
1065 3039 1120 3116 qui

326 3141 500 3204 brachium
515 3142 659 3206 habebat
671 3142 888 3212 contractum,
906 3141 938 3201 S.
964 3137 1122 3200 Francis-

295 3269 304 3282 ·
329 3254 388 3300 cus
404 3241 479 3301 voto
502 3239 666 3316 adipsum
688 3239 821 3311 emisso,
834 3237 976 3298 sanavit.
993 3235 1119 3296 Foemi-

328 3337 520 3398 nemetiam
539 3336 715 3413 quamdam
728 3336 769 3397 de
785 3334 899 3397 Sicilia
914 3347 973 3409 per
992 3334 1122 3406 septen·

328 3433 422 3494 nium
459 3432 554 3495 fluxu
591 3433 766 3508 sanguinis
798 3431 981 3507 fatigatam,
1004 3428 1121 3490 beatus

327 3529 451 3591 Christi
467 3531 608 3608 signifer
623 3531 749 3591 salvam
765 3528 853 3590 lecit.

368 3629 405 3688 in
416 3628 498 3689 urba
505 3632 622 3701 Roma,
632 3626 800 3691 Praxodas
810 3624 961 3704 quaedam
974 3623 1119 3694 nomine,

233 3759 238 3768 ·
327 3724 549 3802 religiositate
574 3725 714 3796 famosa,
736 3739 809 3801 quae
837 3721 999 3784 atenella
1024 3721 1121 3781 aetate

327 3825 462 3899 propter
470 3823 588 3886 aeterni
601 3823 722 3900 Sponsi
735 3835 893 3892 amorem,
904 3819 1042 3880 arctoae
1052 3833 1122 3879 car·

327 3935 404 3981 oora
419 3936 479 3998 per
491 3919 712 3998 quadraginta
726 3921 796 3996 jam
814 3918 884 3980 lere
899 3931 1006 3978 annos
1022 3914 1121 3976 abdi-

327 4017 433 4089 derat,
459 4019 546 4095 apud
561 4021 596 4080 B.
615 4017 849 4086 Francisoum,
871 4015 1015 4091 gratiam
1039 4027 1120 4089 pro-

328 4115 451 4175 meruit
464 4115 685 4191 spiritualem.
709 4114 794 4174 Nam
815 4127 890 4172 cum
912 4110 966 4172 die
979 4109 1121 4186 quadam

328 4224 388 4285 pro
403 4209 503 4270 rebus
522 4211 718 4285 opportunis
733 4209 893 4270 solarium
909 4223 977 4272 suae
991 4205 1120 4268 cellulae

328 4307 593 4377 conscendisset,
619 4307 653 4368 et
681 4305 881 4382 impulsione
911 4303 1121 4380 phantastica

328 4418 500 4475 corruens,
517 4417 591 4464 cum
606 4402 745 4463 fractum
764 4401 903 4462 haberet
917 4399 1030 4476 pedem
1047 4415 1120 4460 cum

328 4515 426 4562 crure
443 4503 476 4562 et
490 4501 664 4562 humerum
690 4515 710 4560 a
735 4499 899 4575 positione
928 4496 1039 4558 debita
1063 4512 1121 4558 se-

328 4600 545 4676 questratum,
572 4583 773 4675 apparuitei
786 4594 1045 4670 benignissimus
1057 4610 1121 4670 pa-

1173 2363 1283 2425 mento
1308 2363 1432 2426 levavit
1454 2363 1495 2425 ad
1515 2380 1610 2442 opha,
1635 2365 1684 2426 sic
1708 2365 1823 2428 divina
1844 2364 1973 2426 virtute

1175 2462 1314 2538 utraque
1336 2477 1454 2522 manus
1470 2462 1601 2539 utrique
1616 2462 1837 2523 instrumento
1853 2459 1972 2522 cohae-

1175 2558 1232 2630 sit,
1264 2560 1300 2619 ut
1328 2558 1370 2619 ad
1399 2559 1550 2620 neutrius
1582 2559 1809 2620 dimissionem
1847 2558 1972 2634 digitos

1175 2655 1384 2730 aliquatenus
1410 2656 1565 2717 relaxare
1593 2655 1730 2718 valeret.
1758 2654 1972 2732 stupetactus

1175 2752 1285 2823 nimis,
1309 2753 1341 2814 et
1365 2753 1443 2829 quid
1467 2754 1580 2828 ageret
1599 2754 1767 2826 nesciens,
1789 2751 1831 2813 ad
1856 2752 1971 2813 eccle-

1175 2849 1258 2910 siam
1269 2848 1770 2927 multisundiqueadridendum
1782 2849 1974 2926 prodigium

1176 2947 1467 3019 concurrentibus,
1509 2948 1716 3025 properavit.
1755 2947 1818 3008 Ubi
1861 2949 1973 3008 mente

1176 3047 1391 3122 compunctus
1412 3047 1489 3107 ante
1503 3045 1620 3118 altare,
1638 3045 1779 3122 quodam
1795 3059 1839 3106 ex
1861 3045 1971 3106 assis-

1174 3141 1322 3204 tentibus
1339 3141 1511 3205 sacerdote
1530 3144 1686 3204 monente
1701 3141 1834 3221 (plures
1850 3143 1972 3218 quippe

1176 3239 1216 3300 ad
1233 3239 1351 3301 festum
1372 3240 1481 3301 vocati
1503 3241 1729 3302 convenerant
1751 3237 1970 3317 sacerdotes),

1175 3335 1272 3400 beato
1292 3337 1470 3398 Francisco
1488 3353 1523 3398 se
1539 3337 1711 3400 humiliter
1726 3337 1876 3411 devovit;
1892 3337 1970 3406 tria,

1176 3435 1264 3496 sicut
1293 3435 1345 3496 ter
1381 3449 1496 3496 rocem
1534 3434 1705 3506 audierat,
1733 3436 1811 3496 rota
1845 3449 1972 3494 vovens

1176 3529 1262 3607 quod
1290 3529 1420 3591 scilicet
1444 3528 1564 3591 festum
1597 3530 1702 3606 ipsius
1732 3529 1858 3590 coleret
1884 3529 1971 3605 quod

1175 3626 1218 3688 ad
1239 3627 1343 3698 illam,
1366 3627 1401 3688 in
1421 3641 1486 3703 qua
1512 3627 1591 3688 tune
1617 3628 1700 3698 erat,
1728 3627 1905 3688 ecclesiam
1936 3626 1971 3686 in

1177 3722 1261 3786 testo
1275 3723 1417 3794 veniret,
1439 3723 1473 3784 et
1494 3723 1581 3799 quod
1597 3724 1702 3785 sancti
1719 3739 1839 3800 corpus
1856 3737 1973 3800 persc-

1177 3821 1298 3882 naliter
1317 3819 1479 3882 visitaret.
1497 3821 1619 3882 Mirum
1642 3820 1731 3883 certe
1753 3822 1880 3884 relatui
1900 3823 1972 3882 Uno

1177 3918 1300 3980 emisso
1323 3918 1400 3979 roto
1425 3933 1511 3978 unus
1532 3917 1655 3994 digitus
1671 3917 1777 3980 iaetus
1792 3919 1843 3980 est
1866 3917 1970 3990 liber3

1176 4016 1217 4080 ad
1242 4015 1378 4077 secundi
1401 4015 1625 4086 emissionem,
1649 4017 1778 4078 solutus
1792 4017 1844 4078 est
1864 4016 1970 4089 alius3

1176 4113 1234 4175 sed
1256 4114 1356 4176 tertio
1380 4112 1468 4175 lacto
1489 4115 1578 4186 voto,
1605 4113 1737 4176 laxatus
1764 4115 1816 4174 est
1833 4113 1971 4186 tertius;

1176 4212 1209 4272 et
1221 4209 1429 4286 postmodum
1443 4210 1512 4272 tota
1536 4225 1668 4281 manus,
1680 4226 1808 4273 necnon
1820 4213 1853 4272 et
1866 4211 1971 4273 altera

1176 4306 1428 4384 subsequenter,
1445 4308 1577 4385 populo,
1592 4309 1650 4387 qui
1657 4311 1727 4386 jam
1738 4309 1862 4370 multus
1876 4309 1974 4370 adve-

1177 4405 1282 4472 nerat,
1300 4405 1406 4466 sancti
1431 4406 1641 4468 clementiam
1665 4405 1880 4468 devotissime
1905 4406 1971 4466 im-

1177 4487 1971 4579 plorantesichomopristinaereddituslibertati

1178 4615 1236 4675 per
1251 4601 1396 4677 seipsum
1411 4600 1632 4664 instrumenta
1650 4593 1819 4676 deposuit3
1843 4600 1972 4662 cunctis

294 4685 296 4693 '
327 4697 380 4758 ter
393 4697 601 4758 vestimentis
616 4695 732 4770 gloriae
747 4692 955 4764 candidatus,
968 4691 1121 4754 eidulci-
1176 4697 1391 4760 laudantibus
1401 4697 1744 4774 Deumrirtuiemque
1757 4697 1865 4758 sancti
1879 4697 1973 4757 miri-

327 4791 390 4854 bus
403 4795 559 4856 affatibus
573 4791 806 4869 alloquicoepit
816 4790 967 4852 eamdem
982 4807 989 4850 :
1003 4792 1119 4865 Surge,
1177 4794 1284 4866 licam,
1308 4794 1364 4871 qui
1388 4797 1456 4856 tam
1474 4793 1672 4857 mirabiliter
1686 4795 1859 4870 percutere
1876 4795 1972 4870 pote-

328 4889 446 4967 inquit‚
470 4893 539 4952 lilia
555 4891 739 4961 benedicta,
757 4905 856 4965 surge
871 4904 913 4950 ne
936 4887 1066 4950 timeas.
1083 4890 1123 4949 Et
1177 4893 1239 4964 rat,
1256 4893 1525 4969 etsanare.1psa
1540 4907 1619 4954 vero
1634 4892 1854 4954 instrumenta
1869 4907 1973 4969 usque

328 4989 538 5064 apprehensa
553 5005 653 5050 manu
666 4988 783 5064 ipsius,
796 4987 947 5047 allevans
958 4999 1043 5058 eam,
1058 4984 1122 5045 dis·
1177 4987 1276 5051 hodie
1300 5005 1413 5050 coram
1434 4989 1532 5052 altari
1556 4989 1597 5050 ad
1626 4989 1786 5060 honorem
1805 4991 1842 5049 Β.
1867 4991 1974 5050 Fran-

328 5086 450 5162 paruit.
466 5088 540 5162 Ipsa
553 5101 632 5147 vero
648 5099 707 5161 per
719 5083 873 5147 cellulam
889 5097 983 5145 suam
996 5083 1061 5144 huo
1077 5083 1123 5144 at·
1177 5086 1257 5148 cisoi
1280 5085 1452 5158 fabricato,
1479 5086 1566 5148 idom
1589 5087 1624 5148 in
1645 5085 1839 5147 memoriam
1866 5086 1971 5148 sancti

329 5199 393 5260 que
408 5182 489 5245 illuc
504 5199 540 5244 se
559 5184 768 5250 convertens,
791 5179 929 5259 putabat
953 5195 989 5242 se
1012 5181 1121 5242 visum
1177 5182 1373 5260 dependent.
1401 5186 1503 5244 Plura
1526 5200 1656 5261 quoque
1680 5183 1761 5256 illic,
1785 5185 1819 5244 et
1840 5183 1876 5244 in
1890 5184 1983 5246 locis.

329 5280 633 5357 videre,usquequo
644 5279 685 5340 ad
699 5279 877 5340 clamorem
891 5279 1123 5359 ipsiusappor·
1176 5281 1295 5342 ricinis
1334 5281 1464 5358 patrata
1496 5281 1659 5342 miracula
1685 5283 1718 5344 at
1752 5283 1906 5343 sanctum
1939 5281 1972 5341 in

327 5378 398 5439 tato
409 5377 620 5452 iamlumina,
632 5376 776 5453 perlecta
787 5393 823 5438 se
833 5363 980 5438 sentiens
989 5390 1048 5452 per
1056 5390 1123 5436 ser·
1177 5378 1270 5440 coelis
1295 5379 1473 5441 ostendunt
1493 5379 1664 5450 eximium,
1681 5383 1714 5440 et
1731 5378 1984 5456 iestumipsius.

328 5491 406 5536 vum
419 5475 477 5536 Dei
493 5475 708 5536 Franciscum
728 5488 803 5535 esse
822 5474 984 5544 sanatam,
1002 5473 1121 5534 cuncta
1176 5475 1212 5536 in
1226 5475 1327 5536 torris
1341 5476 1581 5537 venerabiliter
1595 5475 1825 5537 excolendum.

330 5589 404 5650 quae
415 5571 608 5635 acciderant
617 5586 677 5648 per
692 5570 842 5633 ordinem
855 5571 1037 5633 enarravit.
1218 5573 1256 5633 ln
1266 5573 1402 5634 ciuitate
1417 5589 1547 5651 quoque
1571 5572 1824 5642 Cenomanensi,
1845 5573 1923 5634 dum
1939 5575 1969 5632 in

1179 5668 1388 5732 solemnitate
1404 5671 1584 5743 Francisci,
1600 5671 1720 5732 mulier
1732 5669 1884 5749 quaedam
1899 5686 1979 5738 ma·-
