4226 6406
158 317 221 378 avt

397 475 593 538 calculum
613 479 717 539 xxiv.

196 600 262 668 occ
277 599 419 670 prcdpcc
437 601 566 658 curanda
584 601 770 673 licpuicriurn
786 602 926 674 prelatis.

197 722 310 780 Proelsti
326 723 509 796 Regulariurn
524 723 579 781 hoc
594 725 772 797 potissimum
786 733 886 783 curent
897 740 956 783 mo

159 825 208 868 res
221 825 280 868 non
294 819 415 880 mutare,
429 813 484 868 nisi
497 813 526 868 in
541 813 643 871 melius
647 829 657 884 3
674 813 784 870 favores
804 829 861 870 non
876 829 952 886 qum·

157 913 237 1046 affl
248 905 420 1060 ffitcstatem
437 915 495 958 non
513 914 658 971 exercerc,
675 898 728 959 sed
747 901 866 976 implere
888 901 953 960 oill-

400 1103 599 1165 oltlcdntttt
620 1104 709 1166 XXV.

367 1228 435 1295 Qun
451 1228 490 1286 sit
507 1243 575 1286 ocra
592 1229 749 1300 ropicrttt'c:

195 1347 314 1408 Summa
338 1349 480 1424 sapientis
502 1358 556 1422 est,
575 1349 650 1410 bona
674 1367 761 1426 opera
789 1349 901 1422 iacere,
927 1359 957 1410 et

157 1437 235 1535 bene
244 1453 276 1498 se
290 1437 665 1514 custodire,etjudicia1tci
679 1439 861 1500 considerare
870 1441 922 1514 (2).

396 1605 595 1668 descondit
612 1607 718 1668 XXVI.

361 1732 473 1800 Quanto
491 1732 583 1790 virtus
598 1735 763 1802 paupertas.

194 1855 271 1915 Vera
287 1861 440 1927 paupertas
457 1851 536 1911 radix
550 1861 594 1912 est
606 1849 785 1924 obedientie,
802 1859 893 1911 mater
907 1867 952 1910 rc·

157 1943 357 2012 nuntiationis,
380 1955 459 1999 mors
482 1943 604 2016 proprias
623 1943 848 2016 complacendo,
866 1941 951 2000 extir-

158 2031 254 2104 patrix
264 2031 401 2089 vanitatis
413 2038 442 2088 et
454 2031 617 2104 cupiditatis
629 2029 681 2105 (3).

389 2197 587 2259 calculum
606 2199 723 2260 xxvii.

326 2321 395 2382 Vere
413 2321 569 2382 obedientie
588 2321 798 2380 commendatio.

194 2445 364 2508 obedientia
386 2454 430 2506 est
452 2445 517 2506 ildei
538 2461 621 2520 opus,
642 2445 770 2519 probatio
792 2460 867 2504 vers
881 2445 953 2518 spei,

160 2542 364 2607 argumentum
380 2535 516 2603 caritatis,
529 2541 620 2591 mater
634 2532 812 2603 humilitatis,
827 2540 856 2590 ct
870 2534 952 2606 geni-

156 2628 214 2680 trix
227 2623 307 2696 pacis
322 2623 384 2694 Dei,
397 2637 461 2695 quae
475 2629 627 2695 exsuperat
642 2636 757 2680 omnem
774 2637 891 2680 sensum
902 2620 953 2694 (1).

385 2789 582 2850 cnlcttlutl
601 2789 732 2850 XXVIII.

416 2914 458 2970 Dc
474 2927 531 2970 ttttt
549 2913 698 2970 lt'brotutttt.

196 3035 329 3096 inlibris
350 3037 464 3095 Fratres
482 3049 610 3110 quaerere
631 3035 736 3096 debent
760 3035 955 3094 testimonium

159 3125 286 3195 Domini,
302 3139 359 3182 non
370 3125 502 3198 pretium,
514 3132 562 3182 sut
576 3123 824 3198 pulchritudinem.
846 3125 956 3183 Paucos

158 3213 248 3272 etiam
261 3212 367 3270 habere
381 3211 495 3284 debent,
516 3211 625 3286 hosque
648 3213 677 3270 in
696 3212 852 3282 communi,
875 3217 904 3270 et
921 3211 956 3270 ad

160 3303 292 3362 Fratrum
307 3301 496 3376 indigentium
506 3301 707 3360 necessitatem
720 3308 835 3374 paratos
845 3299 895 3376 (d).

295 3533 301 3546 ,
398 3459 595 3520 caldunum
614 3457 718 3518 XXIX.

223 3583 377 3656 inquibus
395 3587 558 3656 ccmptctcr
575 3583 707 3641 volcmar
722 3599 776 3656 pro
793 3583 879 3654 sacto.

195 3707 307 3780 Pauper
324 3707 418 3780 magis
434 3712 526 3780 potest
544 3719 609 3764 csso
625 3706 724 3780 largus
746 3719 832 3779 quam
861 3704 952 3775 divos,

159 3796 226 3868 quia
239 3795 320 3854 dlves
332 3795 356 3852 si
371 3795 420 3852 dat
429 3793 565 3868 quidquid
584 3793 680 3863 habet,
701 3794 822 3863 deliciet,
843 3799 871 3852 et
885 3807 955 3851 con·

159 3881 239 3941 lusus
258 3888 303 3942 est
325 3884 460 3942 :sivero
480 3894 536 3940 non
566 3881 614 3940 dat
635 3897 702 3940 cunr
735 3881 856 3952 habeat,
891 3881 957 3939 licet

159 3972 246 4030 vellct
265 3973 343 4042 dare,
364 3973 388 4028 si
404 3971 458 4030 sibi
477 3986 535 4028 non
553 3970 704 4042 deiicerct3
723 3972 854 4028 voluntas
882 3970 956 4028 bona

158 4059 277 4130 estred
292 4068 510 4135 nonreputatar
526 4075 578 4134 pro
597 4059 672 4118 lacto
692 4059 755 4128 sibi,
779 4059 844 4133 quia
865 4059 958 4119 adhuc

159 4147 247 4206 habet
265 4147 464 4207 substantiam.
490 4149 544 4207 Sed
566 4163 674 4223 pauper
695 4149 743 4221 qui
763 4147 834 4206 nihil
859 4147 955 4217 habet,

159 4238 306 4310 quivellet
320 4237 389 4296 dare
404 4238 531 4310 pauperi,
556 4245 585 4294 et
606 4237 676 4295 nihil
699 4237 786 4294 nabat
808 4235 884 4310 quod
898 4236 956 4304 det,

158 4333 187 4383 et
204 4326 291 4384 vellet
311 4325 454 4383 edificare
476 4325 644 4398 Hospitalia,
669 4331 844 4382 nontamen
870 4323 956 4382 lrabct

158 4413 251 4487 undet
267 4415 296 4472 in
309 4413 366 4472 hoc
378 4416 512 4473 voluntas
525 4428 576 4487 pro
589 4414 664 4472 iacto
678 4420 825 4487 reputatur
835 4413 888 4486 (6).

405 4575 603 4634 caldunum
622 4573 712 4632 XXX.

285 4699 338 4756 Dei
351 4698 463 4756 dilectio
479 4697 582 4767 dulcit,
605 4698 705 4754 mundi
718 4713 831 4755 cataro.

194 4823 324 4881 Gustanti
339 4824 442 4891 ileum,
458 4822 552 4879 omnis
562 4819 713 4878 delectatio
728 4819 826 4878 mundi
846 4817 959 4877 videtur

159 4909 329 4969 amaritudo.
341 4911 458 4969 Gustatc
473 4923 555 4984 ergo,
572 4917 602 4967 et
622 4907 729 4978 videte,
742 4909 808 4980 quia
820 4908 918 4966 suavis
930 4915 959 4965 et

158 4999 306 5057 dulciscst
325 4999 473 5068 Dominus,
494 5005 523 5056 st
547 5011 693 5070 nunquam
711 5004 739 5054 te
763 4995 911 5070 poenitebit
922 4995 958 5052 de

158 5094 246 5161 gustu
261 5086 323 5146 liei.
350 5087 439 5145 Sccus
457 5093 501 5144 cst
519 5087 548 5144 in
570 5085 697 5144 amando
716 5083 865 5152 mundum,
891 5085 958 5157 quia

158 5177 228 5235 latet
243 5175 348 5234 bamus
366 5176 396 5234 in
417 5190 483 5234 esca
502 5175 579 5233 illius
592 5175 698 5233 amoris
707 5191 718 5242 ;
734 5175 799 5247 quia
815 5173 862 5232 ilis
875 5187 958 5231 amor

197 5351 239 5426 (1)
258 5351 367 5422 specul.
393 5353 463 5411 Vitis
488 5351 648 5423 Francicci,
668 5367 693 5410 c.
720 5351 763 5422 lc,
788 5353 831 5410 Dc
851 5350 958 5424 spiritu

157 5421 530 5564 11ἷ11111ι11111ι1ἓ1111111ιιι,ο.
549 5495 591 5552 ιιι.
633 5566 639 5578 ‚
673 5566 679 5577 Ι

212 5565 242 5636 ct
261 5565 385 5623 lacobus
397 5563 476 5623 Oddc
490 5565 526 5624 dc
542 5566 660 5624 Petusio
673 5579 701 5623 m
715 5565 827 5636 Prolop.
845 5564 955 5636 nspe-

163 5652 199 5694 cu
215 5637 423 5707 ‚perfectionis
729 5669 736 5672 -

522 318 631 383 Pstis
652 319 1090 392 QU1NTa.-0Rllctlcu
1111 323 1163 384 nt
1185 320 1447 387 SENXENTIAE.

1743 322 1804 384 398

942 493 944 509 ·
1008 479 1216 540 mundanorum
1238 497 1351 555 semper
1366 454 1496 557 producit
1513 483 1618 540 multos
1631 480 1739 540 fructus
1750 480 1800 538 do·

1008 569 1118 626 lorum:
1136 571 1201 642 quia
1215 570 1239 627 si
1254 583 1335 630 amas
1348 587 1477 642 uxorem,
1494 570 1577 639 filios,
1594 571 1802 642 possessiones,

1008 654 1118 727 domos,
1138 659 1182 716 vel
1200 657 1334 728 honores,
1356 674 1421 717 cunr
1445 659 1613 727 moriuntur,
1643 666 1672 715 ct
1699 657 1800 731 deper-

1008 742 1121 812 duntur,
1136 753 1215 803 tanto
1225 747 1348 818 majores
1356 747 1468 806 dolores
1481 746 1530 804 tibi
1545 747 1679 816 inierunt,
1696 754 1803 819 quanto

1009 833 1148 905 maiorem
1158 833 1374 894 allectionemet
1388 851 1516 894 amoram
1532 835 1640 894 habeas
1653 837 1708 894 illis
1719 835 1803 893 bonis

1009 921 1189 995 etrebusii).

1044 1063 1082 1120 N.
1099 1064 1270 1124 insecundo
1283 1065 1350 1128 cod.
1365 1067 1423 1126 MS.
1438 1067 1587 1126 Assisiano
1597 1065 1739 1125 habentur
1750 1066 1803 1124 sub

1010 1151 1126 1209 nominc
1152 1153 1296 1212 Franclscl
1314 1162 1467 1228 sequentes
1495 1156 1663 1225 sententicc3
1683 1170 1803 1228 quarum

1010 1239 1111 1312 alique
1135 1242 1224 1314 ipsius
1246 1243 1343 1302 Sancti
1364 1244 1486 1316 proprias
1507 1251 1582 1313 sunt,
1607 1243 1672 1301 alise
1691 1245 1738 1301 vel
1752 1257 1802 1300 et·

1010 1342 1108 1400 presse
1120 1329 1302 1388 inveniuntur
1321 1331 1395 1405 apud
1410 1331 1549 1404 quosdam
1564 1347 1600 1390 cx
1614 1332 1720 1390 sanclis
1734 1331 1802 1388 doc-

1009 1417 1128 1486 toribus,
1152 1419 1252 1478 velex
1275 1434 1374 1478 eorum
1395 1428 1461 1479 suut
1487 1421 1615 1480 doctrina
1635 1427 1802 1493 compacte.

1010 1505 1049 1563 lis
1060 1503 1235 1564 familiariter
1244 1508 1375 1568 utebatur
1385 1510 1554 1568 Franciscus
1565 1508 1601 1568 ad
1612 1523 1730 1568 suorum
1743 1508 1801 1568 ins·

1010 1595 1190 1654 tructioncm.

1046 1721 1071 1776 1.
1092 1721 1161 1777 lise
1180 1728 1246 1778 sunt
1265 1735 1356 1790 arms,
1383 1721 1486 1795 quibus
1509 1718 1679 1796 dirumpitur
1705 1723 1803 1780 anirnu

1009 1815 1098 1878 casta,
1118 1809 1206 1879 visus,
1222 1809 1387 1881 alloquium,
1399 1817 1558 1879 contactus,
1572 1811 1680 1868 osctda.

1044 1897 1071 1954 2.
1091 1897 1145 1966 Qui
1169 1897 1246 1956 vadit
1266 1899 1295 1955 in
1316 1898 1471 1968 desertum,
1492 1897 1582 1958 tribus
1601 1899 1705 1971 prsltts
1714 1905 1803 1967 caret,

1009 1985 1084 2054 visu,
1106 1985 1214 2055 auditu,
1231 1993 1261 2044 ct
1285 1986 1470 2046 detractione.
1487 1987 1572 2060 (Vide
1588 1989 1664 2060 Aug.
1679 1988 1707 2045 ln
1726 1988 1802 2046 Psal.

1007 2076 1057 2144 tt,
1072 2073 1108 2132 ad
1131 2075 1178 2132 ills
1204 2074 1291 2132 verba
1316 2093 1323 2132 :
1344 2076 1413 2146 Quis
1427 2075 1505 2134 dabit
1522 2075 1594 2134 mibi
1614 2089 1733 2148 pennas,
1749 2083 1803 2133 stc.

1009 2164 1077 2221 etin
1092 2163 1167 2221 Paal.
1181 2161 1255 2235 111).

1044 2252 1071 2309 3.
1091 2251 1267 2320 Charissimi,
1278 2252 1306 2308 in
1319 2250 1375 2308 bac
1384 2251 1457 2310 valle
1465 2252 1584 2310 miserie
1593 2249 1730 2310 nihilum
1743 2252 1804 2324 pul·

1008 2339 1120 2409 cirrum,
1142 2347 1201 2400 tam
1223 2339 1391 2398 delectabile
1414 2339 1595 2412 possideatis,
1613 2355 1670 2412 quo
1692 2341 1806 2398 animus

1009 2435 1104 2486 voster
1127 2427 1244 2486 omnino
1263 2436 1427 2501 occupetur.
1439 2428 1525 2503 (Vide
1538 2429 1671 2486 cumdem
1687 2437 1756 2486 trac.
1776 2429 1804 2498 t,

1009 2519 1038 2576 in
1050 2532 1075 2576 c.
1093 2519 1119 2586 1,
1131 2518 1221 2590 Epist.
1234 2518 1261 2586 2,
1273 2517 1370 2591 ioan).

1045 2606 1071 2662 1.
1093 2607 1172 2678 Fuge
1184 2613 1340 2674 creaturas,
1352 2605 1378 2662 si
1390 2607 1434 2662 vis
1449 2605 1556 2663 habere
1567 2612 1721 2664 creaturas

1044 2694 1071 2752 b.
1093 2695 1173 2767 linge
1187 2693 1335 2762 mundum,
1348 2695 1376 2750 si
1387 2695 1432 2752 vis
1447 2707 1514 2752 esse
1533 2694 1667 2752 mundus.
1684 2695 1713 2752 Si
1725 2700 1757 2751 tu
1773 2707 1806 2751 es

1010 2781 1144 2854 mundus,
1153 2781 1213 2855 jam
1228 2795 1285 2840 non
1297 2781 1420 2840 delectat
1430 2781 1603 2842 tcmttndus.

1044 2871 1071 2930 6.
1086 2872 1177 2944 Fuge,
1193 2878 1267 2940 tace,
1283 2877 1312 2930 et
1326 2872 1453 2943 quiesce.

1046 2961 1075 3018 7.
1094 2960 1123 3017 Si
1134 2966 1161 3016 te
1171 2971 1302 3030 excusat,
1317 2961 1393 3018 Dens
1408 2971 1437 3018 te
1455 2967 1581 3029 accusat,
1599 2967 1629 3018 et
1640 2960 1664 3016 si
1675 2967 1702 3016 ts
1718 2974 1803 3018 accu-

1009 3062 1068 3118 sas,
1088 3049 1165 3106 bens
1181 3056 1208 3106 te
1216 3056 1343 3107 excusat.

1045 3131 1072 3192 8.
1093 3134 1156 3192 Non
1170 3131 1294 3208 periecte
1306 3131 1461 3204 bonusest,
1482 3133 1606 3208 quicum
1619 3133 1703 3191 malis
1714 3133 1807 3190 bonus

1010 3235 1075 3279 esse
1091 3236 1148 3280 non
1161 3230 1263 3295 potest.

1045 3311 1073 3368 b.
1097 3309 1228 3368 tentatio
1250 3311 1297 3369 cui
1323 3323 1380 3370 non
1407 3311 1593 3380 consentitur,
1621 3316 1665 3368 est
1689 3310 1807 3367 materia

1010 3398 1178 3458 exercende
1190 3399 1312 3458 virtutis.

1047 3489 1090 3546 l0.
1112 3489 1200 3546 Amor
1223 3491 1319 3546 omnia
1338 3489 1438 3563 gravia
1461 3487 1528 3547 iacit
1548 3489 1633 3558 levia,
1658 3493 1687 3545 et
1710 3487 1807 3544 omnia

1011 3589 1109 3634 amara
1125 3575 1305 3636 lacltdulcla.

1047 3666 1090 3722 11.
1111 3666 1200 3723 Amor
1211 3667 1263 3723 Dei
1288 3679 1435 3738 nunquam
1448 3673 1492 3722 est
1510 3663 1628 3722 otiosus.
1645 3664 1709 3735 (list
1721 3663 1806 3736 Greg.

1012 3753 1116 3812 Homil.
1133 3753 1178 3822 30,
1194 3753 1223 3812 ln
1236 3753 1361 3826 Evang.)

1047 3843 1091 3898 11.
1112 3841 1209 3902 Vestis
1231 3841 1358 3915 pulchra,
1385 3843 1476 3911 locus,
1509 3847 1607 3914 potus,
1630 3838 1721 3909 cibus,
1740 3840 1808 3908 otia,

1011 3943 1139 4000 somnus,
1166 3931 1310 3988 Enervant
1333 3939 1471 4000 montem,
1487 3929 1687 4000 luxuriamque
1701 3927 1808 3985 lovent.

1048 4021 1091 4079 13.
1112 4021 1181 4080 Cum
1201 4018 1275 4089 dico,
1297 4017 1357 4076 Ave
1378 4019 1485 4088 diario,
1504 4020 1569 4076 coeli
1590 4016 1693 4085 rident,
1704 4018 1810 4090 Angeli

1012 4108 1148 4184 gaudent,
1174 4107 1298 4166 mundus
1316 4107 1432 4177 exultat,
1453 4107 1582 4165 inicrnus
1602 4105 1806 4176 contremiscit,

1012 4198 1159 4257 demones
1174 4197 1297 4271 lugiunt.

1048 4287 1091 4345 11.
1113 4288 1190 4346 Sicut
1201 4299 1268 4344 cera
1282 4286 1345 4344 duit
1359 4299 1374 4344 a
1396 4283 1469 4344 iacle
1487 4285 1574 4360 ignis,
1589 4293 1618 4343 et
1638 4283 1730 4358 pulvis
1745 4293 1811 4342 ante

1013 4375 1115 4436 laciem
1128 4377 1206 4435 venti
1222 4374 1405 4448 dispergitur,
1421 4377 1464 4433 sic
1484 4375 1520 4432 ad
1533 4375 1744 4432 invocationem
1756 4387 1808 4430 no·

1012 4464 1099 4522 minis
1116 4463 1212 4523 ilaris
1234 4469 1309 4521 totus
1327 4463 1519 4538 malignorum
1531 4463 1681 4536 spirituum
1698 4462 1809 4519 exerci-

1011 4560 1058 4611 tus
1067 4559 1225 4626 separatur.

1049 4641 1092 4699 15.
1113 4644 1146 4699 in
1173 4640 1309 4715 periculo,
1335 4639 1364 4698 in
1386 4639 1537 4712 angustiis,
1557 4639 1587 4696 in
1611 4637 1696 4695 rebus
1718 4635 1811 4695 dubiis

1013 4730 1132 4788 Mariam
1155 4729 1268 4798 invoca,
1294 4729 1413 4788 biariam
1434 4727 1531 4800 cogita
1552 4743 1559 4784 ι
1578 4740 1636 4783 non
1655 4725 1771 4783 recedat
1794 4741 1810 4782 a

1012 4816 1109 4886 corde,
1124 4831 1181 4874 non
1192 4815 1307 4874 recedat
1319 4815 1355 4873 ab
1367 4831 1427 4885 ore,
1438 4823 1467 4872 et
1481 4821 1512 4871 ut
1530 4815 1667 4886 impetres
1675 4814 1738 4886 eius
1749 4811 1809 4870 sul·

1013 4905 1148 4980 fragium,
1171 4919 1228 4961 non
1248 4902 1365 4962 deseras
1388 4903 1616 4960 conversationis
1633 4903 1807 4976 exemplum.

1013 4995 1076 5067 (Est
1088 4995 1171 5051 Bern.
1186 4993 1290 5050 Homii.
1306 4993 1333 5062 2,
1349 4992 1380 5048 ιἰι
1393 4989 1498 5051 unam
1513 4998 1557 5048 est
1569 4989 1605 5049 ad
1619 4989 1681 5065 lin).

1048 5081 1091 5138 16.
1112 5081 1212 5140 Omnis
1222 5086 1351 5138 crcatura
1366 5079 1494 5151 vilescat,
1508 5085 1539 5136 ut
1550 5077 1665 5138 Creator
1681 5079 1710 5138 iu
1725 5078 1811 5136 corda
1871 5153 1874 5162 1

1014 5169 1170 5228 dulcescat.

1061 5347 1081 5475 ἓ
1110 5345 1244 5486 1111111111,
1257 5417 1306 5475 ιιι.
1324 5421 1421 5490 neap.
1439 5417 1482 5474 rs.

1064 5488 1093 5560 6)
1114 5491 1233 5557 bonav,
1246 5486 1294 5546 lib.
1310 5490 1342 5545 dc
1353 5489 1531 5545 luminarid.
1548 5488 1666 5556 decies,
1683 5487 1813 5569 sormi.

1017 5631 1034 5687 3
1050 5558 1393 5704 pzztpeprligrcqp.senens”
1403 5562 1493 5618 Serm.
1512 5561 1555 5628 17,
1571 5557 1815 5626 Extraordrnarro,
