4158 6380
108 267 167 329 145
670 263 992 330 Phebnoomulvl.
1015 297 1056 316 -·
1076 269 1184 332 virt.
1685 267 1743 326 146

106 423 164 491 vit.
174 420 312 500 Quidam
325 439 404 490 vero
420 441 462 487 ex
473 424 643 498 iratribus,
652 427 760 502 gratia
770 426 898 490 illumi·
952 429 1252 508 quantumcumque
1265 427 1436 506 paululum
1449 424 1644 502 attingebat,
1656 425 1740 501 pris·

107 523 216 596 natus,
242 525 275 584 et
295 523 429 586 nomine
456 522 647 598 intelligens
671 523 755 600 quod
785 523 897 600 aliqua
951 524 1022 586 tino
1033 529 1230 602 recuperato
1241 526 1368 602 vigore,
1381 524 1561 601 surgebant
1572 523 1742 596 continuo,

105 621 257 682 miranda
280 620 430 687 vidisset,
459 635 517 696 pro
550 635 589 681 eo
616 621 702 696 quod
724 620 898 681 videbatur
952 622 1341 698 ettanquamnihilmali
1358 611 1743 696 sensissent,adpascua
1832 607 1833 612 ’

106 717 281 779 admodum
296 717 510 794 stupetactus,
528 717 612 778 dixit
626 718 667 778 ad
683 717 791 780 virum
806 731 898 778 sano-
952 716 1162 781 festinabant.
1175 719 1295 796 Sicque
1307 719 1429 781 iactum
1443 721 1502 790 est,
1520 718 1557 779 ut
1568 731 1628 793 per
1641 715 1745 776 virtu-

105 817 175 877 tum
193 832 199 875 :
214 831 233 874 s
246 815 373 886 Frater,
400 829 467 875 non
489 814 596 874 solum
618 815 753 891 propter
773 816 817 886 te,
840 814 896 874 sed
953 815 1018 876 tem
1029 816 1214 878 mirandam
1227 831 1321 893 aquae
1337 816 1438 888 illius,
1457 831 1529 892 quae
1547 829 1660 876 sacras
1675 813 1745 889 pla‘·

106 913 207 974 etiam
220 912 354 988 propter
377 911 475 984 alios,
499 905 588 973 scias
601 911 662 972 tihi
688 911 821 972 ostendi
829 911 897 972 ali·
952 927 1013 986 gas
1028 913 1225 988 contigerat,
1242 913 1350 974 omnis
1365 929 1500 993 prorsus
1515 911 1613 988 plaga
1626 923 1743 972 cessa-

107 1008 238 1086 quando
252 1011 461 1070 sacramenta
476 1007 601 1068 divina.
615 1007 809 1070 Timendum
825 1023 900 1084 pro·
953 1009 1014 1080 ret,
1032 1009 1254 1087 pestilensque
1278 1009 1412 1071 morbus
1436 1026 1456 1070 a
1477 1007 1633 1084 gregibus
1648 1006 1745 1082 suga·

106 1107 221 1183 pterea
241 1108 319 1182 jure
345 1105 488 1176 videtur,
514 1105 619 1177 nesi,
644 1105 731 1182 quod
748 1104 898 1180 pluribus
953 1106 1056 1167 retur.

106 1201 315 1278 profuturum
330 1201 499 1280 accepisti,
513 1201 686 1273 celaveris,
703 1201 898 1278 protelante
994 1202 1089 1264 Circa
1107 1202 1280 1280 praelatum
1300 1203 1444 1264 montem
1463 1204 1628 1272 alvernae,
1649 1201 1744 1260 ante-

106 1299 301 1361 abscondito
323 1298 595 1374 reprehensibilis
621 1297 781 1375 judiceris
796 1315 825 1359 v.
850 1298 899 1361 hd
954 1314 1052 1376 quam
1066 1299 1120 1361 vir
1140 1299 1341 1376 sanctusibi
1369 1299 1581 1362 contraheret
1601 1313 1740 1367 moram,

109 1399 207 1472 cujus
221 1391 359 1458 verbum
380 1397 487 1457 motus
499 1395 552 1456 vir
567 1397 711 1467 sanctus,
729 1395 806 1456 licet
816 1395 900 1456 alias
955 1395 1042 1456 nube
1050 1412 1093 1456 ex
1107 1397 1179 1473 ipso
1191 1397 1301 1458 monte
1312 1393 1662 1472 surgente,grandinis
1670 1393 1745 1454 vio-

107 1492 220 1554 dicere
235 1562 238 1575 ,
254 1493 372 1554 solitus
407 1493 496 1554 esset
531 1509 539 1554 :
578 1493 747 1554 Secretum
790 1508 899 1554 meum
955 1492 1043 1555 lenta
1052 1490 1744 1570 tempestaslructusterraeconsuetudina-

107 1589 213 1650 mihi:
229 1589 308 1650 tunc
320 1591 432 1652 tamen
444 1605 519 1650 cum
534 1590 638 1652 multo
651 1589 769 1651 timore
780 1590 900 1650 seriem
955 1590 1005 1651 rie
1018 1589 1220 1652 devastabat.
1239 1590 1384 1666 Sedpost
1395 1589 1487 1652 illam
1501 1588 1743 1666 apparitionem

107 1686 226 1749 retulit
259 1687 401 1748 visionis
423 1686 580 1763 praelatae,
605 1686 740 1758 addens,
764 1687 900 1764 quodie
956 1684 1098 1758 felicem,
1118 1703 1185 1748 non
1213 1687 1285 1750 sine
1311 1687 1497 1749 incolarum
1521 1684 1743 1746 admiratione

107 1784 165 1860 qui
192 1782 255 1846 sibi
281 1784 492 1861 apparuerat,
518 1783 631 1860 aliqua
656 1783 788 1855 dixerit,
814 1799 899 1860 quae,
955 1784 1082 1859 grando
1097 1785 1251 1856 cessavit,
1274 1787 1312 1846 ut
1331 1784 1475 1846 coelestis
1497 1783 1587 1844 illius
1605 1780 1745 1843 visionis

108 1895 289 1956 numquam
325 1879 401 1940 dum
433 1881 570 1952 viveret,
598 1880 700 1942 alicui
729 1881 900 1942 hominum
955 1880 1198 1953 excellentiam,
1213 1883 1245 1943 et
1260 1882 1451 1956 stigmatum
1463 1880 1585 1941 ibidem
1597 1879 1743 1954 impres-

107 1976 266 2053 aperiret.
284 1976 489 2042 Credendum
513 1992 605 2050 sane,
621 1978 688 2040 tam
705 1992 829 2040 aroana
841 1977 901 2039 illa
956 1979 1397 2050 sorumvirtutem,serenati
1409 1976 1745 2056 praetermoremipsa
1814 2038 1816 2044 ,

108 2073 214 2134 tuisse
229 2073 316 2134 sacri
331 2073 424 2134 illius
447 2075 574 2152 seraph
599 2075 635 2135 in
650 2089 749 2136 cruce
763 2073 902 2136 mirabi-
956 2075 1031 2138 coeli
1044 2073 1148 2137 iacies
1161 2074 1359 2138 declararet.

107 2169 188 2232 liter
201 2171 391 2247 apparentis
413 2170 555 2248 eloquia,
573 2171 658 2248 quod
672 2170 756 2234 torte
770 2185 837 2232 non
855 2170 901 2230 li·
998 2173 1142 2248 Contigit
1176 2188 1306 2250 quoque
1333 2189 1408 2234 eum
1434 2174 1583 2248 tempore
1607 2167 1745 2230 hiemali

107 2269 201 2329 cenet
220 2267 408 2328 hominibus
429 2282 469 2328 ea
484 2268 585 2344 loqui.
604 2269 783 2345 Postquam
798 2267 902 2342 igitur
956 2269 1303 2347 propterdebilitatem
1319 2269 1521 2346 corporis,et
1531 2267 1744 2342 asperitatem

105 2379 209 2426 verus
231 2364 353 2426 Christi
380 2379 474 2426 amor
496 2365 532 2425 in
552 2364 702 2426 eamdem
722 2347 900 2440 imaginem
955 2369 1086 2428 viarum
1096 2366 1241 2428 hominis
1254 2367 1426 2443 cuiusdam
1434 2365 1601 2442 pauperis,
1610 2363 1747 2424 subvec-

106 2461 359 2524 transformavit
388 2464 564 2532 amantem,
593 2461 814 2538 quadraginta
829 2461 902 2522 die-
955 2466 1024 2526 tum
1040 2463 1154 2534 asello,
1171 2463 1231 2524 suh
1250 2463 1344 2538 rupis
1365 2461 1535 2540 cujusdam
1548 2459 1744 2536 prominen-

105 2575 184 2618 rum
215 2573 364 2628 numero,
385 2559 483 2634 juxta
511 2553 599 2635 'quod
630 2558 840 2630 decreverat,
866 2557 901 2618 in
956 2562 998 2622 tis
1017 2561 1213 2636 pernoctare
1235 2559 1414 2637 crepidine,
1427 2561 1462 2621 ut
1481 2558 1569 2618 nivis
1585 2558 1619 2617 et
1638 2554 1765 2617 noctis.

106 2655 289 2717 solitudine
305 2657 544 2727 consummato,
559 2655 813 2731 superveniente
824 2669 902 2732 quo·
959 2657 1264 2734 supervenientium
1285 2671 1415 2732 quoquo
1441 2654 1538 2716 modo
1563 2651 1747 2715 declinaret

105 2768 167 2828 que
189 2752 397 2814 solemnitate
412 2752 607 2827 archangeli
623 2751 808 2823 Michaelis,
821 2751 901 2812 des·
956 2754 1174 2824 incommoda,
1190 2753 1308 2830 quibus
1323 2753 1535 2830 praepeditus,
1550 2751 1593 2811 ad
1608 2749 1746 2825 hospitii

105 2849 221 2911 cendit
232 2850 403 2924 angelicus
427 2849 481 2909 vir
501 2849 701 2910 Franciscus
718 2848 759 2910 de
777 2850 899 2920 monte,
956 2853 1064 2922 locum
1080 2865 1146 2911 non
1168 2850 1322 2912 valuerat
1340 2850 1526 2926 pervenire.
1543 2849 1623 2908 Cum
1636 2847 1746 2908 autem

105 2962 222 3008 secum
237 2945 347 3008 serens
361 2945 517 3008 crucifixi
536 2945 692 3021 effigiem,
715 2961 783 3006 non
798 2946 834 3006 in
849 2948 903 3006 ta-
956 2950 1008 3010 vir
1022 2949 1157 3009 sanctus
1170 2947 1338 3008 hominem
1351 2947 1446 3008 illum
1461 2945 1648 3023 querulosis
1665 2942 1746 3004 sub-

104 3044 197 3103 bulis
221 3043 361 3120 lapideis
380 3043 433 3103 vel
454 3042 574 3117 ligneis
600 3057 701 3104 manu
726 3042 901 3118 figuratam
957 3046 1216 3106 murmurantem
1225 3043 1402 3120 gemitibus
1417 3042 1495 3103 hino
1505 3041 1581 3102 inde
1597 3040 1744 3116 seipsum

104 3139 259 3212 artificis,
273 3140 330 3200 sed
345 3140 379 3200 in
394 3139 524 3200 carneis
535 3139 691 3200 membris
702 3139 901 3215 descriptam
952 3142 1082 3220 jactare
1098 3140 1270 3210 sensisset,
1283 3141 1442 3216 tanquam
1457 3139 1513 3215 qui
1528 3138 1620 3199 tenui
1634 3135 1746 3213 operi-

107 3238 214 3313 digito
239 3237 298 3298 Dei
320 3237 400 3298 vivi.
418 3237 457 3297 Et
476 3236 633 3324 quoniam
657 3238 901 3300 sacramentum
956 3240 1067 3299 mento
1096 3240 1277 3308 contectus,
1306 3235 1477 3314 quiescere
1509 3250 1577 3312 prae
1610 3232 1745 3308 frigoris

108 3334 211 3411 Regis
234 3332 436 3396 abscondere
461 3333 582 3395 bonum
606 3335 667 3404 est,
686 3334 761 3395 ideo
781 3334 901 3396 secreti
956 3335 1136 3396 acerbitate
1157 3333 1326 3411 nequibat,
1344 3332 1449 3393 divini
1474 3331 1598 3393 amoris
1617 3331 1748 3392 fervore

108 3431 234 3507 regalis
264 3433 317 3493 vir
340 3430 506 3496 conscius,
528 3431 700 3506 signacula
722 3431 781 3491 illa
805 3446 901 3492 sacra
957 3447 1146 3502 succensus,
1163 3447 1262 3491 manu
1288 3430 1382 3515 illum
1409 3430 1565 3506 protensa
1588 3425 1746 3505 palpavit.

108 3545 165 3606 pro
178 3527 307 3590 viribus
318 3517 553 3598 abscondebat,
568 3528 600 3588 et
614 3527 812 3588 occultabat.
835 3530 903 3589 Ve-
957 3528 1112 3590 Mirabile
1123 3531 1227 3590 certet
1240 3530 1389 3604 Repente
1401 3527 1441 3586 ad
1457 3527 1548 3586 illius
1565 3539 1670 3586 sacrae
1682 3538 1750 3584 ma·

108 3643 181 3687 rum
198 3623 278 3702 qun
294 3625 352 3686 Dei
363 3627 414 3686 est
429 3623 469 3684 ad
484 3639 637 3699 magnam
650 3624 791 3698 gloriam
807 3640 901 3685 suam
957 3641 1019 3685 nus
1030 3626 1233 3696 contactum,
1249 3639 1322 3701 quae
1335 3621 1502 3698 seraphici
1518 3621 1638 3683 calculi
1652 3633 1749 3694 gere-

107 3723 259 3786 revelare
283 3737 414 3798 magna,
431 3737 504 3798 quae
529 3719 610 3782 iacit
631 3721 800 3792 Dominus,
816 3722 899 3798 ipse,
956 3721 1229 3791 batincendium,
1252 3721 1341 3780 omni
1363 3718 1476 3793 fugato
1499 3717 1626 3793 frigore
1636 3716 1748 3777 tantus

107 3822 185 3897 quia
209 3819 382 3896 signacula
407 3818 535 3879 secrete
561 3818 785 3893 impresserat,
799 3819 904 3880 mira·
956 3819 1113 3879 invirum
1129 3818 1217 3878 intus
1233 3817 1266 3876 et
1280 3817 1375 3876 extra
1389 3815 1482 3874 calor
1496 3813 1643 3884 advenit,
1656 3827 1697 3872 ac
1718 3813 1748 3872 si

108 3918 181 3979 cula
193 3917 344 3994 quaedam
359 3916 475 3992 aperte
490 3929 549 3991 per
560 3914 632 3990 ipsa
648 3915 855 3984 monstravit,
868 3915 904 3978 ut
957 3915 1108 3992 quaedam
1125 3915 1160 3974 in
1183 3928 1258 3973 eum
1284 3912 1336 3974 vis
1357 3911 1510 3972 ilammea
1534 3926 1577 3971 ex
1602 3908 1748 3970 fornacis

108 4015 245 4076 illorum
257 4013 386 4074 occulta
404 4013 436 4072 et
451 4011 535 4072 mira
550 4011 601 4072 vis
614 4011 817 4086 stigmatum,
831 4027 903 4071 ma·
958 4009 1125 4089 spiraculo
1141 4010 1367 4086 processisset.
1392 4009 1476 4068 Nam
1490 4006 1581 4068 illico
1591 4005 1623 4066 et
1639 4007 1748 4066 mente

109 4111 230 4174 nisesta
246 4112 373 4187 pateret
388 4109 539 4170 claritate
550 4108 733 4184 signorum.
958 4111 991 4170 et
1005 4122 1143 4184 corpore
1158 4105 1374 4180 confortatus,
1384 4104 1520 4166 suavius
1530 4103 1749 4164 intersaxaet

149 4211 185 4270 ln
209 4208 381 4284 provincia
405 4221 547 4282 namque
572 4206 725 4277 Reatina,
739 4206 840 4281 pestis
856 4206 904 4266 in·
957 4206 1052 4267 nives
1070 4220 1173 4281 usque
1201 4219 1297 4264 mane
1313 4202 1478 4270 dormivit,
1491 4216 1589 4278 quam
1602 4213 1748 4274 unquam

107 4307 264 4368 valuerat
282 4303 379 4366 valde
396 4303 519 4379 gravis,
549 4318 622 4379 quae
643 4318 722 4363 oves
744 4306 777 4364 et
802 4303 903 4364 hoves
958 4303 993 4363 in
1008 4301 1141 4379 proprio
1157 4301 1242 4362 lecto
1266 4301 1476 4377 pausaverat,
1494 4297 1663 4374 sicutipse
1676 4293 1750 4372 post

108 4419 223 4465 omnes
236 4404 284 4463 sio
299 4400 513 4462 consumebat
524 4399 713 4469 crudeliter,
729 4399 814 4476 quod
834 4402 904 4462 nul·
958 4399 1090 4460 modum
1105 4396 1284 4460 asserebat.

35 4495 37 4502 ’
107 4502 175 4561 lum
191 4500 322 4577 poterat
335 4496 518 4558 remedium
534 4496 696 4557 adhiberi.
715 4497 775 4558 Vir
793 4501 902 4560 autem
998 4496 1104 4556 Certis
1121 4495 1234 4571 itaque
1252 4495 1382 4556 constat
1400 4492 1544 4563 indiciis,
1570 4504 1665 4551 sacra
1689 4489 1749 4550 illa

108 4592 903 4675 quidamtimenslleumnooteluitpervisionem
958 4593 1130 4670 signacula
1161 4592 1253 4651 illius
1285 4591 1447 4666 impressa
1475 4588 1597 4649 virtute
1631 4585 1747 4654 tuisse,

107 4693 338 4762 commonitus,
364 4691 401 4752 ut
428 4689 469 4751 ad
498 4689 726 4752 eremitorium
761 4690 903 4753 fratrum
959 4691 1016 4767 qui
1044 4689 1238 4766 operatione
1262 4686 1439 4764 seraphioa
1464 4685 1593 4760 purgat,
1617 4681 1748 4742 illumi·

107 4791 305 4853 festinanter
319 4787 504 4859 accederet,
528 4789 561 4848 et
574 4787 717 4848 loturam
742 4803 901 4849 manuum
960 4787 1026 4859 nat,
1041 4791 1075 4848 et
1088 4785 1284 4848 inflammat.
1301 4799 1375 4844 oum
1389 4784 1472 4859 ipsa,
1487 4780 1673 4842 lorinsecus
1688 4793 1750 4839 ex-
1772 4847 1775 4856 ¹

106 4903 147 4950 ac
160 4887 279 4964 pedum
308 4884 423 4945 famuli
446 4883 506 4944 Dei
530 4883 712 4953 Francisoi,
735 4883 792 4960 qui
824 4885 903 4946 tunc
959 4883 1130 4960 purgando
1150 4884 1287 4958 apeste
1303 4879 1455 4949 salutem,
1471 4876 1695 4947 serenitatem,
1716 4875 1750 4936 et

106 4982 268 5061 temporis
284 4980 474 5044 morabatur
487 4979 622 5051 ibidem,
639 4981 821 5056 acceptam,
843 4997 902 5041 su·
959 4981 1103 5042 calorem
1128 4976 1322 5054 corporibus
1344 4975 1494 5037 efficacia
1513 4973 1597 5034 mira
1614 4972 1749 5034 conier-

107 5097 167 5159 per
182 5080 342 5142 animalia
358 5079 477 5140 cuncta
489 5078 709 5154 respergeret.
725 5079 824 5138 Mane
839 5078 904 5140 ita·
958 5078 1034 5140 rent
1049 5099 1056 5138 :
1073 5077 1159 5138 siout
1178 5076 1212 5136 et
1231 5077 1305 5152 post
1328 5074 1466 5134 mortem
1487 5070 1749 5134 evidentioribus

107 5195 172 5256 que
182 5193 321 5253 surgens
335 5175 429 5236 venit
449 5174 490 5234 ad
510 5174 629 5244 locum,
646 5174 820 5251 loturaque
835 5175 902 5236 hu·
958 5176 1009 5236 est
1027 5174 1287 5234 demonstratum
1307 5169 1468 5247 prodigiis
1489 5185 1549 5230 suo
1571 5169 1645 5230 loco
1667 5184 1748 5245 pos·

103 5274 253 5353 jusmodi
268 5289 327 5350 per
341 5273 450 5334 socios
473 5271 580 5332 sancti
605 5271 670 5331 viri
688 5271 829 5332 latenter
844 5272 904 5333 ob-
957 5271 1062 5333 terius
1088 5269 1298 5330 annotandis.
1320 5271 1393 5343 Ipse
1414 5283 1494 5330 vero
1512 5266 1590 5328 licet
1613 5266 1751 5326 thesau-

106 5375 211 5443 tenta,
228 5387 307 5432 oves
330 5375 363 5432 et
382 5369 488 5430 hoves·
498 5367 695 5443 languentes
717 5384 759 5428 ex
776 5384 816 5430 ea
831 5384 905 5430 res·
958 5383 1030 5428 rum
1063 5369 1234 5428 inventum
1264 5365 1298 5425 in
1331 5380 1412 5440 agro
1441 5364 1544 5426 multa
1574 5361 1748 5438 diligentia

109 5469 224 5546 persii.
241 5465 395 5530 Mirabile
421 5465 534 5527 dictu!
562 5465 679 5526 Statim
699 5465 735 5525 ut
754 5465 902 5541 aspersio
958 5465 1104 5528 studeret
1125 5463 1340 5535 abscondere,
1357 5463 1461 5524 latere
1478 5463 1588 5524 tamen
1608 5474 1673 5519 non
1690 5473 1750 5534 po·

109 5565 270 5627 animalia
300 5561 470 5639 languida,
496 5563 528 5624 et
559 5561 593 5624 in
622 5563 712 5624 terra
742 5563 901 5638 jacentia,
957 5562 1032 5633 tuit,
1063 5561 1142 5638 quin
1172 5559 1276 5638 aliqui
1307 5559 1461 5634 stigmata
1489 5556 1644 5618 viderent
1675 5567 1749 5614 ma·
