4184 6410
325 273 393 334 eis
759 271 791 332 S.
821 269 995 332 euronii
1021 269 1208 333 PADUANI
1237 273 1375 333 OPERA
1402 269 1550 334 oiiNin.
1921 271 1996 334 644

261 421 267 436 “
326 432 413 497 tium
436 431 554 493 eontra
579 427 757 502 diabolum,
783 431 817 492 et
837 430 987 506 pugnant
1011 427 1127 491 contra
1181 428 1308 491 nolenti
1332 429 1606 507 interpretantur.
1633 431 1732 493 'l'ales
1760 431 1838 494 sunt
1864 445 1996 492 omnes

329 531 449 592 bourn
463 526 650 588 Transeunt
665 525 802 588 Galaad.
819 528 882 588 iiio
896 529 947 590 est
963 541 1068 598 mous,
1091 527 1126 587 in
1182 526 1347 588 cruentati
1368 527 1534 602 sanguine
1555 529 1696 604 peccati.
1719 529 1759 590 m
1778 527 1864 590 bene
1887 528 1993 599 dicit,

326 641 399 704 quo
421 623 524 686 Jacob
545 639 620 684 cum
643 623 755 684 haban
784 624 930 686 firmavit
953 624 1060 686 ioedus
1087 623 1127 684 de
1182 623 1268 700 quod
1282 624 1367 685 tales
1381 619 1805 701 disponuuttestamentum
1819 626 1994 688 adsersus

332 739 415 799 paee
431 723 589 783 intereos
605 736 836 798 permansura,
853 722 1126 785 eterexitaoer-
1182 723 1286 784 Deum
1310 742 1318 781 z
1348 721 1445 782 modo
1472 722 1561 784 enim
1583 724 1722 798 peccant
1750 723 1887 800 aperte,
1923 738 1995 799 per

331 835 411 882 vum
430 819 577 894 lapidum
600 819 635 878 in
654 817 882 882 testimoninm
907 819 1010 896 hujus
1022 818 1125 895 pacis.
1182 817 1268 894 quod
1282 817 1424 890 videtur,
1448 819 1535 895 quod
1555 819 1707 882 iecerunt
1729 822 1990 891 testamentum,

331 916 395 978 liic
422 916 474 978 est
512 915 707 992 baptismus,
737 915 792 992 qui
819 931 967 991 cong-rue
1003 915 1126 977 dicitur
1182 916 1216 977 et
1244 916 1495 992 conjurationes
1527 931 1607 978 suas
1643 917 1685 998 ad
1713 917 1991 993 impugnandum

325 1029 474 1076 acervus
500 1013 685 1075 testimonii
709 1012 796 1074 inter
815 1013 982 1074 Christum
1005 1015 1038 1074 et
1053 1027 1126 1080 nos,
1183 1015 1298 1085 Deum,
1323 1014 1482 1090 uuquam
1504 1014 1609 1075 uelint
1641 1029 1718 1076 eum
1747 1015 1922 1092 expellere
1946 1014 1992 1074 de

327 1112 368 1173 in
392 1125 458 1188 quo
482 1110 659 1172 multitudo
697 1110 859 1174 donorum
897 1111 1127 1177 coacervatur,
1182 1110 1283 1182 terra,
1301 1109 1384 1170 etde
1399 1109 1495 1170 coelo.

326 1223 430 1286 quem
453 1207 599 1270 transire
613 1209 665 1268 est
683 1221 796 1283 paoem
821 1206 880 1268 Dei
903 1209 1126 1270 contemnere.
1223 1211 1260 1268 ln
1291 1205 1447 1268 secundis
1479 1207 1708 1270 tabernaculis
1743 1206 1897 1270 habitant
1926 1209 1992 1286 qiu

326 1305 425 1380 ‘Quod
460 1304 539 1366 ialsi
577 1303 752 1368 christiani
775 1305 951 1366 transeunt
982 1303 1126 1376 Galaad,
1183 1307 1260 1367 sunt
1280 1303 1316 1366 in
1328 1303 1511 1370 afflictione
1532 1305 1753 1382 poenitentiam
1768 1303 1801 1368 et
1815 1307 1992 1367 animail-

325 1401 419 1480 quod
436 1403 673 1479 interpretatur
694 1415 834 1463 acervus
849 1401 1044 1474 testimonii,
1068 1415 1127 1462 re·
1183 1401 1520 1480 lius,‹1uimilitatin
1541 1401 1605 1464 hoc
1619 1402 1852 1476 tabernaculo,
1871 1405 1991 1480 potest

327 1499 512 1577 linquendo
527 1498 626 1572 dona,
646 1515 723 1576 quae
741 1499 954 1561 coacervavit
973 1499 1129 1576 omnipo-
1182 1501 1295 1562 dicere
1319 1521 1327 1560 :
1351 1500 1459 1577 Nigra
1487 1515 1572 1572 sum,
1602 1499 1660 1562 sed
1686 1498 1844 1562 formosa.
1875 1502 1989 1577 Nigra

327 1599 406 1659 tens
428 1599 516 1660 Deus
538 1597 573 1657 in
597 1595 782 1673 baptismo:
798 1596 884 1660 tales
907 1611 975 1659 non
997 1596 1077 1657 sunt
1091 1595 1127 1656 iu
1183 1595 1318 1676 propter
1332 1595 1447 1658 sordes
1461 1597 1676 1674 poenitentiae,
1693 1597 1829 1666 cineris,
1845 1598 1880 1661 et
1899 1599 1986 1660 oili-

326 1695 475 1756 -cirouitu
498 1695 570 1766 Dei,
595 1694 663 1758 imo
682 1693 724 1756 ah
743 1693 816 1771 ipso
827 1695 1037 1772 separantur,
1052 1708 1127 1755 eum
1183 1692 1238 1766 eii,
1252 1695 1286 1756 ot
1299 1693 1489 1770 hujusmodi
1503 1713 1513 1753 a
1527 1692 1584 1754 sed
1599 1691 1745 1756 tormosa
1760 1692 1882 1756 decore
1902 1695 1985 1754 rir-

328 1791 575 1868 impugnando;
590 1790 677 1852 unde
693 1793 776 1854 Osee
792 1788 836 1871 (7,
848 1792 886 1852 15
897 1791 930 1852 et
945 1789 997 1872 lo)
1012 1791 1127 1866 :eligo
1182 1791 1301 1853 tutum.
1315 1791 1436 1853 Postea
1458 1789 1608 1868 sequitur
1624 1809 1631 1850 ε
1648 1791 1736 1852 sicut
1756 1789 1861 1867 pelles
1878 1791 1986 1854 Salo-

327 1887 463 1950 erudivi
501 1902 570 1956 eos,
598 1891 632 1952 et
659 1885 846 1950 confortari
880 1887 1054 1950 brachium
1079 1883 1126 1964 (i)
1183 1885 1983 1968 monis3quarumpuaedamsuntmhricatae(2)‚

327 1999 447 2046 eorum
471 2005 479 2045 ε
500 1986 532 2046 et
546 1985 779 2060 cogitaverunt
804 1987 920 2046 contra
950 2001 1002 2046 me
1028 1987 1128 2048 mali·
1183 2001 1243 2062 per
1256 1985 1343 2062 qnod
1364 1984 1575 2061 intelligitur,
1593 1984 1679 2064 quod
1699 1985 1796 2048 dehet
1816 2001 1894 2047 esse
1908 1986 1984 2047 ier-

329 2083 424 2143 tiam.
446 2082 585 2144 Reversi
607 2083 695 2154 sunt,
713 2083 749 2144 ut
771 2084 882 2145 esseut
908 2083 1127 2159 sinejugo;›
1182 2097 1265 2144 vens
1288 2083 1324 2144 in
1350 2081 1532 2157 charitate3
1560 2083 1712 2160 quaedam
1736 2083 1983 2160 hyacinthina

327 2180 429 2252 idest,
447 2181 484 2241 ut
498 2183 610 2241 essent
625 2179 686 2241 iiiii
711 2180 829 2253 Belial,
855 2179 942 2258 quod
961 2179 1128 2258 interpre-
1183 2195 1241 2256 per
1271 2179 1358 2258 quod
1390 2178 1603 2256 intelligitur,
1629 2179 1715 2258 quod
1751 2180 1821 2242 toto
1856 2181 1984 2244 affectu

326 2279 421 2340 tatur
434 2275 665 2356 absquejugo.
688 2279 788 2340 Facti
801 2279 883 2340 sunt
897 2281 998 2352 quast
1021 2293 1127 2341 orcus
1181 2277 1318 2340 tendere
1344 2276 1442 2339 debet
1461 2277 1504 2339 ad
1532 2276 1664 2340 ooelum.
1693 2279 1730 2338 in
1750 2277 1984 2341 tabernaculis

327 2378 488 2440 dolosus:
503 2390 578 2436 cum
593 2375 683 2436 enim
697 2374 833 2438 deberet
847 2375 1001 2438 emittere
1019 2375 1126 2452 sagit-
1181 2375 1291 2438 tertiis
1319 2374 1476 2448 militant,
1506 2376 1562 2452 qui
1591 2375 1670 2438 sunt
1694 2375 1729 2436 in
1756 2375 1983 2438 delectatione

328 2475 397 2534 tam
409 2473 445 2534 in
465 2473 707 2545 aduersarium,
732 2473 844 2550 reiicit
866 2473 975 2550 ipsam
987 2473 1023 2534 in
1039 2473 1126 2534 diri·
1182 2472 1491 2550 contemplationis;
1522 2473 1559 2532 ln
1588 2474 1724 2550 quarto,
1753 2473 1918 2550 quisunt
1946 2474 1983 2534 in

328 2573 473 2648 genum.
486 2571 526 2631 nt
540 2570 595 2632 isti
610 2572 688 2631 sunt
700 2569 803 2645 tales,
823 2571 903 2631 Cum
921 2569 1010 2634 enim
1026 2569 1128 2632 debe-
1182 2568 1340 2632 fruitione
1356 2573 1491 2631 oeternae
1506 2567 1688 2642 felicitatis,
1703 2570 1740 2631 ut
1752 2571 1931 2647 martyres,
1946 2572 1981 2633 et

329 2669 405 2730 rent
419 2667 744 2742 emittereeagittam
760 2667 875 2729 contra
888 2666 1070 2740 diabolum,
1094 2669 1127 2730 et
1181 2664 1400 2728 confessores.
1417 2666 1523 2726 Primi
1538 2665 1616 2727 sunt
1630 2667 1726 2728 extra
1747 2666 1883 2735 atrium,
1901 2668 1981 2744 quia

330 2777 481 2842 pugnare
512 2763 628 2825 eontra
663 2778 751 2830 eum.
787 2764 985 2841 impugnant
1009 2767 1124 2828 Deum.
1181 2761 1354 2824 immundi.
1384 2761 1528 2824 Secundi
1548 2764 1582 2824 in
1609 2763 1708 2830 atrio,
1730 2763 1890 2841 unquam
1912 2767 1981 2826 Deo

329 2861 427 2924 Tales
447 2862 525 2923 sunt
539 2860 596 2940 qui
609 2861 746 2939 accepta
765 2859 953 2924 litterarum
970 2861 1124 2935 scientia,
1180 2860 1353 2922 immolati.
1367 2860 1470 2923 Tertii
1482 2859 1686 2923 introierunt
1701 2861 1736 2921 iu
1752 2862 1887 2933 Sancta,
1902 2877 1981 2923 con·

330 2959 364 3021 et
376 2958 606 3035 magnitudine
628 2958 804 3031 honorum,
826 2959 905 3020 inde
931 2973 951 3022 a
980 2961 1048 3022 Deo
1073 2958 1127 3020 iu·
1180 2955 1377 3036 templatiri,
1407 2959 1440 3020 et
1466 2972 1526 3035 per
1553 2958 1783 3034 poenitentiam
1812 2959 1979 3021 mundati.

330 3056 437 3134 grum,
458 3059 491 3118 et
506 3059 625 3135 jugum
649 3055 710 3117 Dei
725 3057 944 3128 excutientes,
961 3056 1050 3119 hosti
1066 3072 1125 3118 suo
1181 3055 1298 3128 Quarti
1332 3055 1368 3115 in
1396 3055 1517 3116 Sancta
1552 3055 1763 3132 sanctorum,
1796 3054 1868 3133 jam
1904 3071 1979 3117 cum

330 3169 368 3215 se
382 3155 590 3232 supponunt;
612 3155 646 3216 et
668 3153 716 3214 iia
739 3155 818 3216 sunt
831 3153 928 3230 quasi
953 3167 1051 3214 arcus
1066 3153 1127 3216 do·
1181 3153 1314 3214 Christo
1331 3151 1432 3214 beati.
1456 3151 1722 3214 Tabernaculum
1742 3153 1887 3214 divisum
1907 3155 1980 3216 erat

330 3251 434 3324 loeus,
454 3251 511 3328 qui
521 3251 643 3313 emittit
657 3251 814 3325 sagittam
839 3249 874 3310 in
899 3249 1018 3311 taciem
1043 3249 1127 3311 dirl-
1181 3251 1216 3311 in
1252 3250 1391 3319 Sancta,
1413 3250 1447 3311 et
1477 3251 1600 3312 Sancta
1641 3250 1851 3312 Sanctorum.
1888 3252 1980 3312 luter

331 3349 453 3426 gentis.
470 3350 507 3408 in
529 3347 651 3424 sagitta
671 3349 749 3408 sunt
771 3347 847 3419 tria,
875 3345 1012 3420 terrum,
1030 3348 1126 3410 hasta
1163 3349 1304 3424 ‚Sancta
1318 3348 1392 3409 erat
1405 3345 1654 3419 candelabrum,
1668 3347 1755 3409 idest
1768 3348 1979 3425 contempla-

331 3448 436 3519 recta,
451 3447 483 3506 et
504 3459 632 3522 pennae.
651 3446 718 3506 Per
737 3443 864 3506 terrum
883 3445 981 3507 acuta
1003 3444 1127 3522 praedi·
1180 3445 1227 3507 tio
1241 3444 1312 3506 reri
1327 3444 1475 3516 luminis,
1493 3447 1526 3506 et
1544 3444 1657 3506 lumen
1672 3445 1977 3522 contemplationis,

331 3541 431 3613 catio,
445 3543 478 3604 et
486 3538 647 3605 terribilis
657 3541 873 3604 comminatio
886 3562 894 3602 ε
905 3543 970 3604 Per
981 3542 1124 3616 hastam,
1180 3557 1295 3604 mensa
1310 3541 1558 3620 propositionis,
1575 3543 1608 3604 et
1622 3541 1730 3604 altare
1744 3557 1896 3614 aureum,
1915 3559 1977 3604 su-

331 3639 471 3702 scientia
496 3637 603 3702 tidelis
625 3643 658 3702 et
679 3641 771 3702 recta
787 3661 795 3700 ι
812 3641 878 3701 Per
896 3654 1035 3717 pennas,
1052 3641 1125 3717 spi-
1181 3655 1240 3718 per
1273 3639 1361 3718 quod
1394 3638 1636 3702 incendebatur
1668 3641 1872 3718 thymiama3
1897 3641 1978 3718 quia

331 3737 465 3798 ritualis
482 3722 635 3800 intentio‘.
659 3740 730 3800 Hoc
745 3739 892 3800 maxime
905 3736 947 3800 ad
963 3737 1125 3800 sacerdo-
1181 3738 1268 3800 sicut
1287 3737 1369 3800 dicit
1395 3735 1651 3798 Ecclesiasticus
1675 3734 1739 3816 (35,
1763 3735 1797 3816 8)
1815 3759 1822 3798 :
1844 3737 1978 3801 oblatio

329 3836 380 3896 tes
395 3834 550 3912 pertinet.
1176 3835 1260 3914 justi
1282 3834 1468 3911 impinguat
1486 3833 1603 3896 altare.
1621 3835 1711 3895 Inter
1733 3835 1855 3896 Sancta
1872 3849 1978 3896 sanc-

371 3933 469 4007 Nota,
486 3931 572 4010 quod
588 3931 722 3994 diversa
742 3931 960 3996 tabernacula
983 3933 1126 4010 legimus
1180 3941 1289 3995 torum
1304 3933 1377 3994 erat
1397 3930 1586 4003 Cherubim,
1602 3933 1701 4002 Arca,
1720 3933 1754 3994 et
1768 3932 1978 4009 Propitiato-

330 4029 367 4092 in
395 4045 492 4092 sacra
530 4029 714 4105 Scriptura.
749 4029 1014 4093 Tabernaculum
1044 4031 1125 4092 Idu·
1181 4030 1277 4091 rium.
1294 4027 1472 4090 Cherubim
1487 4029 1538 4091 est
1557 4028 1728 4105 plenitudo
1743 4028 1907 4102 scientiae,
1924 4031 1980 4092 rel

331 4141 509 4200 maeorum3
526 4124 613 4186 unde
628 4126 664 4186 in
679 4125 812 4187 Psalmo
824 4125 888 4206 (82,
904 4125 940 4205 6)
953 4143 990 4187 :a
1003 4127 1127 4188 Adver-
1180 4127 1323 4188 societas
1333 4125 1548 4202 Angelorum,
1560 4141 1659 4204 quam
1670 4129 1739 4204 jam
1754 4125 1980 4189 beatihabent

332 4237 406 4284 sum
415 4224 447 4284 te
458 4221 862 4293 testamentumnscilicet
871 4223 1124 4300 conjurationis,
1180 4223 1216 4285 iu
1240 4239 1288 4296 re,
1310 4222 1369 4285 alii
1391 4226 1427 4284 ut
1446 4224 1529 4301 justi
1555 4223 1591 4284 iu
1616 4239 1685 4300 sps.
1708 4223 1872 4297 Similiter
1891 4225 1979 4302 quod

332 4318 604 4396 «disposuerunt
624 4317 842 4380 tabernacula
859 4319 1079 4381 idumaeorum
1094 4336 1124 4381 s.
1179 4321 1340 4399 templum
1362 4319 1505 4382 diuisum
1529 4322 1602 4383 erat
1624 4321 1660 4381 in
1684 4320 1767 4382 duas
1789 4323 1924 4398 partes;
1942 4323 1979 4383 in

332 4415 563 4479 Tabernaoula
577 4415 798 4489 Gedar3unde
808 4416 843 4476 in
854 4416 1001 4478 canticis
1014 4413 1125 4496 (i,4)=
1181 4419 1288 4496 prima
1309 4420 1407 4480 erant
1428 4419 1621 4494 Sancta3'iu
1646 4419 1837 4496 posteriori,
1855 4421 1979 4482 Sancta

309 4581 314 4590 ,
331 4515 470 4590 «Nigra
484 4529 568 4586 sum,
584 4512 642 4574 sed
659 4511 815 4585 formosa,
837 4513 923 4575 sicut
939 4513 1044 4592 pelles
1064 4516 1127 4577 Sa·
1182 4517 1394 4577 sanctorum:
1413 4517 1450 4578 In
1474 4515 1582 4594 prima
1604 4518 1699 4596 parte
1726 4515 1804 4577 sunt
1826 4515 1890 4588 illi,
1921 4518 1979 4594 qui

332 4613 486 4684 lomonis,
504 4609 590 4673 sicut
605 4607 821 4674 tabernacula
833 4609 939 4672 cedar
953 4627 982 4672 n.
997 4609 1126 4674 'laber-
1182 4615 1259 4676 sunt
1284 4610 1537 4674 tabernaculum
1562 4612 1678 4685 Jacob,
1693 4613 1750 4691 qui
1770 4613 1979 4676 delectantur

333 4711 489 4774 naculum
510 4707 632 4784 Jacob;
662 4707 749 4770 unde
763 4708 799 4770 in
814 4707 1048 4788 Numeriem,
1068 4708 1124 4789 5):
1181 4709 1216 4772 in
1240 4709 1443 4788 pinguedine
1471 4709 1657 4786 pretiosio
1678 4710 1859 4787 posteriori
1882 4713 1978 4788 parte

334 4811 438 4881 Quam
454 4807 593 4885 pulchra
608 4807 687 4868 sunt
700 4805 917 4868 tabernacula
931 4805 1045 4870 Jacob.
1062 4809 1128 4868 Ta·
1181 4809 1254 4870 erat
1264 4823 1348 4868 urna
1363 4823 1467 4870 aurea
1483 4807 1581 4884 plena
1592 4823 1727 4880 manna,
1740 4811 1774 4870 et
1785 4808 1975 4880 Cherubim,

332 4903 708 4979 bernaculumDomlni3
721 4903 851 4966 undein
862 4904 996 4968 Psalmo
1006 4903 1070 4984 (83,
1079 4902 1125 4984 2):
1182 4906 1214 4967 et
1237 4905 1505 4982 propitiatorium
1523 4926 1531 4965 ε
1548 4905 1583 4965 in
1605 4905 1669 4966 hac
1693 4906 1788 4982 parte
1808 4907 1886 4967 sunt
1913 4905 1975 4978 illi,

335 5005 444 5070 Qucum
471 5001 592 5064 dilectu
616 5001 837 5064 tabernacula
866 5003 943 5073 tua,
968 5005 1126 5064 Domine.
1182 5000 1239 5078 qui
1260 5003 1338 5063 sunt
1355 5002 1391 5064 in
1412 5001 1638 5064 tabernaculis
1651 5003 1784 5064 Domini
1805 5003 1975 5065 virtutum.

334 5101 372 5161 ln
398 5097 514 5176 primis
549 5099 598 5159 est
632 5095 862 5159 umbraculum
891 5097 1038 5180 carnalis
1065 5098 1127 5159 de·
1183 5099 1231 5160 lbi
1245 5099 1296 5160 est
1310 5099 1501 5172 Cherubim,
1518 5099 1605 5162 idest
1623 5099 1796 5176 plenitudo
1815 5099 1975 5172 soientiae,

334 5193 534 5260 lactationis.
567 5195 604 5256 ln
637 5193 708 5256 illis
741 5193 898 5268 militant,
931 5196 989 5274 qui
1025 5195 1128 5272 agumt
1183 5211 1280 5274 quam
1295 5195 1419 5258 habent
1431 5197 1561 5274 ipsi;et
1573 5211 1657 5258 urna
1677 5211 1793 5268 aurea,
1809 5196 1896 5259 idest
1908 5197 1979 5274 spi-

335 5309 450 5358 curam
461 5292 497 5353 in
511 5291 699 5353 desideriis.
715 5295 863 5354 idumaei
879 5293 970 5354 enim
991 5294 1129 5370 sangui·
1182 5293 1321 5355 rituales
1342 5294 1491 5370 deliciae3
1513 5296 1546 5357 et
1565 5309 1698 5366 manua,
1715 5293 1802 5356 idest
1819 5294 1977 5357 divinitas

372 5435 413 5568 tl)
434 5434 514 5492 Vera.
530 5431 659 5504 Syriaca;
676 5433 782 5561 vulfs
800 5432 928 5491 brachia.
1182 5433 1280 5501 thinis,
1301 5433 1390 5491 Exodi
1406 5434 1451 5501 iu,
1466 5434 1510 5491 ii.
1526 5435 1619 5492 Pelles
1638 5441 1733 5492 aulem
1755 5434 1927 5502 Salomonis,
1941 5434 1977 5492 de

384 5507 413 5581 2)
428 5503 564 5574 Quodam
582 5501 649 5560 suut
664 5503 812 5562 rubicatae
838 5502 1126 5586 credeban-naculum
1182 5505 1285 5587 quibus
1312 5505 1500 5587 lucanicis,
1522 5520 1580 5562 non
1604 5505 1667 5563 alias
1681 5512 1757 5573 sunt,
1781 5505 1975 5578 aborigines,

231 5605 240 5630 ι
337 5577 451 5638 luderis
468 5574 619 5648 tegebatur
641 5573 761 5647 pellibus
781 5545 946 5646 rubricatis,
962 5581 989 5632 et
1006 5573 1125 5648 hyacin·
1181 5575 1231 5634 hb.
1245 5579 1280 5645 ll,
1293 5575 1323 5634 iu
1337 5577 1444 5634 canuc.
1462 5577 1653 5649 quant-peiles
1662 5573 1838 5634 tabernaculi
1852 5579 1914 5634 liei.
