4114 6396
112 365 173 430 969
498 369 606 432 PARS
634 369 778 430 PRIMA.
794 395 834 414 —·
853 369 1072 430 Expostulo
1099 370 1144 431 IN
1172 371 1370 432 PSALMOS.
1691 369 1752 430 970

114 523 404 600 satisfaciendum
438 525 527 588 unde
556 526 710 588 ieremias
734 523 799 605 (49,
824 524 905 605 22)=
960 527 1038 588 vitae
1082 527 1297 602 excellentia;
1342 530 1437 600 Sion,
1482 525 1632 604 specula;
1673 527 1753 603 quia
1801 569 1803 578 .

112 621 265 684 obterit
288 635 346 684 cor
366 622 501 684 tortium
525 623 679 684 Idumaeae
700 623 735 683 in
757 622 811 684 die
833 623 905 696 illa,
961 624 1136 701 utrumque
1159 624 1318 686 convenit
1343 624 1493 700 praelato.
1530 625 1567 684 In
1602 623 1753 686 Ecclesia

113 719 210 796 quasi
231 734 291 779 cor
308 719 461 780 mulieris
480 720 712 796 parturientis3
738 720 833 796 quasi
854 719 907 779 di·
960 721 1082 792 autem,
1103 723 1136 782 et
1156 721 1196 782 de
1215 721 1364 788 Ecclesia
1386 719 1658 797 contemplantur.
1675 721 1752 782 boni

112 817 167 876 oat
190 835 198 875 t
225 815 319 877 Sicut
337 814 398 876 luit
419 817 574 892 peccator
598 815 693 878 tortis
717 816 757 876 ad
782 815 906 876 malum
960 817 1101 893 praelati,
1117 815 1212 892 quasi
1225 817 1265 878 de
1280 817 1425 893 specula,
1442 815 1518 893 quid
1535 817 1683 880 futurum
1697 819 1751 890 sit,

111 911 382 988 perpetrandum,
397 911 446 973 sic
461 911 593 974 fortiter
607 912 704 974 debet
717 913 858 985 conteri,
872 913 906 974 et
961 913 994 974 et
1005 911 1189 974 minoribus
1207 914 1378 986 nunciant,
1400 914 1488 974 unde
1503 915 1599 976 lsaiae
1615 913 1679 992 (al,
1692 913 1728 992 8)
1744 937 1751 974 :

112 1008 209 1085 quasi
223 1009 413 1084 parturiens
428 1007 542 1070 dolore
557 1009 719 1070 confiteri.
740 1012 905 1082 usquead
960 1023 978 1068 t
999 1009 1106 1084 Super
1125 1009 1293 1086 speculam
1316 1010 1447 1070 Domini
1468 1026 1530 1086 ego
1554 1027 1639 1084 sum,
1662 1013 1753 1073 stans

110 1106 288 1166 desertum
308 1108 381 1167 Stu.
408 1105 467 1165 Sin
491 1106 733 1181 interpretatur
751 1106 905 1166 tentatio.
956 1105 1083 1179 Jugiter
1096 1121 1155 1181 per
1167 1105 1265 1177 diem,
1288 1106 1320 1168 et
1334 1121 1435 1182 super
1448 1121 1555 1167 meam
1569 1107 1754 1168 custodiam

111 1205 155 1264 Iu
168 1205 333 1274 mertdtc;
355 1201 390 1262 in
409 1217 473 1278 quo
498 1201 609 1263 fervor
629 1202 825 1263 tentationis
845 1217 908 1263 no-
960 1215 1022 1276 ego
1049 1217 1133 1272 sum,
1157 1203 1249 1264 stans
1273 1201 1352 1263 totis
1375 1202 1578 1264 noctibus.»
1603 1205 1682 1284 Haec
1702 1207 1754 1266 est

110 1297 214 1370 tatur,
231 1313 304 1374 quaa
318 1312 386 1358 non
402 1297 500 1360 debet
516 1297 640 1360 habere
654 1299 763 1360 locum
780 1298 815 1358 in
831 1313 905 1374 poe·
960 1298 1120 1373 Ecclesia,
1144 1315 1356 1377 superquam
1373 1299 1469 1361 dehet
1487 1301 1576 1362 stare
1596 1301 1753 1376 praelatus

111 1395 250 1458 nitente.
266 1394 315 1456 Ab
329 1395 431 1456 Edom
448 1395 554 1471 igitur
564 1411 669 1473 usque
681 1396 722 1457 ad
738 1396 905 1458 desertum
959 1394 1115 1470 vigilans,
1149 1411 1251 1472 super
1277 1411 1412 1472 gregem
1441 1411 1538 1457 suum
1567 1396 1751 1458 excubans.

112 1493 172 1554 Sin
192 1494 309 1554 contra
328 1493 513 1568 meridiem,
536 1494 701 1555 terminus
719 1495 770 1555 est
790 1493 903 1568 Judae;
960 1491 1024 1553 Sed
1060 1492 1139 1569 quid
1172 1491 1316 1554 audivitl
1350 1493 1439 1555 Idem
1468 1495 1573 1554 isaias
1604 1494 1755 1571 sequitur

110 1590 190 1667 quia
211 1605 231 1652 a
255 1592 389 1666 peccato
414 1605 518 1668 usque
543 1591 584 1652 ad
606 1590 771 1652 fervorem
794 1591 905 1652 teuta-
960 1585 1025 1667 (21,
1038 1587 1072 1667 9)
1085 1606 1093 1649 :
1107 1605 1126 1650 a
1139 1589 1275 1657 Cecidit,
1290 1590 1410 1652 cecidit
1421 1589 1580 1667 Babylon,
1596 1593 1628 1652 et
1640 1591 1753 1652 omnia

112 1685 213 1750 tionis
239 1686 335 1748 debet
360 1687 461 1763 dirigi
494 1687 611 1748 oculus
639 1687 843 1764 poenitentis,
869 1687 905 1748 ut
959 1685 1128 1762 sculptilia
1163 1685 1300 1748 deorum
1333 1689 1405 1762 ejus
1439 1689 1582 1750 coutrita
1612 1691 1690 1750 sunt
1717 1687 1752 1748 in

112 1785 284 1860 peccatum
296 1784 476 1861 relinquat,
489 1785 523 1847 et
534 1785 581 1846 ita
593 1784 629 1845 in
642 1800 680 1845 se
694 1784 858 1858 terminet,
872 1785 905 1845 et
957 1783 1133 1856 terram3»
1164 1783 1243 1858 quia
1266 1783 1436 1859 praelatus,
1469 1784 1523 1849 vel
1554 1785 1754 1860 predicator
1864 1839 1866 1844 ,

113 1879 238 1942 terrori
250 1880 443 1942 tentationis
457 1883 616 1958 quantum
631 1881 740 1958 potest
753 1881 901 1953 resistat3
958 1877 1124 1954 duplicem
1143 1880 1276 1939 ruinam
1298 1882 1457 1956 quantum
1478 1881 1520 1942 ad
1542 1881 1701 1956 animam,
1719 1885 1753 1944 et

112 1977 200 2038 unde
223 1977 450 2039 Ecclesiastici
465 1977 510 2058 (2,
531 1977 563 2054 1)
578 1999 586 2038 :
607 1994 625 2037 s
644 1977 719 2049 Fili,
742 1977 903 2038 accedens
958 1977 1119 2050 quantum
1134 1975 1176 2036 ad
1191 1991 1311 2052 corpus
1326 1976 1423 2039 dehet
1436 1978 1644 2038 annunciare
1658 1979 1753 2056 gregi

111 2073 153 2135 ad
168 2075 361 2136 servitutem
376 2075 449 2146 Dei,
463 2075 513 2136 sta
527 2075 561 2135 in
568 2075 712 2152 Justitia,
727 2076 760 2135 et
770 2075 901 2146 timore,
958 2087 1019 2132 suo
1042 2070 1222 2133 futuram:
1255 2073 1301 2134 Et
1326 2075 1443 2135 omnio
1467 2075 1639 2149 sculptitia
1663 2079 1750 2150 mats,

111 2172 145 2234 et
158 2186 310 2248 praepara
325 2171 470 2232 animam
484 2172 575 2233 tuam
588 2172 630 2232 ad
643 2172 904 2233 tentationem.»
957 2167 1043 2230 idest
1061 2169 1143 2230 vitia
1159 2170 1319 2245 corporis,
1338 2171 1370 2230 et
1386 2171 1518 2242 animae,
1536 2171 1665 2233 scilicet
1684 2187 1752 2233 om·

112 2271 149 2329 ln
168 2268 232 2330 hoo
251 2270 374 2339 autem,
397 2269 483 2346 quod
504 2269 662 2347 sequitur,
685 2268 904 2330 ostenduntur
957 2265 1014 2326 nia
1027 2266 1188 2342 peritura,
1205 2266 1291 2328 idest
1310 2266 1530 2342 cogitationes
1544 2269 1703 2331 vanitatis
1715 2271 1751 2330 in

111 2368 180 2427 tres
197 2366 307 2442 partes
330 2365 545 2442 poenitentiae.
568 2367 713 2427 Initium
728 2369 813 2438 ejus,
835 2365 905 2426 sci·
956 2361 1080 2426 terram
1096 2364 1362 2439 prosternentur3
1378 2365 1426 2427 tot
1438 2364 1526 2425 enim
1539 2358 1641 2428 habet
1652 2367 1751 2428 bomo

111 2461 190 2524 licet
209 2463 338 2523 maris:
360 2465 444 2524 Ecce
467 2462 654 2523 amaritudo
679 2462 900 2532 contritionis,
956 2460 1137 2534 sculptilia,
1155 2461 1234 2536 quot
1248 2459 1348 2522 habet
1361 2461 1456 2522 vitia.

112 2559 189 2636 quia
212 2559 369 2621 contritio
392 2558 434 2620 ab
454 2559 678 2621 amaritudine
698 2558 793 2620 debet
817 2558 903 2619 inci·
995 2555 1041 2616 et
1062 2557 1245 2628 oedtlloautt
1263 2558 1352 2619 sicut
1373 2561 1595 2621 unicornium
1615 2561 1750 2622 suncti·-

111 2671 200 2734 pere,
218 2673 290 2733 quae
309 2656 407 2718 debet
424 2671 499 2717 esse
513 2655 618 2731 salsa;
639 2655 674 2716 in
689 2672 753 2732 qua
768 2656 903 2717 notatur
956 2652 1074 2724 rictum
1094 2667 1208 2714 auum.
1237 2655 1416 2716 Unicornis
1438 2653 1485 2735 (1)
1509 2673 1575 2718 non
1601 2660 1710 2734 potest
1731 2675 1751 2722 a

112 2754 224 2814 carnis
245 2752 467 2814 mortificatio.
491 2752 547 2814 Sal
569 2767 700 2815 vermes
718 2751 850 2823 occidit,
869 2755 903 2814 et
956 2749 1169 2810 venatoribus
1185 2751 1270 2826 capi,
1284 2752 1350 2812 nisi
1364 2768 1438 2813 cum
1451 2753 1573 2817 viderit
1585 2754 1751 2830 virginem

111 2849 318 2926 aputredine
333 2865 451 2911 carnes
467 2850 580 2911 servat
596 2871 603 2909 ι
620 2849 668 2910 sio
683 2849 795 2911 carnis
812 2865 903 2910 mor·
957 2845 1226 2922 pulcherrimam,
1243 2851 1277 2910 et
1293 2851 1456 2924 ornatam,
1472 2854 1569 2927 cujus
1586 2853 1749 2928 gremium

109 2946 247 3009 tilicatio
262 2947 440 3008 conservat
452 2947 662 3022 poenitentes,
682 2961 726 3008 ne
742 2947 902 3008 accedant
956 2942 1097 3016 intrans,
1109 2944 1232 3006 ibidem
1241 2945 1384 3022 capitur.
1398 2947 1453 3007 Sic
1464 2948 1597 3026 quidam
1608 2948 1750 3022 feroces,

110 3044 152 3105 ad
175 3044 389 3121 peccandum.
406 3045 477 3105 «et
495 3044 656 3120 elingua,
673 3060 746 3122 quae
765 3043 902 3120 respicit
956 3041 989 3102 et
1001 3040 1136 3117 superbi
1151 3057 1219 3102 non
1233 3042 1412 3118 capiuntur
1424 3059 1445 3104 a
1459 3045 1750 3120 predicatoribus,

110 3140 153 3202 ad
170 3141 341 3201 meridiem
355 3157 393 3202 :a
413 3143 497 3202 Ecce
515 3139 690 3202 consessio.
711 3141 832 3203 Auster
843 3141 903 3204 ilat
956 3137 1022 3198 nisi
1044 3138 1322 3214 promissionibus
1341 3141 1483 3216 virginis
1495 3143 1654 3203 Ecclesiae
1674 3158 1752 3219 spe-

111 3252 131 3298 a
156 3237 307 3311 meridie,
334 3238 392 3314 qui
419 3254 494 3298 oum
523 3239 567 3300 sit
591 3237 732 3312 calidus,
759 3239 900 3314 glaciem
956 3235 1055 3316 ciosae
1074 3236 1166 3298 vellit
1186 3236 1221 3297 in
1245 3238 1372 3312 gremio
1395 3239 1581 3314 capiantur.
1608 3243 1654 3301 De
1676 3239 1752 3301 istis

110 3335 426 3412 dissolvitLtnguo,
440 3335 525 3397 idest
537 3334 707 3397 confessio
717 3335 900 3412 respiciens
955 3333 1169 3394 venatoribus
1187 3333 1476 3397 dieiturleremiae
1489 3335 1608 3415 (lale
1624 3339 1657 3398 et
1675 3335 1725 3416 17)
1740 3359 1751 3402 ι

110 3432 152 3492 ad
176 3431 375 3493 dominicam
399 3432 541 3506 gratiam
566 3431 760 3494 dissolvitur
780 3447 800 3493 a
822 3449 902 3509 pec·
955 3444 974 3488 t
998 3429 1125 3491 Mittam
1147 3431 1196 3491 eis
1221 3431 1342 3492 multos
1365 3435 1554 3506 venatores,
1582 3434 1616 3495 et
1640 3450 1753 3496 vena-

109 3528 207 3604 catis3
224 3528 333 3589 unde:
354 3529 560 3601 «Converte,
580 3529 730 3600 Domine,
754 3529 899 3604 captivi·
954 3523 1078 3588 buntur
1089 3543 1147 3588 eos
1158 3527 1201 3588 de
1209 3529 1300 3590 omni
1312 3530 1436 3600 monte,
1450 3531 1483 3590 et
1495 3530 1536 3590 ds
1547 3532 1637 3591 omni
1650 3533 1748 3602 colle,

108 3625 210 3686 tatem
232 3625 391 3699 nostram,
414 3625 501 3688 sicut
525 3626 657 3685 torrens
683 3625 718 3684 in
743 3628 865 3685 Austro
882 3641 904 3684 u
955 3625 988 3685 et
1014 3623 1054 3684 de
1076 3624 1230 3685 cavernis
1252 3626 1444 3701 petrarum:
1468 3627 1547 3703 quia
1570 3628 1660 3688 oculi
1682 3629 1748 3690 mei

110 3719 213 3801 (Psal.
240 3723 309 3794 125,
327 3720 376 3799 4);
402 3721 479 3798 quia
505 3720 614 3797 gratia
637 3721 736 3783 solvit
759 3720 900 3796 glaciem
956 3735 1056 3796 super
1079 3735 1193 3780 omnes
1217 3721 1289 3781 vias
1310 3736 1437 3783 eorum.
1461 3725 1565 3783 »Per
1586 3728 1749 3797 montem,

108 3817 304 3895 iniquitatis.
316 3835 335 3878 a
346 3817 586 3895 Egrediturque
598 3819 713 3880 contra
726 3833 900 3878 ascensum
955 3815 1127 3892 snperbia,
1144 3832 1205 3893 per
1217 3817 1331 3886 eolles,
1349 3817 1503 3890 declivia,
1518 3819 1596 3895 quia
1613 3821 1747 3897 superbi

109 3917 307 3992 scorpionis,
319 3913 436 3976 »idest
448 3914 775 3988 ascensumdiaboli;
787 3913 823 3974 in
836 3929 900 3991 quo
955 3913 1099 3974 declives
1112 3914 1200 3988 sunt,
1216 3916 1250 3975 et
1260 3914 1357 3990 proni
1370 3914 1411 3974 ad
1425 3916 1644 3992 peccandum3
1659 3920 1694 3980 ct
1707 3921 1748 3980 de

109 4014 243 4075 notatm
255 4011 450 4080 satisfactio,
465 4027 538 4088 quae
548 4010 647 4073 debet
656 4011 775 4073 contiri
785 4013 899 4073 contra
954 4014 1124 4082 cauernis,
1148 4027 1207 4087 per
1230 4011 1316 4087 quod
1333 4013 1455 4074 occulti
1476 4013 1512 4074 in
1532 4013 1661 4076 malitia
1683 4031 1748 4076 no-

108 4111 289 4187 peooatum.
316 4111 401 4172 Nam
425 4108 556 4186 scorpio
586 4108 756 4170 blanditur
779 4109 898 4185 capite,
953 4109 1081 4183 tantum
1103 4109 1298 4182 petrarum,
1316 4125 1376 4186 per
1396 4111 1483 4186 quod
1503 4111 1626 4172 duritia
1649 4116 1748 4174 nom-

107 4206 213 4268 cauda
225 4207 353 4284 pungit,
367 4207 483 4268 contra
495 4208 589 4283 cujus
602 4221 777 4268 ascensum
792 4206 899 4283 poeni·
952 4205 1018 4276 tur,
1049 4205 1127 4282 quia
1151 4205 1339 4278 malitiosae,
1363 4208 1397 4270 et
1420 4207 1594 4270 obstinatae
1619 4212 1747 4272 mentes

106 4303 182 4364 tens
212 4303 383 4378 egreditur
412 4318 472 4380 per
509 4319 612 4380 opera
645 4301 895 4364 satisfactionis.
953 4319 1013 4379 per
1024 4303 1084 4364 Dei
1096 4303 1389 4378 gratiamabonis
1409 4305 1686 4381 praedicatoribus
1705 4309 1746 4370 ab

108 4399 238 4470 Quanta
260 4399 349 4458 enim
375 4399 502 4460 malitia
526 4399 678 4462 diabolus
702 4401 818 4462 contra
838 4416 898 4462 nos
952 4399 1122 4460 erroribus
1143 4401 1213 4461 suis
1234 4403 1446 4474 revocantur,
1467 4404 1502 4464 ut
1523 4405 1590 4466 sint
1611 4407 1746 4467 sarlati-

108 4493 269 4567 ascendit,
280 4494 370 4554 tanto
381 4497 496 4556 contra
511 4511 586 4556 eum
602 4496 758 4558 debemus
771 4497 895 4573 egredi,
951 4498 1079 4568 siclum,
1096 4495 1182 4560 idest
1193 4497 1353 4578 templum
1368 4498 1509 4560 Domini.

107 4591 145 4652 ut
162 4605 336 4650 excessum
360 4590 497 4651 malitiae
519 4591 675 4667 operibus
695 4594 897 4670 poenitentiae
1444 4649 1447 4654 .

106 4701 428 4761 commensuremus3
450 4686 536 4747 unde
559 4689 728 4764 sequitur:
752 4691 796 4751 at
813 4705 898 4762 par·
1220 4701 1359 4762 SERMO
1382 4701 1475 4762 cml,

107 4785 236 4846 trauan
255 4787 292 4845 tn
310 4782 420 4845 statut.
440 4783 533 4844 Sinai
554 4798 711 4845 mensura
732 4785 898 4862 interpre-

105 4881 206 4952 tatur,
232 4882 265 4943 et
292 4879 445 4956 designat
470 4895 660 4940 mensuram
682 4881 895 4957 penitentie,

106 4979 184 5056 quia
206 4960 505 5039 debet'setistactio
522 4977 702 5052 parificari,
727 4978 781 5039 vel
804 4994 898 5040 men-

105 5075 216 5136 surari
243 5074 360 5150 culpae,
385 5089 448 5134 nec
471 5073 568 5135 debet
591 5089 664 5136 esse
688 5074 896 5151 perfructus
951 5046 1450 5156 Ads²⁴van⁰⁸293u⁸⁸f³l²ftm⁸
1463 5048 1583 5110 '‘OM''
1597 5051 1631 5112 3⁶
1642 5067 1754 5130 Pi'OIt*

104 5172 310 5250 poenitentiae
336 5173 420 5248 ejus,
449 5171 505 5247 qui
533 5171 643 5232 minus
677 5173 837 5248 peccavit,
865 5175 898 5236 et
990 5141 1446 5218 terplortumuomucmtut,
1465 5148 1746 5218 nomamuoerc

103 5269 196 5329 illius
212 5267 265 5348 qui
281 5267 403 5342 magis3
420 5265 527 5328 uude:
543 5269 662 5330 Facite
675 5272 793 5346 dignos
807 5273 897 5346 Dato·
990 5251 1063 5311 '²⁰⁸’
1092 5238 1127 5298 et
1148 5237 1321 5311 pmpmus
1344 5239 1418 5301 ⁶⁸⁸⁰
1439 5243 1590 5314 ²²3⁰⁰⁰²²⁸
1613 5247 1745 5308 ⁹²0⁸&ss

105 5367 161 5428 tm
172 5364 385 5440 micenam
400 5361 524 5442 (ΒΜ,
539 5365 570 5436 3,
586 5364 632 5443 8)ο
988 5335 1133 5408 propter
1146 5347 1272 5395 nomeu
1288 5335 1397 5396 turum.
1413 5333 1517 5416 (Psal.
1533 5341 1584 5412 78,
1601 5339 1648 5420 9.)

146 5460 304 5537 Sequitur
324 5480 331 5519 :
352 5462 506 5522 Moutcm
519 5463 738 5536 stonsquem
762 5465 893 5526 ditescit.
990 5467 1082 5528 Siout
1102 5466 1191 5528 enim
1214 5467 1418 5529 israeliticus
1439 5471 1580 5548 populus
1607 5474 1702 5548 petiit
1722 5493 1743 5537 a

105 5560 201 5626 Mons
223 5555 285 5617 iste
303 5555 482 5617 Ecclesiam
503 5558 622 5633 signat.
646 5561 712 5622 Per
731 5561 894 5635 moutam,
950 5564 1088 5626 Domino
1104 5563 1256 5642 adjuvari
1276 5567 1392 5630 contra
1411 5568 1609 5630 Antiochum
1628 5585 1753 5650 regem,

139 5663 181 5736 (l)
197 5661 239 5718 lix
253 5657 329 5718 Beda
344 5659 503 5718 comment.
517 5660 546 5717 in
559 5662 633 5719 Psal.
651 5665 693 5720 77.

1033 4917 1214 4975 clamandum
1227 4924 1271 4975 est
1285 4917 1321 4975 ad
1337 4922 1438 4990 Deum,
1454 4927 1485 4976 ut
1499 4919 1662 4979 liberemur.

951 4830 992 4886 De
1004 4829 1111 4886 saevitia
1122 4827 1226 4887 diaboli
1241 4837 1338 4886 contra
1350 4829 1531 4902 christianos,
1547 4841 1745 4909 contraquam
1837 4844 1841 4852 ’
