4114 6396
83 257 151 324 993
466 259 574 326 PARS
603 257 747 326 PRIMA.
763 283 803 310 -··
821 257 1041 326 axPosmo
1070 262 1115 326 IN
1143 265 1346 326 PSALMOS.
1665 264 1725 324 994

83 420 233 498 Babylon
258 423 309 484 est
332 422 473 496 mundus
497 425 580 500 iste;
604 423 660 484 uhi
684 425 735 486 est
757 438 878 500 magna
933 423 1052 501 rupisti
1078 424 1211 487 vincula
1230 441 1316 497 mea,
1335 427 1367 487 et
1389 421 1503 486 dixisti
1526 444 1534 485 ε
1557 425 1633 486 Νοθ
1653 440 1726 486 ser-

84 519 299 594 peocatorum
323 519 485 582 conlusio.
512 523 618 598 liujus
647 522 807 597 magister
829 523 880 582 θεῖ
933 521 1033 583 viam.
1060 538 1079 581 s
1107 524 1173 584 Per
1200 525 1318 600 jugum
1347 521 1534 598 figurantur
1560 524 1726 598 praecepta

85 615 159 691 ipse
175 615 337 690 Christus,
349 619 403 693 qui
416 633 475 694 per
490 617 699 696 disciplinam
714 634 782 680 suae
798 634 881 694 prae·
934 619 1076 696 Domini,
1094 635 1167 697 quas
1180 619 1401 697 quasijugum
1417 619 1634 690 acervicibus
1647 635 1727 680 nos-

85 711 265 774 dicationis
282 714 370 774 viam
386 731 454 776 suaa
466 715 617 792 justitiae,
633 717 668 776 et
682 715 877 776 misericor·
933 716 994 776 tris
1007 717 1204 788 excutimus,
1217 717 1293 778 dum
1307 731 1346 777 ea
1358 717 1524 792 implendo
1538 729 1603 779 non
1616 716 1727 778 obser*

85 808 243 871 etiams
278 810 383 872 docet.
422 812 602 873 zorobabel
642 813 880 890 interpretatur
912 829 1061 884 ¹vamus,
1076 815 1108 875 et
1122 814 1171 875 sic
1192 814 1345 874 nolumus
1365 813 1396 874 ei
1418 813 1673 874 servire:unde
1689 815 1725 874 in

86 907 200 968 fluxus
224 909 405 984 expositus.
428 909 490 970 llic
515 911 567 972 est
589 909 752 984 Christus,
769 910 884 1000 iturus¹
933 909 1006 971 Joh'
1020 909 1084 988 (21,
1108 912 1146 971 14
1165 912 1197 972 et
1221 909 1273 989 15)
1296 927 1338 970 z«
1359 909 1420 982 Qui
1448 910 1604 972 dixerunt
1632 913 1724 973 Deo:

87 1006 261 1082 expositus
284 1007 412 1068 cunctis
440 1006 593 1068 fidelihus
612 1008 728 1068 contra
752 1007 879 1067 durum

86 1101 243 1174 luxuriae,
265 1106 299 1164 et
319 1105 481 1178 avaritiae,
503 1104 618 1165 dicens
639 1103 675 1164 in
699 1103 880 1180 Evangelio

89 1197 214 1278 (Joan.,
229 1203 260 1272 7,
275 1199 329 1280 37)
342 1218 382 1262 :v
399 1202 434 1262 Si
446 1201 524 1279 quis
539 1201 619 1276 sitit,
631 1202 744 1262 veniat
758 1202 799 1262 ad
814 1217 877 1272 me,

88 1297 123 1358 θῖ
139 1295 240 1358 bibat.
258 1298 319 1360 llic
331 1301 382 1361 est
397 1298 486 1360 iilius
508 1299 680 1374 Salathiel,
698 1300 755 1376 qui
769 1297 878 1361 inter·-

88 1395 238 1470 pretatur
255 1395 372 1472 petitio
389 1397 532 1458 Domini.
549 1396 611 1458 Hic
623 1397 674 1458 θεῖ
685 1396 774 1457 itlius
789 1395 879 1473 peti-

87 1491 201 1566 tionis,
218 1493 346 1555 scilicet
369 1493 534 1571 sapientia
548 1494 701 1568 Domini3
720 1493 806 1554 unde
826 1495 845 1554 J
848 1509 880 1554 a·

89 1590 191 1651 cohns
209 1588 253 1670 (l,
273 1588 307 1670 5)
329 1607 371 1651 :s
393 1591 428 1652 Si
454 1592 529 1669 quis
553 1591 679 1668 indiget
702 1589 877 1668 sapientia,

88 1685 266 1764 postulata
282 1689 361 1758 Deo,
378 1688 435 1766 qui
449 1687 506 1750 dat
519 1688 671 1750 omnibus
691 1687 877 1759 affluenter,

88 1785 122 1845 et
136 1799 201 1845 non
218 1784 432 1861 improperat,
446 1787 479 1846 et
499 1785 632 1849 dabitur
652 1785 684 1844 ei
699 1802 735 1858 »3
759 1783 878 1861 quibus

88 1879 234 1944 ostendit
248 1883 457 1956 sapientiam,
469 1897 529 1959 per
544 1894 641 1959 quam
661 1882 764 1942 invia
779 1881 879 1956 liujus

89 1978 202 2040 saeculi
219 1979 268 2040 est
279 1980 528 2041 transeundum.
546 1980 716 2057 Sequitur:
728 1981 878 2041 «Ponam

87 2077 122 2136 te
135 2075 231 2152 quasi
246 2075 455 2151 signaculum
470 2094 507 2151 »3
525 2076 612 2138 unde
626 2076 707 2137 dicit
719 2075 879 2154 Hierony·

86 2187 161 2232 mus
177 2168 233 2250 (1)
252 2189 294 2232 τε
318 2173 475 2249 Quisquis
499 2175 534 2234 in
561 2176 664 2234 Deum
687 2170 876 2242 crediderit,

88 2269 152 2330 hoc
164 2269 259 2346 quasi
273 2270 374 2332 anulo
387 2271 601 2347 consignetur
611 2287 640 2340 a,
655 2269 809 2331 videlicet
821 2285 879 2346 per

86 2364 174 2426 bona
187 2355 299 2442 opera.
317 2366 380 2428 Ubi
395 2367 482 2427 enim
505 2368 591 2427 Deus
616 2365 764 2427 inveniet
784 2381 878 2426 suam

86 2463 267 2539 imaginem
280 2463 436 2540 perbona
450 2479 562 2539 opera,
578 2462 622 2523 ihi
636 2462 700 2523 erit
709 2462 879 2539 respectus

86 2575 159 2621 suae
187 2559 426 2622 misericordiae
455 2581 463 2620 z
493 2559 550 2620 uhi
576 2561 686 2620 autem
714 2557 880 2620 invenerit

86 2656 267 2732 imaginem
293 2656 419 2728 bestiae,
444 2657 600 2734 punietur
624 2671 685 2734 per
709 2657 878 2732 aspectum

87 2758 160 2833 ejus
175 2754 371 2816 terribilem.

127 2855 269 2928 aespoe
281 2855 318 2914 tn
331 2853 467 2927 factem.
484 2851 554 2913 Hoc
568 2853 628 2924 est,
643 2847 729 2928 quod
742 2849 821 2913 alibi
833 2850 880 2910 di-

86 2951 175 3013 citur
187 2949 293 3029 (Psal.
311 2952 379 3021 144,
395 2947 429 3027 9)
447 2971 454 3009 =
471 2950 712 3011 Mtserattooes
726 2951 801 3021 aius
819 2963 880 3009 su-

80 3051 280 3123 peremnia
299 3049 504 3120 operactus.
523 3046 584 3108 Ubi
599 3046 687 3106 enim
702 3044 774 3122 ipse
789 3045 876 3105 ima-

83 3145 199 3222 ginem
212 3160 306 3208 suam
319 3145 477 3215 inveniet,
489 3143 575 3204 idest
589 3143 772 3205 imitatores
786 3158 874 3212 suos,

86 3243 134 3303 ihi
148 3241 247 3304 saciet
260 3242 493 3304 miserationes
510 3263 517 3302 ε
535 3241 591 3304 sed
607 3241 643 3302 in
658 3241 738 3310 illis,
758 3241 794 3301 in
809 3240 878 3318 qui·

85 3339 147 3402 bus
161 3356 227 3401 non
236 3339 365 3401 invenit
374 3340 553 3415 imaginem
563 3355 669 3410 suam,
682 3337 738 3399 sed
749 3338 875 3412 hestiae,

84 3437 221 3500 exercet
234 3433 414 3498 vindictam
427 3453 435 3510 ;
450 3437 537 3497 unde
552 3437 587 3496 in
602 3431 802 3518 Apocalypsi
810 3435 874 3515 (14,

81 3537 153 3598 Det
177 3535 228 3614 10)
244 3556 251 3595 :
266 3552 284 3596 v
301 3535 336 3595 Si
359 3531 432 3611 quis
456 3533 648 3594 adoraverit
671 3531 822 3606 bestiam,
844 3533 877 3594 et

85 3633 264 3709 imaginem
285 3634 368 3710 ejus,
389 3631 423 3692 et
443 3630 669 3691 characterem
694 3629 729 3689 in
755 3629 874 3701 fronte,

86 3731 193 3792 autin
208 3743 307 3790 manu
322 3726 477 3790 habuerit
491 3725 538 3806 (2)
554 3747 562 3786 ι
576 3725 631 3787 hic
641 3724 730 3786 bibet
743 3725 784 3786 de
798 3726 876 3787 vino

935 1007 1099 1068 Recedea
1118 1005 1225 1081 nobie,
1247 1008 1420 1069 scientiam
1443 1008 1574 1068 viarum
1594 1011 1727 1069 tuarum

935 1105 1100 1166 nolumus.
1117 1104 1197 1176 Quis
1220 1104 1271 1165 θεῖ
1292 1104 1518 1180 Omnipotens,
1536 1106 1572 1166 ut
1592 1104 1727 1165 servia-

935 1217 1007 1262 mus
1023 1200 1075 1262 eit
1088 1203 1122 1264 et
1136 1201 1215 1279 quid
1234 1199 1330 1262 nobis
1353 1201 1498 1278 prodest,
1516 1201 1545 1262 si
1562 1201 1729 1263 adorave-

934 1299 1039 1359 rimus
1057 1297 1104 1378 (3)
1120 1301 1218 1360 euml
1237 1315 1256 1358 s
1275 1299 1416 1374 Respice
1442 1297 1475 1358 in
1495 1313 1609 1368 servos
1637 1301 1725 1360 tuos.

936 1397 1058 1457 Servus
1082 1396 1178 1457 datus
1200 1395 1242 1456 ad
1268 1411 1405 1472 operam
1429 1395 1555 1456 domini
1582 1396 1634 1456 sui
1659 1411 1726 1456 non

935 1493 1042 1569 potest
1064 1509 1101 1554 se
1121 1492 1253 1554 vertere
1277 1492 1322 1553 ad
1345 1508 1428 1569 opus
1457 1493 1628 1570 proprium
1650 1513 1658 1551 ε
1678 1492 1727 1553 sic

934 1590 1076 1667 nos,qui
1089 1606 1203 1650 sumus
1213 1589 1315 1652 dediti
1325 1590 1366 1651 ad
1382 1605 1485 1666 opera
1499 1589 1632 1650 Domini
1647 1604 1727 1650 nos-

933 1687 992 1759 tri,
1023 1702 1089 1748 non
1118 1686 1276 1748 debemus
1306 1703 1367 1748 nos
1395 1687 1526 1748 vertere
1553 1687 1598 1747 ad·
1624 1700 1727 1763 opera

934 1783 1155 1845 membrorum
1176 1785 1375 1854 nostrorum,
1399 1801 1472 1845 oum
1499 1785 1566 1846 sint
1589 1784 1727 1860 propria

934 1881 1057 1952 carnis,
1082 1895 1148 1942 non
1173 1880 1327 1954 Domini3
1348 1880 1436 1940 unde
1455 1879 1490 1940 in
1513 1882 1602 1941 Luca
1625 1878 1688 1957 (17,
1706 1884 1725 1940 7

933 1979 974 2040 ad
991 1977 1043 2057 10)
1059 1999 1067 2037 :
1083 1993 1102 2037 t
1117 1977 1197 2049 Quis
1211 1978 1321 2038 autem
1336 1977 1483 2038 vestrum
1504 1976 1630 2038 hahens
1652 1991 1726 2036 ser-

933 2089 1010 2136 vam
1026 2075 1188 2145 arantem,
1205 2075 1264 2136 aut
1277 2075 1480 2151 pascentem,
1500 2075 1555 2150 qui
1572 2088 1726 2149 regresso

933 2173 974 2234 de
984 2172 1165 2248 agrodioat
1175 2173 1373 2233 illitstatim
1384 2172 1724 2242 transi‚etrecumhe=

934 2274 966 2334 et
981 2285 1046 2331 non
1057 2270 1145 2331 dicat
1160 2268 1192 2330 ei
1207 2291 1214 2328 :
1229 2272 1327 2340 Para,
1339 2268 1425 2346 quod
1442 2283 1580 2342 coenem,
1597 2273 1629 2330 et
1644 2285 1727 2344 prae·
1742 2263 1746 2272 '

934 2368 1082 2445 eingeis,
1093 2368 1126 2428 et
1136 2359 1287 2427 ministra
1297 2366 1390 2438 milri,
1403 2365 1507 2427 donec
1517 2365 1724 2437 manducem,

933 2467 966 2527 et
977 2465 1099 2538 bibam,
1115 2467 1149 2525 θῖ
1163 2465 1236 2540 post
1246 2462 1320 2524 haec
1331 2465 1367 2524 tu
1382 2463 1610 2538 manducabis,
1627 2467 1660 2524 et
1673 2463 1727 2524 bi-

933 2562 1011 2624 best
1037 2561 1203 2638 Numquid
1233 2561 1376 2637 gratiam
1404 2560 1504 2622 habet
1532 2575 1628 2622 servo
1655 2560 1723 2632 illl,

933 2660 1012 2738 quia
1041 2659 1130 2730 iecit,
1157 2657 1243 2736 quod
1270 2656 1317 2736 (1)
1348 2658 1586 2734 imperaveratt
1608 2674 1626 2717 s
1649 2651 1738 2718 Non¹

934 2759 1030 2834 put03
1052 2754 1147 2833 quasi
1170 2756 1259 2817 dicat
1283 2741 1387 2815 {Non
1414 2755 1545 2825 mirum,
1567 2755 1597 2814 si
1623 2753 1725 2816 saciat

933 2869 1050 2915 servus
1068 2853 1154 2932 quod
1180 2851 1405 2928 denotemus
1430 2853 1480 2913 est
1500 2851 1665 2924 laborare,
1691 2858 1726 2913 et

933 2951 1067 3014 assidue
1090 2949 1228 3011 servire.
1252 2949 1377 3010 Deinde
1401 2945 1574 3026 sequitur:
1590 2966 1609 3009 s
1625 2950 1727 3012 Sieet

933 3065 1003 3123 vos,
1026 3063 1100 3108 cum
1129 3046 1426 3118 malefeceritis,
1457 3062 1530 3123 quae
1560 3051 1726 3123 praecepta

933 3147 1010 3209 sunt
1037 3144 1142 3216 vohis,
1170 3143 1270 3206 dicite
1285 3165 1293 3204 z
1311 3144 1406 3204 Servi
1434 3143 1571 3204 inutiles
1595 3159 1722 3215 sumus,

932 3243 1031 3320 empti
1051 3241 1158 3320 pretio
1174 3239 1283 3320 :quod
1300 3240 1474 3302 debuimus
1501 3241 1621 3312 lacere,
1638 3240 1725 3302 ieci·

933 3357 1017 3402 mus.
1033 3342 1108 3402 Non
1124 3340 1213 3400 enim
1229 3337 1387 3399 debemus
1402 3337 1540 3412 gloriari
1556 3337 1725 3414 deoperi-

931 3438 992 3500 hus
1012 3437 1155 3511 nostris,
1180 3436 1238 3496 sed
1262 3437 1348 3497 sicut
1372 3435 1460 3496 oculi
1485 3434 1658 3496 servorum
1690 3437 1724 3496 in

932 3535 1084 3595 manibus
1100 3533 1307 3593 dominorum
1325 3547 1473 3602 suorum,
1485 3532 1531 3592 ita
1549 3533 1636 3592 oculi
1652 3549 1727 3592 nos·

931 3633 974 3693 tri
989 3631 1030 3691 ad
1044 3630 1219 3691 Dominum
1242 3631 1344 3689 Deum
1361 3629 1523 3697 nostrum,
1535 3628 1641 3688 donec
1656 3631 1724 3689 mi-

931 3728 1084 3789 sereatur
1109 3717 1226 3786 nostri.
1248 3727 1286 3785 ln
1301 3740 1401 3784 manu
1418 3723 1542 3784 domini
1566 3727 1644 3786 sunt
1657 3725 1723 3786 ila-

84 3828 146 3888 irae
159 3826 228 3888 Dei.
239 3841 257 3885 s
268 3824 321 3886 lili
336 3823 460 3886 hahent
474 3823 653 3899 imaginem
668 3821 802 3894 diaboli,
820 3823 875 3899 qui
929 3823 1029 3899 gella,
1043 3823 1178 3898 propter
1192 3818 1277 3896 quod
1294 3818 1382 3880 oculi
1398 3821 1487 3880 servi
1500 3823 1578 3882 sunt
1597 3818 1631 3881 in
1649 3837 1724 3882 ma-

85 3921 272 3986 ceniormes
287 3925 358 3999 ejus
374 3923 450 3984 sunt
468 3919 502 3981 in
517 3920 667 3982 malitia:
684 3920 716 3980 et
731 3919 875 3980 charac-

931 3920 1029 3982 nibus
1042 3921 1116 3997 ejus
1131 3940 1138 3978 ε
1155 3917 1205 3978 sic
1219 3917 1253 3978 et
1264 3917 1299 3976 in
1313 3931 1414 3976 manu
1429 3916 1561 3978 Domini
1576 3919 1634 3978 Dei
1650 3933 1725 3978 nos·

84 4024 200 4092 terem,
229 4015 317 4081 idest
345 4019 453 4096 ipsum
485 4016 622 4079 verbum
660 4017 875 4092 blasphemiae
929 4017 973 4079 tri
1002 4018 1053 4077 est
1080 4013 1226 4076 vindicta
1265 4013 1464 4089 flagellans3
1492 4015 1570 4090 quia
1606 4031 1724 4076 servus

83 4117 538 4196 aperteconlitentesrautin
552 4115 875 4192 manu,idestprava
930 4115 1084 4191 expectat
1108 4111 1290 4173 vindictam
1310 4110 1536 4186 flagellantem
1562 4111 1598 4171 in
1622 4129 1724 4173 manu

81 4231 186 4293 opera
202 4215 360 4276 iacientes
378 4213 437 4280 :hi
451 4213 566 4275 bibent
586 4212 719 4274 devino
734 4213 794 4273 irae
809 4215 876 4274 Do-
930 4211 1061 4274 Domini
1086 4209 1149 4275 sui,
1167 4209 1201 4270 et
1222 4206 1487 4270 misericordiam
1508 4209 1616 4285 ipsum
1638 4210 1725 4270 libe-

84 4312 178 4380 mini,
194 4312 280 4374 idest
294 4315 452 4374 aeternam
465 4327 596 4389 poenam
612 4311 767 4372 sentient.
780 4315 874 4372 Pro·-
929 4310 1071 4376 nantem,
1084 4309 1120 4368 ut
1129 4304 1232 4368 iaciat
1242 4321 1317 4367 eum
1332 4305 1486 4367 liberum.
1500 4309 1578 4379 Quae
1587 4306 1724 4370 libertas

85 4408 194 4467 lector
219 4410 337 4469 noster
359 4413 484 4482 aspice,
504 4411 538 4470 θῖ
557 4413 700 4482 respice.
721 4411 791 4468 lloc
813 4409 873 4481 est,
930 4407 1078 4483 sequitur
1098 4403 1283 4475 servitium,
1309 4403 1338 4463 si
1364 4404 1663 4480 expectaverimus,
1690 4409 1724 4468 θῖ

85 4502 172 4580 quod
202 4501 283 4564 alibi
311 4503 433 4564 dicitur
453 4527 460 4564 :
483 4505 633 4582 Respice,
662 4506 811 4577 Domine,
839 4506 874 4565 in
930 4501 1273 4582 perseveraverimus3
1304 4500 1392 4561 unde
1425 4502 1576 4577 sequitur
1601 4523 1608 4562 ε
1637 4504 1724 4568 Ouia

84 4615 200 4662 servos
212 4602 307 4674 tu0s;
326 4603 359 4661 et
372 4599 454 4660 illud
475 4599 578 4678 (Psal.
598 4602 667 4668 122,
682 4601 716 4682 2)
734 4624 741 4662 :
756 4619 775 4662 a
792 4606 876 4664 Ecce
928 4603 1051 4663 rncttor
1060 4601 1112 4660 θεῖ
1124 4602 1198 4660 dics
1209 4613 1280 4660 una
1290 4601 1327 4658 tn
1338 4597 1441 4658 atriis
1456 4597 1640 4670 tutssuper
1649 4603 1724 4660 mtt-

84 4699 171 4760 sicut
187 4697 279 4759 oculi
299 4711 470 4758 servorum
490 4697 525 4757 in
547 4697 700 4759 manibus
724 4699 876 4760 domino·
929 4701 986 4760 itm
1000 4699 1078 4758 llaec
1089 4697 1139 4758 est
1151 4695 1233 4766 dies,
1241 4694 1282 4756 de
1293 4693 1451 4770 quadioit
1465 4695 1570 4754 isaias
1579 4695 1645 4772 (30,
1655 4697 1721 4775 26)

84 4812 157 4856 rum
180 4809 327 4869 suornm,
344 4795 376 4856 et
394 4794 480 4855 sicut
498 4795 588 4855 oculi
602 4793 734 4856 ancillae
749 4795 783 4855 in
799 4811 874 4856 ma·
929 4811 947 4855 v
963 4793 1033 4856 mit
1046 4794 1105 4853 lux
1121 4794 1208 4854 lunae
1224 4791 1310 4852 sicut
1325 4790 1384 4850 lux
1405 4789 1497 4862 solia,
1515 4793 1548 4851 et
1562 4791 1620 4854 lux
1639 4793 1722 4854 solis

84 4892 181 4953 nibus
210 4893 352 4953 dominae
382 4907 480 4952 suae:
510 4892 557 4952 ita
586 4891 673 4952 oculi
700 4893 805 4953 nostri
833 4891 874 4952 ad
929 4887 1275 4967 erttseptemplioiter
1299 4887 1333 4946 in
1358 4886 1424 4958 die,
1443 4901 1508 4963 qua
1532 4887 1723 4962 alligaverit

83 4989 258 5051 Dominum
284 4992 387 5050 Deum
407 4991 569 5059 nostrum,
586 4988 691 5049 donec
715 4989 875 5049 miserea-
929 4987 1088 5048 Dominus
1100 4985 1222 5048 vulnus
1238 4984 1351 5061 populi
1365 4983 1429 5054 sui,
1444 4987 1477 5044 et
1486 4999 1720 5060 percussuram

82 5088 138 5146 tur
153 5087 268 5149 nostri.
287 5103 305 5146 s
321 5086 384 5148 Sed
408 5086 527 5148 timere
550 5099 742 5162 possumus,
757 5097 806 5146 ‘ne
822 5086 876 5146 di·
929 5085 1035 5162 plagae
1057 5087 1129 5162 ejus
1148 5081 1335 5154 sanaverit;
1353 5081 1416 5142 hoc
1438 5081 1499 5152 est,
1518 5083 1594 5143 cum
1615 5084 1721 5146 mise-

83 5183 179 5244 catur
193 5183 288 5244 nobis
311 5183 407 5257 illud,
429 5184 515 5262 quod
540 5183 663 5258 legitur
680 5183 715 5243 tn
729 5184 873 5244 Jeremia
928 5183 1015 5254 rias,
1045 5183 1079 5243 et
1107 5178 1341 5241 mortalitatem
1374 5177 1586 5254 relegaverit,
1613 5182 1648 5245 et
1678 5184 1721 5244 ad

83 5279 128 5358 (2,
138 5279 207 5357 20):
217 5284 271 5341 «A
284 5280 406 5342 saeculo
417 5279 610 5356 confregisti
621 5282 739 5358 jugum
752 5295 872 5354 meum,
927 5280 1097 5358 gaudium,
1114 5278 1148 5340 θῖ
1162 5276 1202 5337 ad
1218 5275 1320 5338 vitam
1335 5289 1414 5338 suos
1428 5275 1611 5340 reduxerit.

963 5509 1005 5576 (3)
1026 5505 1110 5578 vulg.
1129 5504 1338 5562 :oraverimus

963 5573 1004 5650 ‹t›
1025 5577 1110 5649 Vulg.
1126 5592 1132 5632 :
1147 5589 1211 5648 quae
1225 5575 1262 5632 ei.

118 5507 158 5574 (1)
178 5507 335 5563 comment.
353 5507 381 5563 in
397 5508 485 5590 agg,
499 5523 562 5582 cap.
576 5509 593 5566 1
609 5509 637 5566 in
651 5507 717 5569 ine.

119 5577 158 5647 (t)
183 5577 264 5649 tlulg.
280 5593 287 5632 :
303 5585 454 5649 acceperit.

227 5725 341 5768 rnrnon.
359 5725 432 5768 rous
447 5713 493 5770 Vl.
