4184 6410
137 292 205 360 ma
337 285 340 293 .

142 457 199 519 cie
210 455 399 529 veritatem,
415 455 555 520 crimina
574 455 706 518 mutant
716 453 885 520 virtutem.
898 458 938 520 ai

140 555 265 617 iterum
290 575 299 614 r
327 553 576 616 [binominum
600 552 757 626 vendunt,
783 553 938 632 quietus

140 664 258 712 amora
270 647 431 727 neglecto,
446 652 579 712 terrena
592 664 652 728 pre
666 651 735 723 illo,
750 650 935 724 etcaduca,

139 749 212 809 ime
229 749 408 809 criminosa
429 747 580 824 diligere,
597 747 630 812 et
643 763 763 810 curare
777 764 845 810 non
862 763 936 810 me·

140 845 252 907 inunt.
271 844 385 906 Dolosi
405 846 584 922 sunt,‘qui,
611 845 698 908 sicut
717 847 831 918 iudas,
854 834 939 907 mit-⁴
969 853 970 858 ’

139 943 366 1005 turinianum
381 942 417 1003 in
431 943 619 1020 paropside,
631 943 666 1005 ot
679 943 846 1005 Christum
858 942 934 1005 tra-

140 1039 238 1112 dunt,
259 1039 371 1117 utpote
390 1039 486 1118 pravi
503 1037 703 1103 sacerdotes.
720 1040 833 1102 Dolosi
847 1040 935 1112 sunt,

141 1137 202 1214 qni
228 1152 347 1214 panem
368 1137 500 1199 Domini
519 1137 706 1210 comedunt,
723 1139 836 1215 utpote
864 1136 937 1200 cle·

141 1426 207 1488 bus
220 1426 292 1503 ipse
304 1425 464 1488 Dominus
486 1427 567 1488 dicit
582 1448 590 1487 ε
603 1429 716 1489 Hence
725 1431 825 1503 pects
836 1441 936 1500 mccc,

141 1527 182 1586 in
202 1537 269 1597 cce
294 1527 446 1600 sperant,
474 1527 533 1598 eat
553 1525 671 1586 edebat
693 1539 804 1599 pones
830 1538 937 1599 meos,

142 1621 508 1795 ἲέιέζῖιὶξῧαῑὲίῖαρεν
532 1633 588 1682 mc
612 1621 936 1695 supplantationem.

244 1759 252 1777 .
309 1757 317 1788 ,
373 1761 381 1776 .

433 1919 572 1982 SERMO
595 1919 651 1981 IX.

145 2061 188 2118 De
207 2058 294 2118 mulla
321 2059 515 2118 misericordia
540 2059 601 2118 Dei.
622 2060 664 2118 De
682 2058 803 2117 adiecto
822 2058 891 2130 Dei,
911 2065 940 2116 ct

321 2145 357 2205 de
376 2146 517 2222 lapidibus
535 2147 620 2221 bujus
639 2145 760 2205 editicii.

521 289 630 362 rans
658 295 803 360 ranna.
819 325 861 344 -
881 295 1101 362 nxresrrro
1133 295 1179 362 nt
1209 284 1411 368 ramnes.

1725 305 1785 367 ael

1032 457 1114 520 Item
1124 459 1354 524 misericordia
1367 461 1498 526 Domini
1507 461 1784 540 magnaestquaa
1876 465 1877 473 ’

991 555 1096 618 trabit
1107 556 1234 633 lapides
1247 557 1287 620 de
1297 558 1473 637 profundo,
1488 559 1526 622 ut
1535 559 1643 636 erigat
1652 559 1687 621 in
1698 547 1784 621 aedi-

992 650 1115 713 ticium.
1132 656 1351 729 convertam,
1366 657 1448 719 dicit
1462 657 1632 731 Dominus,
1648 671 1694 719 ccc
1707 659 1783 718 Be-

991 763 1067 821 scn,
1083 752 1286 814 convertam
1307 756 1344 814 ln
1363 753 1576 828 promereare
1593 755 1706 814 maris
1722 749 1781 832 (3),

992 859 1050 906 ces
1077 833 1217 916 scilicet,
1240 847 1299 924 qui
1322 852 1401 912 sunt
1421 850 1458 912 in
1484 849 1648 926 profundo
1667 848 1781 921 maris,

991 941 1078 1004 idest
1086 943 1139 1004 rel
1152 945 1269 1004 amari
1283 945 1409 1018 saeculi,
1420 946 1475 1007 rel
1490 961 1510 1007 a
1524 946 1610 1007 mari
1622 945 1785 1032 iniquita·

992 1038 1035 1100 tis
1049 1038 1268 1112 extrahendo,
1285 1041 1321 1102 ut
1335 1057 1392 1104 ees
1407 1043 1578 1118 ponamin
1593 1042 1782 1104 adiiciam.

969 1177 972 1184 -
994 1135 1154 1199 Similiter
1172 1137 1206 1198 et
1224 1152 1292 1210 ecs,
1318 1138 1375 1215 qui
1390 1141 1518 1200 suntin
1541 1143 1669 1210 Busan,
1697 1136 1784 1224 quod

140 1232 208 1294 rici
232 1229 450 1310 proebendati,
478 1235 512 1296 et
534 1233 645 1296 amen
667 1234 835 1296 onustum
857 1248 939 1310 sup-
970 1241 971 1246 ’

141 1329 296 1406 plantare
316 1328 470 1392 nituntur
490 1329 527 1391 in
553 1330 768 1407 pauperibus,
793 1331 834 1392 da
857 1330 937 1407 qui·
970 1333 971 1337 ’

992 1231 1233 1310 interpretatur
1246 1235 1417 1309 conlusio,
1430 1235 1483 1298 vel
1493 1234 1689 1312 ignominia,
1705 1235 1784 1312 quia

993 1330 1026 1392 et
1047 1345 1104 1393 eos
1124 1333 1328 1406 convertam,
1351 1333 1408 1411 qui
1432 1335 1511 1396 sunt
1536 1331 1785 1394 inconfusione
1878 1318 1881 1324 ’

992 1427 1227 1503 ignominiosa,
1243 1431 1277 1490 et
1297 1429 1417 1507 aptabo
1432 1430 1468 1491 in
1483 1429 1624 1492 aedificio
1644 1443 1729 1500 mec,
1744 1427 1785 1489 de

993 1523 1113 1600 quibus
1131 1526 1380 1588 Deuteronomii
1395 1548 1403 1586 ε
1420 1527 1561 1590 Catulus
1579 1529 1686 1615 leonis
1707 1523 1786 1598 dett

993 1623 1141 1697 leretter
1152 1625 1193 1684 dc
1207 1622 1400 1704 Basante).
1417 1623 1552 1686 Catulus
1564 1623 1671 1684 leonis
1686 1621 1784 1683 fletus

993 1717 1044 1778 est
1057 1719 1258 1794 poenitentis,
1275 1721 1331 1798 qui
1342 1721 1439 1798 quasi
1452 1721 1582 1797 rugitus
1592 1719 1699 1781 leonis
1711 1732 1784 1796 pro·
1917 1766 1920 1771 ,

993 1815 1081 1877 cedit
1105 1815 1244 1892 largiter
1270 1817 1311 1879 dc
1336 1821 1457 1890 Basan,
1477 1817 1566 1880 idest
1589 1815 1785 1880 contusione

994 1913 1121 1988 peccati
1143 1913 1370 1989 ignominiosi.
1397 1917 1469 1978 Hoc
1483 1914 1535 1977 est
1552 1912 1637 1991 quod
1652 1911 1714 1975 iob
1728 1911 1785 1973 di-

994 2009 1040 2072 cit
1055 2007 1100 2089 (3,
1112 2007 1167 2089 24)
1180 2027 1187 2067 ε
1201 2013 1305 2078 Quasi
1316 2012 1536 2084 inundantes,
1547 2026 1657 2085 ceuae,
1668 2012 1718 2071 stc
1727 2025 1785 2070 ru-

993 2107 1086 2184 pidus
1106 2121 1214 2169 meus.
1238 2108 1441 2170 inundantes
1462 2123 1557 2185 aquae
1577 2123 1652 2168 curn
1674 2104 1785 2167 abun-

994 2203 1120 2271 dantia,
1137 2205 1170 2265 ot
1183 2205 1308 2282 inipetu
1328 2219 1448 2281 magno
1470 2204 1622 2267 teruntur
1636 2203 1683 2266 ita'
1697 2201 1785 2279 quod

144 2276 188 2334 Μ
207 2273 426 2336 multitudine
439 2257 689 2352 ”iiiiiwi’i’dioe
703 2273 773 2334 im
791 2272 940 2334 inimum
995 2315 1126 2362 ornnem
1163 2301 1290 2363 obicem
1320 2303 1577 2379 interrumpunt.
1602 2301 1657 2362 Sic
1687 2299 1784 2362 fletus

153 2419 156 2424 -
257 2370 295 2428 in
312 2370 452 2430 domim
473 2367 581 2430 team.
605 2364 708 2446 (psai
730 2367 761 2438 5,
777 2364 824 2445 8·)
994 2397 1066 2459 veri
1074 2398 1265 2474 poenitentis
1275 2399 1387 2474 largas
1400 2399 1573 2460 effundens
1584 2413 1699 2476 aquas,
1709 2411 1785 2458 curn

185 2509 223 2568 In
237 2507 445 2570 dedicatione
464 2507 615 2570 ecclesiae
635 2507 743 2586 potest
759 2507 872 2570 valere
886 2505 938 2567 is·
994 2495 1119 2570 iuditii,
1142 2496 1176 2557 Oi
1203 2495 1404 2572 singulibus
1427 2494 1613 2574 impei¹¹0⁵0
1638 2493 1784 2560 irruens»

142 2604 214 2666 tud.
232 2605 387 2666 introibo
405 2608 443 2665 tn
464 2604 832 2678 continuauerat
853 2603 939 2680 lapis
995 2607 1125 2654 emnem
1154 2591 1349 2654 ienifliiOHiS
1375 2592 1499 2668 frangit
1524 2591 1664 2654 0bi⁰0ffl·
1688 2588 1786 2652 Tales

144 2702 248 2762 intrat
261 2701 297 2761 in
312 2700 504 2774 aediticium
521 2701 584 2762 hoc
597 2699 708 2762 auitam
726 2700 783 2762 flat
795 2704 831 2762 in
845 2705 939 2763 mul·
995 2689 1064 2766 apti
1079 2690 1156 2751 sunt
1175 2690 1254 2766 poni
1275 2689 1310 2750 in
1339 2689 1480 2750 aediflssiO
1494 2689 1682 2752 3⁰³i01'11m·
1703 2686 1785 2749 iiim

145 2798 293 2858 titudine
304 2800 563 2864 misericordiae.
584 2799 665 2858 Cum
686 2797 776 2859 enirn
791 2798 866 2876 quis
879 2797 938 2858 in·
994 2787 1226 2849 misericordia
1241 2787 1371 2849 Domini
1402 2789 1463 2858 esi,
1478 2785 1565 2863 quod
1593 2785 1666 2846 11aess
1693 2783 1786 2860 ligna

143 2894 211 2955 trat
224 2894 259 2955 in
277 2893 422 2956 caelestis
435 2894 551 2955 demus
565 2894 754 2967 aediticium,
771 2894 938 2971 multipli-
994 2883 1227 2960 praeciduntur
1241 2883 1281 2946 dc
1298 2884 1422 2956 libano,
1439 2899 1521 2944 saxa
1536 2898 1616 2945 vero
1632 2881 1672 2943 de
1686 2896 1787 2942 mon·

145 2990 208 3052 cis·
233 2991 298 3063 est,
328 2991 363 3052 ct
396 2991 507 3052 multae
533 2990 772 3054 misericordiae
806 2991 940 3053 Domini
994 2980 1103 3058 tibus;
1120 2980 1299 3053 delibare,
1316 2981 1404 3043 idest
1426 2981 1624 3042 decendero
1643 2977 1783 3041 saeculi:

145 3086 354 3149 beneficium.
371 3088 604 3149 Misericordia
618 3087 678 3150 Dei
697 3089 758 3162 cst,
775 3088 861 3166 quod
876 3088 941 3150 fla·
994 3093 1077 3140 8³¹³
1093 3078 1134 3140 iio
1154 3078 1322 3140 mentibus
1346 3077 1522 3156 Siipssihiaet
1544 3079 1578 3140 ei
1591 3074 1786 3138 'eminentia

146 3183 249 3260 gitiis,
267 3184 321 3246 rel
342 3184 484 3262 flagellis
509 3185 578 3245 suis
604 3199 672 3247 nen
692 3185 937 3260 consumimur3
994 3176 1166 3251 Sfflciilaiit
1183 3174 1271 3238 unde
1293 3176 1542 3244 Deuteronomii
1555 3171 1600 3254 (8,
1610 3171 1646 3253 9)
1663 3191 1670 3230 ²
1685 3191 1703 3234 i
1721 3173 1788 3234 Gu-

147 3281 234 3342 unda
250 3281 284 3342 in
298 3281 440 3343 Threnis
455 3279 500 3360 (3,
516 3281 571 3361 22)
587 3299 595 3338 ε
612 3285 855 3344 Misericordia
870 3285 940 3344 Do-
989 3276 1046 3350 jus
1060 3273 1189 3350 lapides
1202 3271 1326 3334 terrum
1337 3275 1424 3344 sunt,
1440 3272 1473 3334 et
1484 3273 1525 3334 da
1537 3271 1786 3348 montibuseJus

144 3379 233 3440 mint
256 3378 309 3440 cst
323 3376 382 3457 (i),
406 3381 487 3452 ceta
502 3393 571 3440 aen
588 3393 709 3440 sumes
727 3379 939 3454 consumpte
994 3371 1071 3432 aeris
1086 3369 1221 3432 metalla
1235 3369 1417 3432 fodiuntur.
1433 3369 1566 3447 »Lapis
1587 3367 1712 3431 terrum
1733 3366 1788 3430 al-

144 3475 222 3553 quia
235 3474 321 3538 sicut
333 3475 414 3537 dicit
428 3475 533 3538 isaias
551 3490 558 3535 :
574 3490 594 3535 ‹
610 3475 778 3537 Succensa
788 3478 838 3538 est
849 3475 939 3537 enirn
994 3475 1115 3548 ficitur,
1145 3491 1220 3536 curn
1249 3477 1370 3538 mantis
1402 3475 1527 3537 duritia
1556 3489 1617 3552 per
1643 3473 1786 3551 Spiritus

145 3573 240 3650 quasi
252 3572 340 3649 ignis
355 3573 520 3649 impietae,
532 3573 564 3634 et
578 3573 752 3649 repressi
766 3573 880 3648 spinas
891 3570 938 3651 (2)
995 3573 1108 3634 Sancti
1122 3573 1266 3649 gratiam
1279 3573 1458 3645 emollitur,
1473 3575 1506 3634 et
1520 3570 1714 3634 accenditur
1733 3583 1787 3631 ve·

144 3669 286 3732 vorabit.
302 3669 368 3732 »si
383 3685 463 3746 erge
477 3667 629 3746 impietas
644 3668 732 3744 ignis
748 3669 809 3741 esi,
827 3670 859 3730 et
873 3685 936 3730 ve·
993 3669 1043 3730 lut
1066 3669 1192 3731 terrum
1209 3691 1216 3730 r
1233 3668 1360 3730 terrum
1382 3684 1462 3731 varo
1483 3669 1563 3745 igne
1590 3681 1786 3729 succensum

145 3782 220 3844 pres
236 3768 312 3829 sunt
333 3767 536 3843 peccatores,
551 3781 626 3827 cum
641 3781 708 3827 non
733 3780 937 3827 censuman-
993 3766 1096 3827 totum
1112 3765 1162 3826 est
1178 3766 1277 3841 ignis.
1294 3769 1344 3826 Dc
1357 3765 1529 3826 montibus
1542 3764 1645 3839 igitur
1664 3762 1786 3822 huma-

143 3865 208 3937 tur,
221 3863 453 3925 misericordia
467 3863 600 3925 Domini
617 3862 679 3938 est,
696 3863 752 3941 qui
770 3864 888 3924 tenens
901 3861 936 3922 in
994 3878 1057 3934 naa,
1080 3862 1134 3923 vel
1153 3861 1329 3923 mundanae
1348 3860 1524 3937 superbiae,
1537 3865 1636 3935 cujus
1656 3861 1786 3933 lapides

144 3977 244 4022 rnanu
267 3960 410 4038 fulgura,
428 3961 463 4021 in
482 3959 630 4038 pluviam
646 3959 735 4034 lecit,
751 3962 785 4022 et
804 3975 866 4037 per
880 3959 937 4037 ip·
993 3961 1132 4034 terrem
1146 3960 1239 4032 sunt,
1260 3959 1293 4020 at
1311 3959 1420 4036 ipsum
1441 3957 1520 4033 igne
1535 3956 1663 4034 peccati
1680 3955 1786 4020 totum

145 4075 216 4123 sam
231 4059 342 4136 ignem
364 4059 530 4134 extinguit
544 4057 742 4136 iniquitatis,
760 4058 796 4120 ut
815 4073 855 4119 eo
873 4073 936 4118 ex·
995 4071 1203 4128 succensum,
1221 4060 1305 4118 oeris
1324 4056 1474 4130 metella,
1495 4054 1582 4116 idest
1604 4053 1705 4116 corda
1726 4067 1787 4129 par

144 4156 248 4218 tincto
265 4155 364 4217 bomo
386 4155 429 4216 sii
452 4153 594 4216 idoneus
621 4154 701 4232 poni
720 4153 757 4216 in
783 4153 936 4215 aedilicio.
993 4153 1238 4216 consessionem
1271 4153 1425 4216 sonantia
1461 4153 1661 4228 fodiuntur,
1690 4151 1724 4213 ct
1749 4150 1786 4211 in

145 4251 377 4314 Misericordia
400 4253 532 4314 Domini
553 4254 605 4315 est
627 4251 739 4325 etiam,
759 4250 845 4330 quod
868 4254 938 4313 Do·
994 4250 1135 4312 aedificie
1152 4248 1363 4327 adaptantur.
1378 4251 1458 4312 Item
1474 4249 1702 4313 misericordia
1715 4249 1786 4309 Dc·

145 4350 254 4411 minus
269 4350 433 4426 expectat.
451 4350 547 4412 Isaiae
561 4347 658 4431 (46,3
673 4348 705 4410 et
715 4347 749 4429 4)
766 4369 773 4409 t
788 4348 939 4410 «Audite
994 4348 1076 4410 mini
1092 4349 1152 4420 est,
1170 4347 1257 4426 quod
1278 4347 1406 4425 lapides
1428 4347 1485 4409 isti
1503 4348 1539 4408 in
1562 4347 1707 4426 peccatis
1723 4344 1786 4408 cb·

147 4463 200 4508 me
214 4447 331 4508 demus
349 4447 462 4518 Jacob,
479 4448 512 4528 et
524 4463 622 4510 omne
636 4446 808 4508 residuum
823 4446 939 4507 domus
994 4445 1105 4508 durati
1134 4445 1358 4524 quadrantur,
1385 4447 1423 4507 ut
1450 4445 1517 4508 sint
1541 4445 1611 4522 apti
1641 4443 1720 4522 peni
1749 4443 1786 4504 in

145 4543 260 4617 israel,
296 4544 354 4621 qui
376 4543 555 4621 portamini
588 4559 608 4605 a
640 4560 714 4605 meo
743 4545 855 4617 utero,
881 4543 939 4620 qui
994 4541 1147 4605 aedilicio.

143 4642 320 4719 gestamini
335 4656 354 4704 a
370 4639 566 4708 meavulva.
591 4641 753 4717 usquead
770 4640 938 4704 senectam
1035 4639 1248 4713 Quadrantur
1262 4641 1374 4704 autem
1396 4656 1455 4718 per
1479 4639 1621 4717 quatuor
1641 4637 1783 4700 virtutes

146 4753 206 4816 ego
227 4739 310 4816 ipse,
332 4739 490 4816 eiusque
516 4736 558 4798 ad
573 4751 676 4798 canos
703 4751 765 4812 ego
787 4735 937 4814 portabo.
994 4737 1195 4808 cardinales,
1211 4737 1393 4809 iustitiam,
1409 4735 1688 4813 Temperantiam,
1704 4737 1788 4796 For-

148 4839 232 4899 Ecce
244 4835 392 4914 quandiu
414 4835 524 4912 portat
537 4834 696 4894 Dominus
718 4835 753 4894 in
768 4834 864 4895 utare
878 4849 940 4911 pa·
993 4835 1182 4906 titudinem,
1198 4836 1232 4896 et
1242 4833 1467 4897 Prudentiam.
1479 4835 1527 4894 De
1538 4833 1673 4895 iustitia
1683 4831 1789 4894 baba-

144 4933 271 4996 tiantiae
287 4949 356 4994 suae
376 4933 597 5008 paccatorem,
613 4927 761 5007 quandiu
780 4931 890 5005 gestat
904 4932 939 4991 in
994 4948 1067 4994 mus
1082 4931 1115 4992 in
1130 4931 1192 4994 iob
1209 4929 1273 5011 (39,
1289 4929 1345 5011 25)
1363 4931 1514 4994 :iustitia
1542 4929 1678 4990 indutus
1699 4943 1784 5002 sum,

145 5031 244 5092 vrrlva
260 5045 330 5091 suae
346 5029 531 5090 clementiae
548 5043 555 5084 ε
571 5026 700 5089 scilicet
714 5027 872 5105 usquead
886 5043 941 5090 se-
994 5028 1157 5092 etvestivi
1171 5042 1224 5091 me
1240 5029 1326 5091 sicut
1337 5027 1546 5100 vestimento,
1558 5026 1788 5089 etdiadamate

145 5131 286 5198 necmm,
307 5127 341 5189 et
357 5141 470 5188 canos.
490 5128 530 5188 nt
550 5126 663 5188 statim
682 5126 835 5203 sequitur
858 5141 939 5187 ver·
989 5125 1117 5203 judicie
1133 5141 1218 5187 meo.
1235 5127 1281 5188 De
1296 5124 1478 5187 Prudentia
1488 5125 1523 5186 in
1538 5123 1653 5187 aedem
1671 5145 1678 5185 :
1701 5129 1790 5186 Pro·

145 5225 222 5286 burn
244 5223 340 5285 dulce
355 5238 396 5283 :c
416 5225 483 5299 Ege
503 5222 579 5296 teci,
596 5223 630 5286 et
648 5238 709 5299 ego
729 5222 834 5284 ieram
849 5243 857 5283 ι
871 5225 940 5300 Ego
994 5227 1047 5288 cet
1084 5223 1252 5286 odoratur
1277 5222 1556 5285 enunciationem
1588 5225 1724 5296 ductim,
1753 5222 1788 5282 ct

147 5319 296 5401 portabo,
313 5321 345 5382 et
360 5319 543 5382 salvabo.»
993 5321 1163 5385 ululatum
1186 5320 1363 5384 caecatus
1382 5317 1447 5398 (29,
1478 5317 1542 5399 ii).
1565 5322 1612 5382 De
1635 5319 1785 5382 Fortitu-

1026 5459 1072 5542 ’(3)
1088 5469 1163 5528 rsit.
1178 5467 1212 5526 er
1234 5467 1279 5526 aa.

1031 5510 1293 5612 paraenesin.
1313 5538 1509 5612 trutannus.
1576 5538 1580 5546 ¹

181 5472 207 5613 *i
239 5469 320 5540 Vulp.
334 5468 536 5528 Misericordia
547 5469 671 5538 Domini,
686 5469 761 5542 quia.

147 5472 223 5686 (isaii
236 5540 322 5668 Kais-
336 5541 482 5683 {inpletae
496 5555 623 5615 ‘mirem’
639 5548 669 5598 ⁰¹
689 5541 801 5615 spinam
816 5539 937 5599 vorabit.
