4184 6410
294 267 357 332 5oe
765 259 824 322 AD
849 256 990 320 ol’ultu
1017 257 1051 318 8.
1073 256 1249 318 saroam
1276 256 1468 318 Panum
1875 253 1940 314 56¹

295 439 397 504 qum
405 417 1089 502 potaminaexpranauomauueon
1143 413 1481 478 ranuidireristebat.
1498 413 1605 475 'l'auta
1618 424 1762 489 musque
1775 410 1940 490 quasmm

216 549 223 558 ·
297 523 423 594 moues,
438 533 521 598 quas
536 515 727 578 babmmad
742 514 892 592 populos,
903 511 1088 576 cercurum
1143 513 1437 590 reprehensibiles,
1447 510 1657 588 gmndesque
1668 525 1833 587 personas
1845 526 1940 570 sare

297 619 524 682 doctrinarum
547 613 592 685 ri,
615 615 649 675 et
673 611 838 676 suavitate
863 609 1088 689 perfunderet,
1143 611 1244 672 ritate
1263 611 1438 685 corripuit,
1455 611 1492 670 nt
1516 609 1578 668 alii
1599 609 1797 684 plerumque
1815 607 1940 668 111111οεί

298 721 399 794 atquo
414 713 449 774 lu
472 711 614 774 salutem
635 709 781 772 verteret
800 709 1000 770 animarum.
1014 709 1089 768 lle-
1144 707 1457 784 pmdicatoresboc
1471 705 1657 776 audientes,
1669 705 1736 781 ipsi
1748 705 1941 781 adiuti-epi·

296 812 430 876 morant
441 809 541 882 istud,
562 809 632 871 tum
656 821 842 885 anonymus
866 805 1090 883 legendaeut
1144 805 1220 866 dam
1238 804 1305 864 riri
1319 804 1543 865 constantiam
1564 803 1837 879 trepidaremus
1850 818 1940 879 11110-

295 909 405 982 alunt,
419 907 502 970 satis
515 903 871 983 sacramentoria),
887 901 1089 979 tumreliqui
1144 902 1220 963 dam
1232 901 1519 979 pusillanimitatis
1539 900 1663 962 rubore
1684 899 1822 976 penum,
1838 900 1941 976 longe

295 1003 492 1082 massoni
508 1003 751 1074 sanctinum,
766 1001 1092 1071 acresclare,sano·
1144 998 1264 1060 abesse
1277 999 1398 1075 potius,
1419 1013 1519 1075 quam
1539 997 1660 1058 adosse
1677 997 1841 1068 uolentes,
1855 1013 1943 1060 cou-

295 1103 396 1180 teque
409 1103 521 1178 garba
535 1098 683 1162 uberiorl
693 1099 1090 1174 stiloacripsernnt,quos
1144 1095 1237 1157 tusas
1252 1111 1365 1168 manu,
1378 1095 1432 1156 rel
1444 1097 1537 1156 reste
1552 1093 1679 1156 montes
1690 1093 1904 1156 obducerent.
1920 1113 1942 1154 s

294 1199 395 1272 luter,
418 1201 456 1260 P.
486 1199 594 1260 bocas
618 1197 826 1272 Waddingus
841 1194 902 1273 (2),
916 1197 951 1257 et
975 1193 1091 1255 noris-
1145 1193 1237 1264 Quod
1265 1209 1346 1254 vero
1371 1192 1515 1254 alterum
1535 1193 1673 1268 special,
1698 1191 1806 1252 nescit
1826 1207 1940 1264 nemo,

296 1297 381 1359 simo
395 1299 434 1358 P.
452 1295 633 1372 angelicus
647 1295 687 1356 de
710 1292 877 1364 vicentia,
898 1291 954 1369 qui
974 1291 1091 1352 ltalioe
1144 1290 1231 1367 qnod
1242 1291 1278 1350 in
1288 1291 1469 1367 praecitatis
1478 1291 1571 1350 Actis
1581 1287 1941 1367 perbibolnrt5).lium

295 1393 413 1456 rortblt
427 1391 475 1470 (3)
493 1411 501 1453 =
516 1409 536 1452 ι
550 1393 631 1453 Cum
642 1391 678 1452 in
690 1389 841 1452 coenobio
853 1389 1092 1464 Montispessu·
1145 1402 1263 1464 nempe
1285 1389 1413 1449 tantam
1431 1386 1576 1464 desuper
1598 1387 1741 1462 gratiam
1755 1387 1940 1462 accepisse,

295 1489 367 1552 laul
381 1487 584 1565 theologiam
602 1486 767 1550 Antomru
793 1485 1002 1564 praelegerat,
1015 1485 1092 1562 qui-
1146 1487 1183 1546 ut
1207 1485 1369 1547 memoria
1397 1499 1458 1561 pro
1481 1483 1652 1545 codicibus
1676 1485 1837 1544 uteretur.
1852 1485 1942 1548 ldiuc

297 1587 372 1650 dam
387 1587 504 1650 aderat
513 1585 647 1664 juvenis
663 1585 698 1646 in
717 1583 978 1646 Franciscauum
994 1581 1090 1643 ordi·
1146 1581 1345 1658 praclarum
1371 1580 1454 1642 illud
1483 1581 1561 1642 Diri
1589 1581 1832 1642 Bouarenturae
1858 1578 1909 1657 (6)
1929 1603 1940 1640 ι

295 1699 372 1746 nem
385 1697 502 1746 recens
517 1681 676 1756 adscitus,
691 1681 750 1759 qni
773 1681 895 1742 librum
914 1679 1089 1758 quemdam
1145 1681 1300 1740 «Beatus
1323 1679 1489 1740 Antonim
1507 1677 1625 1739 babuit
1640 1677 1676 1738 in
1703 1693 1741 1738 se
1763 1678 1942 1738 scientim

295 1779 543 1858 manupropria
565 1777 800 1842 beatldmonii
818 1779 992 1840 exaratum
1005 1777 1091 1838 clam
1145 1776 1294 1838 omnium
1328 1775 1542 1852 antiquorum
1560 1793 1596 1846 s,
1622 1773 1787 1836 humanas
1811 1775 1943 1836 scilicet

298 1877 444 1950 mutulit,
461 1891 499 1938 se
514 1877 591 1938 dein
613 1877 700 1952 rugae
726 1875 952 1950 committere
973 1889 1039 1951 qua
1053 1888 1091 1934 re
1145 1887 1272 1944 omues,
1287 1887 1327 1934 ac
1347 1872 1482 1934 divinas
1500 1872 1687 1944 facultates,
1703 1871 1825 1949 quibus
1837 1872 1939 1934 locu-

297 1973 762 2052 grariterdoleusantonius,
777 1973 863 2050 quod
880 1969 966 2032 liber
985 1986 1092 2049 expo-
1145 1968 1328 2046 pletissime
1358 1970 1517 2030 universa
1541 1969 1648 2046 ipsius
1671 1969 1795 2046 scripta
1821 1985 1942 2030 cumu-

296 2071 543 2146 ottonemaeu
560 2071 707 2148 glossam
727 2071 762 2132 iu
782 2069 931 2146 singulos
946 2068 1091 2146 psalmos
1144 2067 1267 2128 lautur.
1284 2067 1370 2128 Hinc
1384 2083 1404 2127 a
1419 2067 1579 2142 Gregorio
1601 2069 1693 2142 Papa
1712 2069 1757 2127 IX
1773 2067 1940 2142 singulari

297 2168 434 2232 Davldls
449 2169 645 2240 contineret,
661 2182 767 2245 eoque
780 2166 822 2228 ud
842 2167 1021 2228 conciones
1035 2181 1093 2226 sa-
1145 2163 1266 2240 elogio,
1277 2162 1425 2241 nullique
1433 2164 1542 2225 adhuc
1553 2164 1642 2224 inter
1652 2164 1809 2225 Ecclmiae
1819 2165 1942 2240 magis·

297 2279 386 2340 cras,
398 2279 577 2344 rerumque
592 2265 857 2341 theologicarum
875 2263 1091 2340 explanatio·
1145 2261 1215 2323 tros
1229 2260 1401 2336 attributo,
1416 2263 1508 2322 Arca
1518 2261 1728 2322 Testamenti
1742 2259 1791 2339 (7)
1803 2261 1942 2322 concla-

297 2377 374 2425 nem
389 2363 437 2425 uti
450 2363 584 2436 soleret,
596 2362 744 2424 animum
752 2361 794 2424 ad
807 2361 992 2424 orationem
1000 2359 1093 2421 adhi·
1146 2358 1266 2420 matus.
1300 2359 1386 2420 Hinc
1410 2358 1554 2435 denique
1576 2357 1827 2419 laudatissimus
1849 2358 1941 2419 idem

296 2457 387 2536 bult;
401 2459 601 2538 tactumque,
617 2461 654 2522 ut
668 2459 855 2522 latrunculo
865 2457 1092 2534 interfugienti
1147 2455 1301 2518 Pontifex
1312 2457 1400 2518 inter
1411 2455 1544 2534 publica
1555 2454 1661 2532 ipsius
1671 2455 1747 2516 acta
1760 2455 1943 2516 manumm-

297 2557 339 2620 ud
355 2557 475 2619 ostium
491 2557 664 2634 cujusdam
680 2555 789 2632 pontis
805 2556 935 2618 daemon
949 2555 1093 2616 astitmb
1146 2553 1249 2615 bouis
1274 2554 1395 2629 spiritu
1421 2552 1599 2626 exultans,
1630 2553 1734 2615 voluti
1760 2555 1939 2614 Doctonrm

296 2653 443 2716 minatus
458 2669 585 2724 necem,
602 2653 637 2714 nl
651 2653 759 2715 redux
772 2651 937 2714 sublatum
951 2651 1091 2712 tumulo
1146 2647 1222 2709 albo
1233 2647 1387 2709 illaturus
1394 2648 1541 2709 intonuit
1548 2646 1611 2726 (8):
1624 2650 1789 2710 ouoctor
1799 2649 1939 2724 optime,

295 2749 443 2813 codicem
465 2751 657 2813 restitueret
677 2771 684 2810 :
706 2752 777 2823 Quo
801 2749 856 2810 hio
878 2747 1037 2816 codicem,
1056 2747 1093 2810 ut
1145 2747 1307 2808 Erotem
1317 2745 1587 2816 mactetumea,
1604 2746 1700 2806 beate
1713 2747 1857 2816 Annona
1872 2761 1939 2822 quo

297 2849 439 2926 optarat,
459 2847 714 2924 recuperarit.»
1146 2843 1313 2904 aervatum
1324 2842 1375 2903 est
1396 2841 1511 2917 postea
1523 2855 1623 2918 penes
1637 2841 1832 2902 uuiversum
1845 2842 1939 2904 ordi-

337 2945 507 3024 Priuolplo
522 2959 665 3022 namque
675 2959 748 3006 esse
761 2943 850 3006 huuc
862 2943 950 3006 iuter
964 2957 1092 3020 germa·
1145 2953 1221 2999 uem
1236 2938 1508 3009 Franciscauum,
1523 2938 1559 2999 ut
1572 2937 1746 2999 Lectiones
1765 2937 1801 2998 iu
1822 2939 1939 3000 Otdcio

297 3055 359 3104 nos
368 3041 504 3105 Antonii
515 3041 613 3106 totus
624 3040 865 3104 numerandum
874 3055 940 3102 uon
951 3039 1091 3102 obscure
1145 3034 1213 3098 diei
1227 3035 1293 3112 ipsi
1307 3034 1411 3108 testae,
1427 3035 1462 3097 et
1475 3035 1511 3095 in
1531 3034 1633 3096 Missa
1648 3035 1819 3108 Introitus,
1836 3037 1938 3113 Epis-

298 3139 416 3205 suadet
429 3139 523 3212 illud,
533 3138 619 3218 quod
632 3138 807 3202 manifesto
822 3139 865 3200 iis
877 3137 998 3200 emicat
1013 3137 1091 3198 duo·
1144 3133 1226 3204 tola,
1241 3135 1274 3196 et
1293 3133 1510 3207 Evangelium
1533 3133 1710 3194 Doctorum
1725 3136 1939 3195 canerentur.

296 3235 359 3298 bus
375 3235 611 3309 caracteribus,
628 3251 712 3314 quos
730 3235 977 3298 vetustissimus
991 3235 1090 3296 acto·
1184 3233 1258 3294 Jam
1272 3231 1383 3292 autom
1396 3229 1433 3291 in
1443 3230 1519 3305 hoo,
1532 3230 1573 3292 de
1583 3243 1648 3306 quo
1661 3229 1801 3304 agimus,
1816 3229 1940 3293 Codice

295 3347 370 3394 rum
389 3335 461 3412 ejus
481 3333 624 3410 scriptor
644 3333 680 3394 in
701 3332 850 3410 ejusdem
874 3331 1091 3394 concionibus
1145 3327 1282 3390 difficile
1305 3327 1396 3390 dictu
1410 3329 1471 3402 est,
1487 3343 1561 3405 quae
1576 3327 1620 3388 sit
1633 3327 1747 3388 sancte
1761 3326 1868 3389 libera
1887 3328 1941 3390 di-

296 3429 469 3492 retulsisse
491 3429 633 3494 eretur
659 3451 667 3490 ε
693 3429 779 3492 mira
804 3425 959 3492 videlicet
986 3427 1090 3490 animi
1145 3422 1242 3487 cendi
1252 3425 1359 3503 copia,
1371 3427 1474 3486 Deum
1485 3425 1628 3502 spirans,
1639 3439 1680 3485 ac
1691 3423 1798 3486 zelum
1813 3423 1848 3485 in
1863 3440 1941 3487 car-

295 3525 484 3590 coustantia
497 3527 532 3590 iu
545 3527 733 3606 principum
744 3527 942 3605 presertim,
954 3541 994 3588 ac
1009 3541 1091 3603 prae·
1144 3523 1197 3584 nis
1218 3522 1252 3584 et
1270 3521 1385 3584 saeoull
1400 3522 1618 3599 corruptelas,
1636 3521 1727 3600 atqui
1746 3522 1938 3600 irrumpens

296 3623 441 3687 latorum
468 3625 614 3703 peccatis
640 3624 842 3702 arguendisr
868 3624 902 3687 et
922 3622 1090 3686 uberrima
1144 3619 1256 3682 acrius
1284 3621 1320 3680 iu
1353 3619 1525 3697 praelatos,
1558 3633 1698 3697 quorum
1731 3619 1826 3682 tanto
1857 3635 1939 3696 gra-

295 3721 457 3800 quaodam,
480 3735 520 3786 ac
533 3722 716 3800 singularis
735 3721 824 3784 iuter
843 3721 1018 3784 dicendum
1033 3733 1092 3783 co-
1144 3717 1255 3780 vioros
1279 3717 1358 3779 suut
1384 3729 1494 3786 noxae,
1509 3718 1632 3794 quanto
1651 3715 1737 3778 alios
1760 3715 1940 3794 splendore

295 3819 351 3897 pla
373 3820 633 3898 Summurarum,
661 3831 727 3900 qua
754 3819 961 3882 audientium
987 3818 1089 3881 corda
1144 3816 1304 3892 superant
1314 3814 1497 3891 dignitatis.
1511 3813 1574 3876 Sed
1586 3816 1637 3876 est
1649 3814 1740 3876 dictu
1752 3813 1937 3886 difficilius,

294 3917 497 3982 commorari
520 3919 684 3996 protinus,
701 3933 742 3980 ac
762 3933 847 3995 pene
873 3917 970 3979 obrui
994 3916 1089 3980 ride·
1145 3927 1221 3992 quta
1232 3911 1276 3974 sit
1290 3913 1511 3974 humanarum
1532 3910 1664 3990 quidem
1679 3911 1827 3973 omnium
1842 3911 1939 3974 litte-

296 4015 425 4079 reutur.
442 4013 580 4094 utquod
596 4017 810 4078 sanamiram
825 4015 917 4077 illam
931 4016 1090 4078 constan·
1143 4025 1269 4083 rarum,
1300 4009 1359 4071 sed
1393 4008 1583 4070 divinarum
1615 4009 1759 4070 maxime
1790 4008 1938 4082 ubertas,

296 4111 377 4176 tiam
406 4114 546 4190 spectat,
575 4113 720 4176 traditur
742 4113 778 4174 iu
805 4115 878 4190 ejus
904 4111 995 4174 Actis
1013 4109 1087 4190 (t):
1143 4109 1243 4186 atque
1254 4106 1416 4181 eruditio;
1431 4105 1571 4182 proinde
1584 4109 1620 4169 ut
1629 4106 1695 4168 buc
1709 4121 1847 4168 censeas
1863 4121 1940 4168 cou-

295 4208 1090 4287 ‹raugamsuccinctaquomouocuncusaqua·
1143 4203 1282 4266 duxisse
1307 4217 1434 4275 omum,
1462 4203 1610 4281 illudque
1631 4219 1674 4266 ex
1696 4204 1760 4266 hoc
1780 4203 1882 4266 etiam
1902 4205 1938 4264 111

296 4303 631 4368 litorannnntiaverit
643 4306 829 4369 1111111111.
838 4307 916 4367 Haeo
926 4305 1088 4381 siquidem
1142 4302 1286 4364 11110110
1300 4301 1473 4377 impletum
1485 4315 1659 4377 agnoscas,
1680 4301 1766 4378 quod
1789 4301 1940 4364 celeber-

295 4401 402 4464 vlrtus
416 4401 450 4464 ln
473 4403 545 4480 ipso
568 4401 691 4464 claruit
709 4401 744 4463 ln
768 4402 875 4464 oeulis
901 4401 1086 4464 omnium...
1142 4398 1248 4458 rimus
1262 4396 1320 4460 ille
1334 4396 1558 4458 vercellensis
1575 4398 1687 4460 Sancti
1705 4397 1847 4459 Andreae
1862 4415 1938 4460 mo-

295 4497 651 4578 'l'antajustttiaellbra
667 4498 809 4576 singulis
834 4513 895 4561 sua
918 4497 1086 4570 reddebat,
1143 4494 1282 4557 uastarii
1295 4493 1410 4567 abbas,
1422 4493 1522 4572 atquo
1535 4493 1570 4557 in
1580 4495 1768 4570 theologica
1779 4496 1938 4558 facultate

295 4598 380 4678 quod
397 4595 1085 4674 111111131110111111111111111111111,
1143 4592 1285 4667 insignis
1298 4592 1423 4664 doctor,
1441 4607 1582 4669 quocum
1598 4592 1787 4654 summailli
1798 4593 1939 4654 familia-

294 4709 388 4774 saque
430 4696 566 4760 cunctos
600 4693 752 4757 vertistis
782 4693 896 4770 jaculo
934 4691 1087 4756 feriebat
1143 4690 1225 4751 ritas
1238 4685 1486 4762 intercesserat,
1501 4689 1609 4767 capite
1623 4691 1721 4752 tertio
1734 4691 1942 4752 Commenta-

295 4793 421 4870 Nempe
436 4794 572 4871 quijam
586 4791 1088 4869 calicemantaapassionistam
1143 4787 1270 4849 riorum
1293 4787 1329 4848 in
1353 4789 1393 4850 D.
1412 4787 1609 4865 Dionysium
1627 4788 1668 4849 de
1691 4787 1750 4848 illo
1777 4787 1937 4864 scriptum

294 4889 392 4952 arido
423 4891 523 4952 corde
547 4889 687 4962 sitierat,
716 4889 841 4974 nulllus
867 4887 1088 4964 magnitudini
1142 4885 1278 4962 reliquit
1291 4884 1339 4964 (9)
1357 4905 1364 4944 :
1380 4901 1399 4945 s
1416 4885 1591 4962 Utpossim
1607 4883 1833 4957 diomedeae,
1851 4885 1936 4962 quod

288 4999 356 5056 ¹uec
371 4988 460 5049 metu
474 4987 591 5050 mortis
615 5003 675 5064 pro
699 4987 840 5050 ueritate
865 4984 1013 5060 cedebat,
1031 4985 1087 5046 sed
1143 4980 1299 5044 scribitur
1313 4981 1491 5044 deteanne
1505 4981 1653 5059 Baptista
1669 5001 1677 5042 ε
1691 4985 1770 5058 Ipse
1784 4983 1863 5046 erat
1879 4987 1943 5045 tus

293 5081 446 5146 miranda
457 5085 665 5159 strenuitate,
679 5084 781 5146 etiarn
791 5085 1023 5160 magnatorum
1034 5084 1088 5160 ty·
1142 5082 1401 5154 ceramordcna,
1414 5079 1582 5142 cttuoeua.
1607 5095 1626 5139 11

330 5221 370 5352 2¹³
387 5221 470 5295 1111
484 5221 611 5282 muana
624 5223 749 5298 1111111,
763 5199 1121 5292 ausemano,
1178 5217 1562 5302 emanantia„
1648 5299 1651 5304 Ι
1768 5289 1774 5302 .
1922 5303 1926 5312 Ι

293 5307 319 5353 o.
355 5333 363 5364 ‚
384 5307 463 5352 num.
472 5293 517 5352 n.
1179 5293 1220 5361 (7)
1231 5288 1315 5362 Apud
1328 5288 1448 5358 Bellum,
1461 5295 1505 5347 ut.
1520 5289 1666 5350 dissecata
1679 5289 1863 5360 8111111111,
1873 5305 1901 5348 o.
1909 5291 1939 5351 1.

329 5365 359 5494 (ἶ
384 5363 461 5497 uffan*
464 5363 653 5505 suffla,
662 5363 714 5492 ruff
724 5436 747 5500 1.
760 5447 824 5510 cap.
836 5436 881 5493 11.
1143 5362 1555 5503 1111111111,
1571 5431 1751 5497 ursanus.

341 5505 368 5652 3)
382 5503 786 5647 lffirdtrt’tloiolgartrltluhluzt'itos,
800 5506 882 5578 Ant„
897 5505 952 5564 ci
971 5505 1085 5565 namt.
1143 5502 1221 5632 nug)
1233 5501 1321 5632 ¹zpud
1339 5501 1467 5560 boland.
1487 5502 1556 5572 vit,
1568 5501 1714 5562 ittracutn
1730 5504 1758 5560 s.
1773 5502 1851 5574 Ant,
1869 5504 1938 5574 ca,
