<?xml version="1.0" encoding="UTF-8"?>
<!DOCTYPE html PUBLIC "-//W3C//DTD XHTML 1.0 Transitional//EN"
    "http://www.w3.org/TR/xhtml1/DTD/xhtml1-transitional.dtd">
<html xmlns="http://www.w3.org/1999/xhtml" xml:lang="en" lang="en">
 <head>
  <title>
</title>
<meta http-equiv="Content-Type" content="text/html;charset=utf-8" />
  <meta name='ocr-system' content='tesseract 3.04.00' />
  <meta name='ocr-capabilities' content='ocr_page ocr_carea ocr_par ocr_line ocrx_word'/>
</head>
<body>
  <div class='ocr_page' id='page_1' title='image "./mediiaevibiblio02bottgoog_0251.png"; bbox 0 0 4226 6406; ppageno 0'>
   <div class='ocr_carea' id='block_1_1' title="bbox 341 245 1991 345">
    <p class='ocr_par' dir='ltr' id='par_1_1' title="bbox 341 245 1991 345">
     <span class='ocr_line' id='line_1_1' title="bbox 341 245 1991 345; baseline 0.005 -11"><span class='ocrx_word' id='word_1_1' title='bbox 341 279 402 345; x_wconf 68' lang='lat' dir='ltr'>aas</span> <span class='ocrx_word' id='word_1_2' title='bbox 611 245 617 250; x_wconf 76' lang='grc'><strong><em>’</em></strong></span> <span class='ocrx_word' id='word_1_3' title='bbox 814 280 869 338; x_wconf 80' lang='lat' dir='ltr'>an</span> <span class='ocrx_word' id='word_1_4' title='bbox 898 277 1036 338; x_wconf 75' lang='lat' dir='ltr'>ornus</span> <span class='ocrx_word' id='word_1_5' title='bbox 1066 279 1098 336; x_wconf 88' lang='lat' dir='ltr'>s.</span> <span class='ocrx_word' id='word_1_6' title='bbox 1122 275 1297 338; x_wconf 80' lang='lat' dir='ltr'>nuuouu</span> <span class='ocrx_word' id='word_1_7' title='bbox 1329 275 1516 336; x_wconf 76' lang='lat' dir='ltr'>nauunru</span> <span class='ocrx_word' id='word_1_8' title='bbox 1927 281 1991 342; x_wconf 33' lang='lat'>*476</span> 
     </span>
    </p>
   </div>
   <div class='ocr_carea' id='block_1_2' title="bbox 240 409 2098 520">
    <p class='ocr_par' dir='ltr' id='par_1_2' title="bbox 240 409 2098 520">
     <span class='ocr_line' id='line_1_2' title="bbox 240 409 2098 520; baseline 0 -18"><span class='ocrx_word' id='word_1_9' title='bbox 240 431 242 451; x_wconf 78' lang='grc'>”</span> <span class='ocrx_word' id='word_1_10' title='bbox 340 439 473 520; x_wconf 85' lang='lat' dir='ltr'>quidem</span> <span class='ocrx_word' id='word_1_11' title='bbox 489 436 747 518; x_wconf 76' lang='lat' dir='ltr'>etymologlaaut</span> <span class='ocrx_word' id='word_1_12' title='bbox 760 433 908 514; x_wconf 83' lang='lat' dir='ltr'>theologi</span> <span class='ocrx_word' id='word_1_13' title='bbox 919 433 1019 512; x_wconf 87' lang='lat' dir='ltr'>docti,</span> <span class='ocrx_word' id='word_1_14' title='bbox 1037 435 1136 515; x_wconf 90' lang='lat' dir='ltr'>idque</span> <span class='ocrx_word' id='word_1_15' title='bbox 1191 435 1321 511; x_wconf 82' lang='lat' dir='ltr'>rigans,</span> <span class='ocrx_word' id='word_1_16' title='bbox 1346 430 1614 512; x_wconf 84' lang='lat' dir='ltr'>haudquaquam,</span> <span class='ocrx_word' id='word_1_17' title='bbox 1638 435 1676 496; x_wconf 88' lang='lat' dir='ltr'>ni</span> <span class='ocrx_word' id='word_1_18' title='bbox 1698 433 1840 509; x_wconf 80' lang='lat' dir='ltr'>uolebat,</span> <span class='ocrx_word' id='word_1_19' title='bbox 1865 437 1901 500; x_wconf 91' lang='lat' dir='ltr'>in</span> <span class='ocrx_word' id='word_1_20' title='bbox 1922 455 1990 518; x_wconf 87' lang='lat' dir='ltr'>pa·</span> <span class='ocrx_word' id='word_1_21' title='bbox 2097 409 2098 418; x_wconf 8' lang='grc' dir='ltr'>ἵ</span> 
     </span>
    </p>
   </div>
   <div class='ocr_carea' id='block_1_3' title="bbox 340 511 2098 612">
    <p class='ocr_par' dir='ltr' id='par_1_3' title="bbox 340 511 2098 612">
     <span class='ocr_line' id='line_1_3' title="bbox 340 511 2098 612; baseline -0.001 -11"><span class='ocrx_word' id='word_1_22' title='bbox 340 553 461 601; x_wconf 91' lang='lat' dir='ltr'>nomen</span> <span class='ocrx_word' id='word_1_23' title='bbox 474 551 552 600; x_wconf 88' lang='lat' dir='ltr'>esse</span> <span class='ocrx_word' id='word_1_24' title='bbox 564 535 665 604; x_wconf 87' lang='lat' dir='ltr'>idem,</span> <span class='ocrx_word' id='word_1_25' title='bbox 680 534 766 612; x_wconf 89' lang='lat' dir='ltr'>quod</span> <span class='ocrx_word' id='word_1_26' title='bbox 782 536 849 598; x_wconf 84' lang='lat' dir='ltr'>alte</span> <span class='ocrx_word' id='word_1_27' title='bbox 860 537 994 608; x_wconf 74' lang='lat' dir='ltr'>taraus,</span> <span class='ocrx_word' id='word_1_28' title='bbox 1009 533 1134 596; x_wconf 61' lang='lat' dir='ltr'>dicunt,</span> <span class='ocrx_word' id='word_1_29' title='bbox 1190 532 1302 605; x_wconf 88' lang='lat' dir='ltr'>triam,</span> <span class='ocrx_word' id='word_1_30' title='bbox 1317 533 1374 594; x_wconf 87' lang='lat' dir='ltr'>sed</span> <span class='ocrx_word' id='word_1_31' title='bbox 1389 533 1423 593; x_wconf 93' lang='lat' dir='ltr'>in</span> <span class='ocrx_word' id='word_1_32' title='bbox 1445 533 1596 594; x_wconf 87' lang='lat' dir='ltr'>Siciliam</span> <span class='ocrx_word' id='word_1_33' title='bbox 1615 532 1745 595; x_wconf 82' lang='lat' dir='ltr'>delatus</span> <span class='ocrx_word' id='word_1_34' title='bbox 1763 535 1865 597; x_wconf 83' lang='lat' dir='ltr'>uenit.</span> <span class='ocrx_word' id='word_1_35' title='bbox 1875 538 1992 600; x_wconf 82' lang='lat' dir='ltr'>nulia·</span> <span class='ocrx_word' id='word_1_36' title='bbox 2097 511 2098 564; x_wconf 47' lang='lat'><em>³</em></span> 
     </span>
    </p>
   </div>
   <div class='ocr_carea' id='block_1_4' title="bbox 338 630 1991 708">
    <p class='ocr_par' dir='ltr' id='par_1_4' title="bbox 338 630 1991 708">
     <span class='ocr_line' id='line_1_4' title="bbox 338 630 1991 708; baseline 0 -10"><span class='ocrx_word' id='word_1_37' title='bbox 338 635 511 698; x_wconf 79' lang='lat' dir='ltr'>Fratribus</span> <span class='ocrx_word' id='word_1_38' title='bbox 519 637 629 696; x_wconf 90' lang='lat' dir='ltr'>autem</span> <span class='ocrx_word' id='word_1_39' title='bbox 638 631 1136 708; x_wconf 84' lang='lat' dir='ltr'>collaudantibuslleum,seque</span> <span class='ocrx_word' id='word_1_40' title='bbox 1190 631 1244 694; x_wconf 85' lang='lat' dir='ltr'>lus</span> <span class='ocrx_word' id='word_1_41' title='bbox 1260 630 1405 708; x_wconf 88' lang='lat' dir='ltr'>quidem,</span> <span class='ocrx_word' id='word_1_42' title='bbox 1422 631 1618 708; x_wconf 90' lang='lat' dir='ltr'>debilisque,</span> <span class='ocrx_word' id='word_1_43' title='bbox 1635 647 1676 692; x_wconf 90' lang='lat' dir='ltr'>ac</span> <span class='ocrx_word' id='word_1_44' title='bbox 1688 631 1798 692; x_wconf 85' lang='lat' dir='ltr'>fessus</span> <span class='ocrx_word' id='word_1_45' title='bbox 1812 635 1895 707; x_wconf 89' lang='lat' dir='ltr'>erat,</span> <span class='ocrx_word' id='word_1_46' title='bbox 1912 647 1991 698; x_wconf 91' lang='lat' dir='ltr'>cum</span> 
     </span>
    </p>
   </div>
   <div class='ocr_carea' id='block_1_5' title="bbox 339 727 2098 906">
    <p class='ocr_par' dir='ltr' id='par_1_5' title="bbox 339 727 2098 906">
     <span class='ocr_line' id='line_1_5' title="bbox 339 727 2098 818; baseline 0.001 -24"><span class='ocrx_word' id='word_1_47' title='bbox 339 735 484 796; x_wconf 77' lang='lat' dir='ltr'>laticem</span> <span class='ocrx_word' id='word_1_48' title='bbox 498 733 617 794; x_wconf 82' lang='lat' dir='ltr'>deuota</span> <span class='ocrx_word' id='word_1_49' title='bbox 632 731 839 809; x_wconf 89' lang='lat' dir='ltr'>quadam,ac</span> <span class='ocrx_word' id='word_1_50' title='bbox 854 729 920 818; x_wconf 77' lang='lat' dir='ltr'>pia,</span> <span class='ocrx_word' id='word_1_51' title='bbox 933 729 1136 792; x_wconf 84' lang='lat' dir='ltr'>utDeiservl</span> <span class='ocrx_word' id='word_1_52' title='bbox 1191 728 1318 790; x_wconf 89' lang='lat' dir='ltr'>recenti</span> <span class='ocrx_word' id='word_1_53' title='bbox 1344 727 1378 789; x_wconf 91' lang='lat' dir='ltr'>et</span> <span class='ocrx_word' id='word_1_54' title='bbox 1397 729 1494 804; x_wconf 82' lang='lat' dir='ltr'>gravi</span> <span class='ocrx_word' id='word_1_55' title='bbox 1516 728 1720 801; x_wconf 85' lang='lat' dir='ltr'>ualetudine,-</span> <span class='ocrx_word' id='word_1_56' title='bbox 1734 731 1805 792; x_wconf 72' lang='lat' dir='ltr'>turm</span> <span class='ocrx_word' id='word_1_57' title='bbox 1831 730 1932 808; x_wconf 89' lang='lat' dir='ltr'>longa</span> <span class='ocrx_word' id='word_1_58' title='bbox 1955 736 1990 796; x_wconf 89' lang='lat' dir='ltr'>et</span> <span class='ocrx_word' id='word_1_59' title='bbox 2097 745 2098 748; x_wconf 72' lang='grc'>’</span> 
     </span>
     <span class='ocr_line' id='line_1_6' title="bbox 339 825 2098 906; baseline 0.001 -14"><span class='ocrx_word' id='word_1_60' title='bbox 339 829 420 892; x_wconf 90' lang='lat' dir='ltr'>boni</span> <span class='ocrx_word' id='word_1_61' title='bbox 443 829 562 902; x_wconf 78' lang='lat' dir='ltr'>solent,</span> <span class='ocrx_word' id='word_1_62' title='bbox 586 828 738 900; x_wconf 89' lang='lat' dir='ltr'>caritate,</span> <span class='ocrx_word' id='word_1_63' title='bbox 763 829 797 890; x_wconf 90' lang='lat' dir='ltr'>et</span> <span class='ocrx_word' id='word_1_64' title='bbox 816 841 930 890; x_wconf 88' lang='lat' dir='ltr'>amore</span> <span class='ocrx_word' id='word_1_65' title='bbox 955 827 1137 902; x_wconf 78' lang='lat' dir='ltr'>congrata·</span> <span class='ocrx_word' id='word_1_66' title='bbox 1191 825 1380 902; x_wconf 87' lang='lat' dir='ltr'>periculosa</span> <span class='ocrx_word' id='word_1_67' title='bbox 1409 826 1642 902; x_wconf 85' lang='lat' dir='ltr'>navigatione,</span> <span class='ocrx_word' id='word_1_68' title='bbox 1673 827 1760 904; x_wconf 89' lang='lat' dir='ltr'>quod</span> <span class='ocrx_word' id='word_1_69' title='bbox 1794 829 1987 905; x_wconf 78' lang='lat' dir='ltr'>ingentibus</span> <span class='ocrx_word' id='word_1_70' title='bbox 2097 825 2098 906; x_wconf 62' lang='grc' dir='ltr'>ζ</span> 
     </span>
    </p>
   </div>
   <div class='ocr_carea' id='block_1_6' title="bbox 255 923 2061 5570">
    <p class='ocr_par' dir='ltr' id='par_1_6' title="bbox 336 923 1990 1680">
     <span class='ocr_line' id='line_1_7' title="bbox 341 923 1989 1004; baseline -0.001 -14"><span class='ocrx_word' id='word_1_71' title='bbox 341 927 499 1000; x_wconf 87' lang='lat' dir='ltr'>lantibus,</span> <span class='ocrx_word' id='word_1_72' title='bbox 526 925 612 1004; x_wconf 91' lang='lat' dir='ltr'>quud</span> <span class='ocrx_word' id='word_1_73' title='bbox 646 941 741 986; x_wconf 88' lang='lat' dir='ltr'>suum</span> <span class='ocrx_word' id='word_1_74' title='bbox 774 925 810 986; x_wconf 93' lang='lat' dir='ltr'>in</span> <span class='ocrx_word' id='word_1_75' title='bbox 836 925 992 986; x_wconf 90' lang='lat' dir='ltr'>Ordinem</span> <span class='ocrx_word' id='word_1_76' title='bbox 1025 925 1135 986; x_wconf 81' lang='lat' dir='ltr'>uirum</span> <span class='ocrx_word' id='word_1_77' title='bbox 1190 923 1347 999; x_wconf 84' lang='lat' dir='ltr'>procellis</span> <span class='ocrx_word' id='word_1_78' title='bbox 1367 923 1499 986; x_wconf 86' lang='lat' dir='ltr'>turbato</span> <span class='ocrx_word' id='word_1_79' title='bbox 1519 924 1616 996; x_wconf 86' lang='lat' dir='ltr'>mari,</span> <span class='ocrx_word' id='word_1_80' title='bbox 1635 939 1753 986; x_wconf 86' lang='lat' dir='ltr'>nauem</span> <span class='ocrx_word' id='word_1_81' title='bbox 1769 940 1858 986; x_wconf 90' lang='lat' dir='ltr'>nunc</span> <span class='ocrx_word' id='word_1_82' title='bbox 1873 927 1989 988; x_wconf 88' lang='lat' dir='ltr'>dehis-</span> 
     </span>
     <span class='ocr_line' id='line_1_8' title="bbox 339 1019 1988 1100; baseline 0.001 -14"><span class='ocrx_word' id='word_1_83' title='bbox 339 1023 429 1086; x_wconf 87' lang='lat' dir='ltr'>hunc</span> <span class='ocrx_word' id='word_1_84' title='bbox 441 1023 584 1096; x_wconf 87' lang='lat' dir='ltr'>doctum,</span> <span class='ocrx_word' id='word_1_85' title='bbox 597 1022 817 1100; x_wconf 89' lang='lat' dir='ltr'>eumdemque</span> <span class='ocrx_word' id='word_1_86' title='bbox 827 1021 962 1097; x_wconf 89' lang='lat' dir='ltr'>bonnm,</span> <span class='ocrx_word' id='word_1_87' title='bbox 976 1034 1015 1083; x_wconf 88' lang='lat' dir='ltr'>ac</span> <span class='ocrx_word' id='word_1_88' title='bbox 1029 1036 1136 1100; x_wconf 76' lang='lat' dir='ltr'>prom·</span> <span class='ocrx_word' id='word_1_89' title='bbox 1190 1019 1341 1082; x_wconf 81' lang='lat' dir='ltr'>centibus</span> <span class='ocrx_word' id='word_1_90' title='bbox 1357 1021 1453 1082; x_wconf 88' lang='lat' dir='ltr'>undis</span> <span class='ocrx_word' id='word_1_91' title='bbox 1464 1021 1499 1082; x_wconf 90' lang='lat' dir='ltr'>iu</span> <span class='ocrx_word' id='word_1_92' title='bbox 1512 1021 1713 1098; x_wconf 89' lang='lat' dir='ltr'>profundum</span> <span class='ocrx_word' id='word_1_93' title='bbox 1729 1039 1884 1096; x_wconf 87' lang='lat' dir='ltr'>mersam,</span> <span class='ocrx_word' id='word_1_94' title='bbox 1897 1041 1988 1088; x_wconf 90' lang='lat' dir='ltr'>nunc</span> 
     </span>
     <span class='ocr_line' id='line_1_9' title="bbox 338 1117 1987 1201; baseline 0.001 -17"><span class='ocrx_word' id='word_1_95' title='bbox 338 1123 430 1201; x_wconf 90' lang='lat' dir='ltr'>ptum</span> <span class='ocrx_word' id='word_1_96' title='bbox 445 1121 488 1183; x_wconf 92' lang='lat' dir='ltr'>ad</span> <span class='ocrx_word' id='word_1_97' title='bbox 503 1119 724 1192; x_wconf 82' lang='lat' dir='ltr'>Deiservitla,</span> <span class='ocrx_word' id='word_1_98' title='bbox 739 1119 825 1182; x_wconf 86' lang='lat' dir='ltr'>etad</span> <span class='ocrx_word' id='word_1_99' title='bbox 840 1119 1037 1197; x_wconf 86' lang='lat' dir='ltr'>martyrium</span> <span class='ocrx_word' id='word_1_100' title='bbox 1052 1129 1133 1180; x_wconf 60' lang='lat' dir='ltr'>sus*</span> <span class='ocrx_word' id='word_1_101' title='bbox 1189 1117 1293 1180; x_wconf 88' lang='lat' dir='ltr'>lluctu</span> <span class='ocrx_word' id='word_1_102' title='bbox 1317 1119 1490 1196; x_wconf 88' lang='lat' dir='ltr'>reciproco</span> <span class='ocrx_word' id='word_1_103' title='bbox 1516 1119 1550 1180; x_wconf 93' lang='lat' dir='ltr'>ln</span> <span class='ocrx_word' id='word_1_104' title='bbox 1577 1135 1737 1182; x_wconf 76' lang='lat' dir='ltr'>cacumen</span> <span class='ocrx_word' id='word_1_105' title='bbox 1763 1123 1921 1196; x_wconf 80' lang='lat' dir='ltr'>evectam,</span> <span class='ocrx_word' id='word_1_106' title='bbox 1948 1139 1987 1186; x_wconf 87' lang='lat' dir='ltr'>se</span> 
     </span>
     <span class='ocr_line' id='line_1_10' title="bbox 338 1201 1990 1296; baseline -0.001 -14"><span class='ocrx_word' id='word_1_107' title='bbox 338 1217 526 1296; x_wconf 89' lang='lat' dir='ltr'>cepissent:</span> <span class='ocrx_word' id='word_1_108' title='bbox 542 1232 584 1279; x_wconf 90' lang='lat' dir='ltr'>en</span> <span class='ocrx_word' id='word_1_109' title='bbox 602 1230 688 1278; x_wconf 87' lang='lat' dir='ltr'>uuas</span> <span class='ocrx_word' id='word_1_110' title='bbox 711 1217 753 1278; x_wconf 90' lang='lat' dir='ltr'>ad</span> <span class='ocrx_word' id='word_1_111' title='bbox 767 1201 851 1278; x_wconf 88' lang='lat' dir='ltr'>‘eum</span> <span class='ocrx_word' id='word_1_112' title='bbox 871 1216 906 1277; x_wconf 88' lang='lat' dir='ltr'>iu</span> <span class='ocrx_word' id='word_1_113' title='bbox 929 1216 1050 1292; x_wconf 88' lang='lat' dir='ltr'>spiritu</span> <span class='ocrx_word' id='word_1_114' title='bbox 1075 1216 1133 1277; x_wconf 77' lang='lat' dir='ltr'>in-</span> <span class='ocrx_word' id='word_1_115' title='bbox 1189 1217 1311 1288; x_wconf 89' lang='lat' dir='ltr'>autem,</span> <span class='ocrx_word' id='word_1_116' title='bbox 1328 1217 1497 1293; x_wconf 88' lang='lat' dir='ltr'>quierant</span> <span class='ocrx_word' id='word_1_117' title='bbox 1518 1217 1553 1278; x_wconf 92' lang='lat' dir='ltr'>in</span> <span class='ocrx_word' id='word_1_118' title='bbox 1577 1233 1629 1289; x_wconf 89' lang='lat' dir='ltr'>ea,</span> <span class='ocrx_word' id='word_1_119' title='bbox 1648 1221 1814 1280; x_wconf 88' lang='lat' dir='ltr'>momentu</span> <span class='ocrx_word' id='word_1_120' title='bbox 1829 1235 1918 1296; x_wconf 88' lang='lat' dir='ltr'>saepe</span> <span class='ocrx_word' id='word_1_121' title='bbox 1931 1222 1990 1282; x_wconf 83' lang='lat' dir='ltr'>ui·</span> 
     </span>
     <span class='ocr_line' id='line_1_11' title="bbox 338 1313 1986 1394; baseline 0.002 -18"><span class='ocrx_word' id='word_1_122' title='bbox 338 1315 431 1394; x_wconf 91' lang='lat' dir='ltr'>quit:</span> <span class='ocrx_word' id='word_1_123' title='bbox 452 1317 551 1388; x_wconf 84' lang='lat' dir='ltr'>Vade,</span> <span class='ocrx_word' id='word_1_124' title='bbox 565 1318 613 1376; x_wconf 83' lang='lat' dir='ltr'>Tu</span> <span class='ocrx_word' id='word_1_125' title='bbox 631 1313 862 1375; x_wconf 81' lang='lat' dir='ltr'>sanctusaris.</span> <span class='ocrx_word' id='word_1_126' title='bbox 879 1313 961 1374; x_wconf 83' lang='lat' dir='ltr'>Turn</span> <span class='ocrx_word' id='word_1_127' title='bbox 978 1313 1018 1374; x_wconf 93' lang='lat' dir='ltr'>ad</span> <span class='ocrx_word' id='word_1_128' title='bbox 1040 1313 1133 1373; x_wconf 91' lang='lat' dir='ltr'>illum</span> <span class='ocrx_word' id='word_1_129' title='bbox 1188 1327 1259 1382; x_wconf 87' lang='lat' dir='ltr'>vos,</span> <span class='ocrx_word' id='word_1_130' title='bbox 1288 1316 1503 1392; x_wconf 88' lang='lat' dir='ltr'>mortuosque</span> <span class='ocrx_word' id='word_1_131' title='bbox 1526 1314 1698 1376; x_wconf 87' lang='lat' dir='ltr'>uidissent.</span> <span class='ocrx_word' id='word_1_132' title='bbox 1730 1316 1889 1393; x_wconf 78' lang='lat' dir='ltr'>Equidem</span> <span class='ocrx_word' id='word_1_133' title='bbox 1915 1318 1986 1380; x_wconf 88' lang='lat' dir='ltr'>illis</span> 
     </span>
     <span class='ocr_line' id='line_1_12' title="bbox 336 1409 1982 1490; baseline 0.001 -13"><span class='ocrx_word' id='word_1_134' title='bbox 336 1411 502 1476; x_wconf 83' lang='lat' dir='ltr'>Antonius</span> <span class='ocrx_word' id='word_1_135' title='bbox 526 1409 711 1482; x_wconf 78' lang='lat' dir='ltr'>humiliat</span> <span class='ocrx_word' id='word_1_136' title='bbox 735 1409 859 1472; x_wconf 88' lang='lat' dir='ltr'>soleret</span> <span class='ocrx_word' id='word_1_137' title='bbox 885 1423 1026 1487; x_wconf 82' lang='lat' dir='ltr'>semper,</span> <span class='ocrx_word' id='word_1_138' title='bbox 1052 1419 1134 1471; x_wconf 83' lang='lat' dir='ltr'>uoce</span> <span class='ocrx_word' id='word_1_139' title='bbox 1189 1410 1355 1473; x_wconf 86' lang='lat' dir='ltr'>assentior</span> <span class='ocrx_word' id='word_1_140' title='bbox 1384 1411 1493 1484; x_wconf 90' lang='lat' dir='ltr'>facile,</span> <span class='ocrx_word' id='word_1_141' title='bbox 1519 1412 1579 1490; x_wconf 92' lang='lat' dir='ltr'>qul</span> <span class='ocrx_word' id='word_1_142' title='bbox 1597 1413 1760 1485; x_wconf 88' lang='lat' dir='ltr'>oratione,</span> <span class='ocrx_word' id='word_1_143' title='bbox 1786 1429 1827 1476; x_wconf 90' lang='lat' dir='ltr'>ac</span> <span class='ocrx_word' id='word_1_144' title='bbox 1853 1417 1982 1478; x_wconf 86' lang='lat' dir='ltr'>meritis</span> 
     </span>
     <span class='ocr_line' id='line_1_13' title="bbox 338 1505 1988 1588; baseline 0.001 -16"><span class='ocrx_word' id='word_1_145' title='bbox 338 1509 531 1588; x_wconf 77' lang='lat' dir='ltr'>respoudit:</span> <span class='ocrx_word' id='word_1_146' title='bbox 545 1509 631 1570; x_wconf 80' lang='lat' dir='ltr'>cum</span> <span class='ocrx_word' id='word_1_147' title='bbox 650 1507 809 1570; x_wconf 75' lang='lat' dir='ltr'>sanctum</span> <span class='ocrx_word' id='word_1_148' title='bbox 829 1508 1134 1582; x_wconf 70' lang='lat' dir='ltr'>aucmentatum</span> <span class='ocrx_word' id='word_1_149' title='bbox 1188 1505 1295 1566; x_wconf 87' lang='lat' dir='ltr'>sancti</span> <span class='ocrx_word' id='word_1_150' title='bbox 1319 1506 1396 1576; x_wconf 87' lang='lat' dir='ltr'>uiri,</span> <span class='ocrx_word' id='word_1_151' title='bbox 1419 1521 1463 1569; x_wconf 90' lang='lat' dir='ltr'>ue</span> <span class='ocrx_word' id='word_1_152' title='bbox 1486 1506 1759 1584; x_wconf 79' lang='lat' dir='ltr'>periclitarentur</span> <span class='ocrx_word' id='word_1_153' title='bbox 1771 1520 1898 1578; x_wconf 88' lang='lat' dir='ltr'>omnes,</span> <span class='ocrx_word' id='word_1_154' title='bbox 1915 1509 1988 1573; x_wconf 88' lang='lat' dir='ltr'>fac-</span> 
     </span>
     <span class='ocr_line' id='line_1_14' title="bbox 337 1603 1396 1680; baseline -0.008 -10"><span class='ocrx_word' id='word_1_155' title='bbox 337 1609 491 1670; x_wconf 77' lang='lat' dir='ltr'>laudabis</span> <span class='ocrx_word' id='word_1_156' title='bbox 505 1606 626 1667; x_wconf 80' lang='lat' dir='ltr'>Deum.</span> <span class='ocrx_word' id='word_1_157' title='bbox 1188 1603 1396 1680; x_wconf 87' lang='lat' dir='ltr'>tumputent.</span> 
     </span>
    </p>

    <p class='ocr_par' dir='ltr' id='par_1_7' title="bbox 255 1699 2061 5570">
     <span class='ocr_line' id='line_1_15' title="bbox 377 1699 1986 1782; baseline 0.002 -18"><span class='ocrx_word' id='word_1_158' title='bbox 377 1703 541 1764; x_wconf 82' lang='lat' dir='ltr'>caeterum</span> <span class='ocrx_word' id='word_1_159' title='bbox 556 1703 630 1779; x_wconf 91' lang='lat' dir='ltr'>post</span> <span class='ocrx_word' id='word_1_160' title='bbox 650 1701 783 1773; x_wconf 86' lang='lat' dir='ltr'>multos,</span> <span class='ocrx_word' id='word_1_161' title='bbox 806 1715 845 1762; x_wconf 89' lang='lat' dir='ltr'>ac</span> <span class='ocrx_word' id='word_1_162' title='bbox 860 1701 934 1777; x_wconf 88' lang='lat' dir='ltr'>pios</span> <span class='ocrx_word' id='word_1_163' title='bbox 946 1702 1130 1778; x_wconf 82' lang='lat' dir='ltr'>amplexus,</span> <span class='ocrx_word' id='word_1_164' title='bbox 1228 1699 1376 1762; x_wconf 84' lang='lat' dir='ltr'>Muretus</span> <span class='ocrx_word' id='word_1_165' title='bbox 1396 1715 1476 1764; x_wconf 83' lang='lat' dir='ltr'>uero</span> <span class='ocrx_word' id='word_1_166' title='bbox 1497 1701 1533 1762; x_wconf 89' lang='lat' dir='ltr'>in</span> <span class='ocrx_word' id='word_1_167' title='bbox 1558 1701 1674 1764; x_wconf 81' lang='lat' dir='ltr'>Sicilia</span> <span class='ocrx_word' id='word_1_168' title='bbox 1697 1703 1892 1782; x_wconf 77' lang='lat' dir='ltr'>quantisper</span> <span class='ocrx_word' id='word_1_169' title='bbox 1909 1721 1986 1768; x_wconf 88' lang='lat' dir='ltr'>cor·</span> 
     </span>
     <span class='ocr_line' id='line_1_16' title="bbox 255 1788 1986 1887; baseline 0.002 -24"><span class='ocrx_word' id='word_1_170' title='bbox 255 1788 257 1792; x_wconf 72' lang='grc'><strong>’</strong></span> <span class='ocrx_word' id='word_1_171' title='bbox 336 1813 518 1874; x_wconf 81' lang='lat' dir='ltr'>sermones,</span> <span class='ocrx_word' id='word_1_172' title='bbox 532 1797 660 1873; x_wconf 89' lang='lat' dir='ltr'>oscula,</span> <span class='ocrx_word' id='word_1_173' title='bbox 678 1797 756 1860; x_wconf 91' lang='lat' dir='ltr'>iude</span> <span class='ocrx_word' id='word_1_174' title='bbox 773 1797 903 1860; x_wconf 89' lang='lat' dir='ltr'>cunctis</span> <span class='ocrx_word' id='word_1_175' title='bbox 922 1798 1134 1887; x_wconf 86' lang='lat' dir='ltr'>lacrymanti·</span> <span class='ocrx_word' id='word_1_176' title='bbox 1188 1797 1278 1873; x_wconf 85' lang='lat' dir='ltr'>poris</span> <span class='ocrx_word' id='word_1_177' title='bbox 1304 1798 1406 1871; x_wconf 82' lang='lat' dir='ltr'>uires,</span> <span class='ocrx_word' id='word_1_178' title='bbox 1430 1799 1674 1877; x_wconf 79' lang='lat' dir='ltr'>sanitatemque</span> <span class='ocrx_word' id='word_1_179' title='bbox 1694 1801 1834 1878; x_wconf 88' lang='lat' dir='ltr'>recepit.</span> <span class='ocrx_word' id='word_1_180' title='bbox 1860 1802 1986 1866; x_wconf 85' lang='lat' dir='ltr'>Deinde</span> 
     </span>
     <span class='ocr_line' id='line_1_17' title="bbox 336 1892 1984 1974; baseline 0.001 -15"><span class='ocrx_word' id='word_1_181' title='bbox 336 1898 399 1960; x_wconf 91' lang='lat' dir='ltr'>bns</span> <span class='ocrx_word' id='word_1_182' title='bbox 425 1895 518 1969; x_wconf 88' lang='lat' dir='ltr'>abiit,</span> <span class='ocrx_word' id='word_1_183' title='bbox 546 1897 580 1958; x_wconf 90' lang='lat' dir='ltr'>et</span> <span class='ocrx_word' id='word_1_184' title='bbox 607 1909 672 1973; x_wconf 93' lang='lat' dir='ltr'>qua</span> <span class='ocrx_word' id='word_1_185' title='bbox 697 1895 869 1973; x_wconf 74' lang='lat' dir='ltr'>traiiceret</span> <span class='ocrx_word' id='word_1_186' title='bbox 892 1897 934 1956; x_wconf 88' lang='lat' dir='ltr'>ad</span> <span class='ocrx_word' id='word_1_187' title='bbox 960 1895 1131 1968; x_wconf 86' lang='lat' dir='ltr'>barbaros,</span> <span class='ocrx_word' id='word_1_188' title='bbox 1188 1892 1984 1974; x_wconf 77' lang='lat' dir='ltr'>Messanam:Siciliaecivitasest,uicinaltalias;</span> 
     </span>
     <span class='ocr_line' id='line_1_18' title="bbox 336 1992 1986 2074; baseline 0.002 -18"><span class='ocrx_word' id='word_1_189' title='bbox 336 2003 457 2056; x_wconf 81' lang='lat' dir='ltr'>nauem</span> <span class='ocrx_word' id='word_1_190' title='bbox 482 1992 643 2056; x_wconf 88' lang='lat' dir='ltr'>ascendit.</span> <span class='ocrx_word' id='word_1_191' title='bbox 667 1993 791 2054; x_wconf 87' lang='lat' dir='ltr'>Plenus</span> <span class='ocrx_word' id='word_1_192' title='bbox 817 1994 889 2056; x_wconf 87' lang='lat' dir='ltr'>erat</span> <span class='ocrx_word' id='word_1_193' title='bbox 915 2005 1029 2055; x_wconf 87' lang='lat' dir='ltr'>amore</span> <span class='ocrx_word' id='word_1_194' title='bbox 1054 1992 1134 2056; x_wconf 83' lang='lat' dir='ltr'>Jesu</span> <span class='ocrx_word' id='word_1_195' title='bbox 1187 1993 1342 2054; x_wconf 83' lang='lat' dir='ltr'>Messana</span> <span class='ocrx_word' id='word_1_196' title='bbox 1365 1993 1505 2068; x_wconf 84' lang='lat' dir='ltr'>Regium</span> <span class='ocrx_word' id='word_1_197' title='bbox 1518 1993 1692 2065; x_wconf 78' lang='lat' dir='ltr'>calabria,</span> <span class='ocrx_word' id='word_1_198' title='bbox 1710 2009 1750 2056; x_wconf 89' lang='lat' dir='ltr'>ac</span> <span class='ocrx_word' id='word_1_199' title='bbox 1773 2009 1902 2058; x_wconf 90' lang='lat' dir='ltr'>omnem</span> <span class='ocrx_word' id='word_1_200' title='bbox 1924 2013 1986 2074; x_wconf 88' lang='lat' dir='ltr'>per</span> 
     </span>
     <span class='ocr_line' id='line_1_19' title="bbox 337 2087 1984 2168; baseline 0.001 -14"><span class='ocrx_word' id='word_1_201' title='bbox 337 2091 473 2164; x_wconf 81' lang='lat' dir='ltr'>Christi,</span> <span class='ocrx_word' id='word_1_202' title='bbox 490 2093 589 2168; x_wconf 87' lang='lat' dir='ltr'>atque</span> <span class='ocrx_word' id='word_1_203' title='bbox 610 2093 681 2168; x_wconf 84' lang='lat' dir='ltr'>jam</span> <span class='ocrx_word' id='word_1_204' title='bbox 710 2089 889 2162; x_wconf 80' lang='lat' dir='ltr'>desiderio,</span> <span class='ocrx_word' id='word_1_205' title='bbox 903 2091 937 2153; x_wconf 85' lang='lat' dir='ltr'>el</span> <span class='ocrx_word' id='word_1_206' title='bbox 959 2091 1132 2153; x_wconf 78' lang='lat' dir='ltr'>uoluntate</span> <span class='ocrx_word' id='word_1_207' title='bbox 1187 2087 1429 2165; x_wconf 82' lang='lat' dir='ltr'>longitudinem</span> <span class='ocrx_word' id='word_1_208' title='bbox 1441 2091 1547 2152; x_wconf 85' lang='lat' dir='ltr'>itallae</span> <span class='ocrx_word' id='word_1_209' title='bbox 1561 2105 1705 2168; x_wconf 87' lang='lat' dir='ltr'>pergens</span> <span class='ocrx_word' id='word_1_210' title='bbox 1723 2091 1782 2165; x_wconf 91' lang='lat' dir='ltr'>ire,</span> <span class='ocrx_word' id='word_1_211' title='bbox 1799 2094 1984 2156; x_wconf 86' lang='lat' dir='ltr'>setandem</span> 
     </span>
     <span class='ocr_line' id='line_1_20' title="bbox 336 2185 1985 2266; baseline 0.001 -15"><span class='ocrx_word' id='word_1_212' title='bbox 336 2189 473 2266; x_wconf 84' lang='lat' dir='ltr'>martyr.</span> <span class='ocrx_word' id='word_1_213' title='bbox 491 2187 571 2260; x_wconf 84' lang='lat' dir='ltr'>Sed,</span> <span class='ocrx_word' id='word_1_214' title='bbox 596 2188 633 2250; x_wconf 88' lang='lat' dir='ltr'>ut</span> <span class='ocrx_word' id='word_1_215' title='bbox 656 2187 831 2265; x_wconf 88' lang='lat' dir='ltr'>pertritum</span> <span class='ocrx_word' id='word_1_216' title='bbox 852 2189 905 2250; x_wconf 89' lang='lat' dir='ltr'>est</span> <span class='ocrx_word' id='word_1_217' title='bbox 925 2185 1048 2249; x_wconf 92' lang='lat' dir='ltr'>dudum</span> <span class='ocrx_word' id='word_1_218' title='bbox 1061 2190 1133 2264; x_wconf 83' lang='lat' dir='ltr'>jam</span> <span class='ocrx_word' id='word_1_219' title='bbox 1187 2187 1362 2262; x_wconf 74' lang='lat' dir='ltr'>assisium,</span> <span class='ocrx_word' id='word_1_220' title='bbox 1384 2202 1459 2265; x_wconf 89' lang='lat' dir='ltr'>quae</span> <span class='ocrx_word' id='word_1_221' title='bbox 1479 2187 1584 2250; x_wconf 89' lang='lat' dir='ltr'>ltaliae</span> <span class='ocrx_word' id='word_1_222' title='bbox 1608 2188 1728 2250; x_wconf 79' lang='lat' dir='ltr'>civitas</span> <span class='ocrx_word' id='word_1_223' title='bbox 1753 2189 1858 2252; x_wconf 87' lang='lat' dir='ltr'>sancti</span> <span class='ocrx_word' id='word_1_224' title='bbox 1876 2191 1985 2266; x_wconf 85' lang='lat' dir='ltr'>patris</span> 
     </span>
     <span class='ocr_line' id='line_1_21' title="bbox 335 2283 1984 2363; baseline 0.001 -15"><span class='ocrx_word' id='word_1_225' title='bbox 335 2287 435 2363; x_wconf 82' lang='lat' dir='ltr'>uulgo</span> <span class='ocrx_word' id='word_1_226' title='bbox 449 2284 671 2363; x_wconf 81' lang='lat' dir='ltr'>proverbium,</span> <span class='ocrx_word' id='word_1_227' title='bbox 687 2284 787 2347; x_wconf 89' lang='lat' dir='ltr'>bomo</span> <span class='ocrx_word' id='word_1_228' title='bbox 801 2285 935 2361; x_wconf 86' lang='lat' dir='ltr'>cogitat,</span> <span class='ocrx_word' id='word_1_229' title='bbox 956 2288 1045 2348; x_wconf 87' lang='lat' dir='ltr'>Deus</span> <span class='ocrx_word' id='word_1_230' title='bbox 1059 2285 1131 2346; x_wconf 78' lang='lat' dir='ltr'>dis·</span> <span class='ocrx_word' id='word_1_231' title='bbox 1187 2284 1358 2346; x_wconf 82' lang='lat' dir='ltr'>Francisci</span> <span class='ocrx_word' id='word_1_232' title='bbox 1374 2286 1462 2348; x_wconf 85' lang='lat' dir='ltr'>esset</span> <span class='ocrx_word' id='word_1_233' title='bbox 1477 2285 1597 2362; x_wconf 88' lang='lat' dir='ltr'>patria,</span> <span class='ocrx_word' id='word_1_234' title='bbox 1609 2283 1761 2348; x_wconf 87' lang='lat' dir='ltr'>contulit.</span> <span class='ocrx_word' id='word_1_235' title='bbox 1773 2289 1872 2350; x_wconf 80' lang='lat' dir='ltr'>Forte</span> <span class='ocrx_word' id='word_1_236' title='bbox 1884 2303 1984 2363; x_wconf 86' lang='lat' dir='ltr'>gene·</span> 
     </span>
     <span class='ocr_line' id='line_1_22' title="bbox 335 2381 1981 2460; baseline 0.001 -16"><span class='ocrx_word' id='word_1_237' title='bbox 335 2383 440 2458; x_wconf 89' lang='lat' dir='ltr'>ponit.</span> <span class='ocrx_word' id='word_1_238' title='bbox 465 2381 556 2444; x_wconf 83' lang='lat' dir='ltr'>vidit</span> <span class='ocrx_word' id='word_1_239' title='bbox 581 2382 670 2445; x_wconf 91' lang='lat' dir='ltr'>enim</span> <span class='ocrx_word' id='word_1_240' title='bbox 691 2381 851 2444; x_wconf 87' lang='lat' dir='ltr'>Dominus</span> <span class='ocrx_word' id='word_1_241' title='bbox 872 2395 915 2444; x_wconf 81' lang='lat' dir='ltr'>ex</span> <span class='ocrx_word' id='word_1_242' title='bbox 935 2383 1005 2444; x_wconf 91' lang='lat' dir='ltr'>alto</span> <span class='ocrx_word' id='word_1_243' title='bbox 1025 2383 1133 2445; x_wconf 88' lang='lat' dir='ltr'>sancti</span> <span class='ocrx_word' id='word_1_244' title='bbox 1186 2381 1257 2443; x_wconf 91' lang='lat' dir='ltr'>rale</span> <span class='ocrx_word' id='word_1_245' title='bbox 1281 2381 1323 2444; x_wconf 90' lang='lat' dir='ltr'>ad</span> <span class='ocrx_word' id='word_1_246' title='bbox 1356 2383 1545 2460; x_wconf 83' lang='lat' dir='ltr'>capitulum</span> <span class='ocrx_word' id='word_1_247' title='bbox 1578 2382 1666 2444; x_wconf 90' lang='lat' dir='ltr'>istuc</span> <span class='ocrx_word' id='word_1_248' title='bbox 1702 2381 1823 2446; x_wconf 87' lang='lat' dir='ltr'>fratres</span> <span class='ocrx_word' id='word_1_249' title='bbox 1848 2384 1981 2446; x_wconf 89' lang='lat' dir='ltr'>Ordinis</span> 
     </span>
     <span class='ocr_line' id='line_1_23' title="bbox 334 2479 1984 2558; baseline 0 -15"><span class='ocrx_word' id='word_1_250' title='bbox 334 2479 401 2543; x_wconf 81' lang='lat' dir='ltr'>uiri</span> <span class='ocrx_word' id='word_1_251' title='bbox 415 2493 563 2542; x_wconf 85' lang='lat' dir='ltr'>amorem</span> <span class='ocrx_word' id='word_1_252' title='bbox 575 2493 655 2555; x_wconf 88' lang='lat' dir='ltr'>erga</span> <span class='ocrx_word' id='word_1_253' title='bbox 668 2495 706 2540; x_wconf 88' lang='lat' dir='ltr'>se</span> <span class='ocrx_word' id='word_1_254' title='bbox 717 2479 894 2555; x_wconf 84' lang='lat' dir='ltr'>integrum.</span> <span class='ocrx_word' id='word_1_255' title='bbox 910 2479 1002 2542; x_wconf 87' lang='lat' dir='ltr'>Vidit</span> <span class='ocrx_word' id='word_1_256' title='bbox 1016 2493 1131 2558; x_wconf 79' lang='lat' dir='ltr'>prom·</span> <span class='ocrx_word' id='word_1_257' title='bbox 1186 2479 1353 2540; x_wconf 86' lang='lat' dir='ltr'>Minorum</span> <span class='ocrx_word' id='word_1_258' title='bbox 1373 2479 1461 2557; x_wconf 86' lang='lat' dir='ltr'>jussi</span> <span class='ocrx_word' id='word_1_259' title='bbox 1482 2480 1600 2542; x_wconf 84' lang='lat' dir='ltr'>adesse</span> <span class='ocrx_word' id='word_1_260' title='bbox 1623 2479 1869 2543; x_wconf 79' lang='lat' dir='ltr'>conveniebant</span> <span class='ocrx_word' id='word_1_261' title='bbox 1884 2483 1984 2543; x_wconf 57' lang='lat' dir='ltr'>nudi*</span> 
     </span>
     <span class='ocr_line' id='line_1_24' title="bbox 336 2575 1982 2655; baseline 0.001 -17"><span class='ocrx_word' id='word_1_262' title='bbox 336 2577 427 2655; x_wconf 90' lang='lat' dir='ltr'>ptam</span> <span class='ocrx_word' id='word_1_263' title='bbox 448 2581 532 2655; x_wconf 86' lang='lat' dir='ltr'>ejus,</span> <span class='ocrx_word' id='word_1_264' title='bbox 558 2579 774 2654; x_wconf 86' lang='lat' dir='ltr'>paratamque</span> <span class='ocrx_word' id='word_1_265' title='bbox 796 2575 838 2637; x_wconf 88' lang='lat' dir='ltr'>ad</span> <span class='ocrx_word' id='word_1_266' title='bbox 863 2577 1058 2655; x_wconf 86' lang='lat' dir='ltr'>martyrium</span> <span class='ocrx_word' id='word_1_267' title='bbox 1073 2593 1134 2640; x_wconf 80' lang='lat' dir='ltr'>vo-</span> <span class='ocrx_word' id='word_1_268' title='bbox 1187 2589 1262 2652; x_wconf 89' lang='lat' dir='ltr'>que.</span> <span class='ocrx_word' id='word_1_269' title='bbox 1284 2575 1426 2638; x_wconf 79' lang='lat' dir='ltr'>vivebat</span> <span class='ocrx_word' id='word_1_270' title='bbox 1449 2579 1529 2638; x_wconf 91' lang='lat' dir='ltr'>tunc</span> <span class='ocrx_word' id='word_1_271' title='bbox 1555 2577 1691 2640; x_wconf 88' lang='lat' dir='ltr'>sanctus</span> <span class='ocrx_word' id='word_1_272' title='bbox 1715 2577 1924 2651; x_wconf 70' lang='lat' dir='ltr'>franciscus,</span> <span class='ocrx_word' id='word_1_273' title='bbox 1947 2581 1982 2640; x_wconf 82' lang='lat' dir='ltr'>et</span> 
     </span>
     <span class='ocr_line' id='line_1_25' title="bbox 333 2673 2061 2756; baseline 0.002 -22"><span class='ocrx_word' id='word_1_274' title='bbox 333 2674 506 2737; x_wconf 86' lang='lat' dir='ltr'>luntatem.</span> <span class='ocrx_word' id='word_1_275' title='bbox 521 2673 612 2735; x_wconf 86' lang='lat' dir='ltr'>Vidit</span> <span class='ocrx_word' id='word_1_276' title='bbox 626 2673 775 2749; x_wconf 88' lang='lat' dir='ltr'>gentium</span> <span class='ocrx_word' id='word_1_277' title='bbox 794 2673 1131 2738; x_wconf 81' lang='lat' dir='ltr'>animosetscelera-</span> <span class='ocrx_word' id='word_1_278' title='bbox 1186 2673 1278 2734; x_wconf 74' lang='lat' dir='ltr'>num</span> <span class='ocrx_word' id='word_1_279' title='bbox 1300 2675 1371 2750; x_wconf 79' lang='lat' dir='ltr'>jam</span> <span class='ocrx_word' id='word_1_280' title='bbox 1404 2674 1544 2736; x_wconf 84' lang='lat' dir='ltr'>fratrum</span> <span class='ocrx_word' id='word_1_281' title='bbox 1572 2689 1634 2736; x_wconf 86' lang='lat' dir='ltr'>suo</span> <span class='ocrx_word' id='word_1_282' title='bbox 1668 2673 1703 2736; x_wconf 90' lang='lat' dir='ltr'>in</span> <span class='ocrx_word' id='word_1_283' title='bbox 1733 2675 1855 2736; x_wconf 85' lang='lat' dir='ltr'>Ordine</span> <span class='ocrx_word' id='word_1_284' title='bbox 1879 2675 1980 2752; x_wconf 91' lang='lat' dir='ltr'>paulo</span> <span class='ocrx_word' id='word_1_285' title='bbox 2058 2751 2061 2756; x_wconf 65' lang='lat'>,</span> 
     </span>
     <span class='ocr_line' id='line_1_26' title="bbox 334 2771 1982 2849; baseline 0.001 -17"><span class='ocrx_word' id='word_1_286' title='bbox 334 2773 398 2844; x_wconf 88' lang='lat' dir='ltr'>tos,</span> <span class='ocrx_word' id='word_1_287' title='bbox 415 2771 449 2832; x_wconf 88' lang='lat' dir='ltr'>et</span> <span class='ocrx_word' id='word_1_288' title='bbox 463 2771 650 2846; x_wconf 86' lang='lat' dir='ltr'>pertinaces</span> <span class='ocrx_word' id='word_1_289' title='bbox 672 2782 757 2841; x_wconf 89' lang='lat' dir='ltr'>esse,</span> <span class='ocrx_word' id='word_1_290' title='bbox 777 2773 810 2832; x_wconf 90' lang='lat' dir='ltr'>et</span> <span class='ocrx_word' id='word_1_291' title='bbox 835 2780 934 2832; x_wconf 87' lang='lat' dir='ltr'>aures</span> <span class='ocrx_word' id='word_1_292' title='bbox 956 2772 1075 2834; x_wconf 89' lang='lat' dir='ltr'>surdas</span> <span class='ocrx_word' id='word_1_293' title='bbox 1090 2771 1131 2834; x_wconf 92' lang='lat' dir='ltr'>ad</span> <span class='ocrx_word' id='word_1_294' title='bbox 1186 2773 1264 2832; x_wconf 91' lang='lat' dir='ltr'>ante</span> <span class='ocrx_word' id='word_1_295' title='bbox 1278 2771 1386 2847; x_wconf 87' lang='lat' dir='ltr'>coepto</span> <span class='ocrx_word' id='word_1_296' title='bbox 1398 2771 1823 2848; x_wconf 88' lang='lat' dir='ltr'>multitudoerat,utsnpra</span> <span class='ocrx_word' id='word_1_297' title='bbox 1836 2772 1982 2849; x_wconf 88' lang='lat' dir='ltr'>quinque</span> 
     </span>
     <span class='ocr_line' id='line_1_27' title="bbox 334 2865 2009 2945; baseline 0.001 -16"><span class='ocrx_word' id='word_1_298' title='bbox 334 2866 473 2930; x_wconf 83' lang='lat' dir='ltr'>uerbum</span> <span class='ocrx_word' id='word_1_299' title='bbox 496 2867 556 2928; x_wconf 86' lang='lat' dir='ltr'>Dei</span> <span class='ocrx_word' id='word_1_300' title='bbox 588 2865 790 2928; x_wconf 90' lang='lat' dir='ltr'>audiendum</span> <span class='ocrx_word' id='word_1_301' title='bbox 818 2867 958 2930; x_wconf 86' lang='lat' dir='ltr'>babere.</span> <span class='ocrx_word' id='word_1_302' title='bbox 987 2868 1132 2932; x_wconf 84' lang='lat' dir='ltr'>Proinde</span> <span class='ocrx_word' id='word_1_303' title='bbox 1186 2866 1293 2928; x_wconf 91' lang='lat' dir='ltr'>millia</span> <span class='ocrx_word' id='word_1_304' title='bbox 1307 2868 1533 2930; x_wconf 82' lang='lat' dir='ltr'>essediversis</span> <span class='ocrx_word' id='word_1_305' title='bbox 1557 2867 1591 2928; x_wconf 92' lang='lat' dir='ltr'>in</span> <span class='ocrx_word' id='word_1_306' title='bbox 1613 2869 1746 2930; x_wconf 88' lang='lat' dir='ltr'>mundis</span> <span class='ocrx_word' id='word_1_307' title='bbox 1765 2869 1915 2945; x_wconf 88' lang='lat' dir='ltr'>partibus</span> <span class='ocrx_word' id='word_1_308' title='bbox 1930 2869 2009 2931; x_wconf 91' lang='lat' dir='ltr'>di-.</span> 
     </span>
     <span class='ocr_line' id='line_1_28' title="bbox 335 2963 1983 3044; baseline 0.001 -18"><span class='ocrx_word' id='word_1_309' title='bbox 335 2963 401 3026; x_wconf 90' lang='lat' dir='ltr'>iter</span> <span class='ocrx_word' id='word_1_310' title='bbox 412 2979 508 3026; x_wconf 89' lang='lat' dir='ltr'>suum</span> <span class='ocrx_word' id='word_1_311' title='bbox 523 2963 685 3026; x_wconf 89' lang='lat' dir='ltr'>aliorsum</span> <span class='ocrx_word' id='word_1_312' title='bbox 697 2963 811 3039; x_wconf 81' lang='lat' dir='ltr'>flexit3</span> <span class='ocrx_word' id='word_1_313' title='bbox 828 2965 864 3026; x_wconf 91' lang='lat' dir='ltr'>ut</span> <span class='ocrx_word' id='word_1_314' title='bbox 878 2967 973 3042; x_wconf 86' lang='lat' dir='ltr'>cujus</span> <span class='ocrx_word' id='word_1_315' title='bbox 985 2981 1046 3027; x_wconf 91' lang='lat' dir='ltr'>uec</span> <span class='ocrx_word' id='word_1_316' title='bbox 1060 2966 1133 3028; x_wconf 90' lang='lat' dir='ltr'>dic-</span> <span class='ocrx_word' id='word_1_317' title='bbox 1186 2967 1352 3026; x_wconf 85' lang='lat' dir='ltr'>cerentur.</span> <span class='ocrx_word' id='word_1_318' title='bbox 1365 2965 1523 3027; x_wconf 88' lang='lat' dir='ltr'>Difllnitis</span> <span class='ocrx_word' id='word_1_319' title='bbox 1536 2967 1646 3027; x_wconf 89' lang='lat' dir='ltr'>autem</span> <span class='ocrx_word' id='word_1_320' title='bbox 1659 2981 1733 3044; x_wconf 83' lang='lat' dir='ltr'>quae</span> <span class='ocrx_word' id='word_1_321' title='bbox 1749 2966 1891 3043; x_wconf 90' lang='lat' dir='ltr'>Capituli</span> <span class='ocrx_word' id='word_1_322' title='bbox 1901 2982 1983 3028; x_wconf 91' lang='lat' dir='ltr'>cou-</span> 
     </span>
     <span class='ocr_line' id='line_1_29' title="bbox 332 3061 1981 3140; baseline 0.001 -16"><span class='ocrx_word' id='word_1_323' title='bbox 332 3063 381 3136; x_wconf 81' lang='lat' dir='ltr'>ta,</span> <span class='ocrx_word' id='word_1_324' title='bbox 410 3077 472 3124; x_wconf 89' lang='lat' dir='ltr'>nec</span> <span class='ocrx_word' id='word_1_325' title='bbox 501 3061 588 3124; x_wconf 89' lang='lat' dir='ltr'>facta</span> <span class='ocrx_word' id='word_1_326' title='bbox 615 3061 702 3139; x_wconf 92' lang='lat' dir='ltr'>apud</span> <span class='ocrx_word' id='word_1_327' title='bbox 731 3061 925 3134; x_wconf 87' lang='lat' dir='ltr'>obstinatos,</span> <span class='ocrx_word' id='word_1_328' title='bbox 951 3067 984 3125; x_wconf 90' lang='lat' dir='ltr'>et</span> <span class='ocrx_word' id='word_1_329' title='bbox 1011 3063 1131 3140; x_wconf 87' lang='lat' dir='ltr'>impios</span> <span class='ocrx_word' id='word_1_330' title='bbox 1185 3061 1336 3137; x_wconf 78' lang='lat' dir='ltr'>gregatis</span> <span class='ocrx_word' id='word_1_331' title='bbox 1355 3061 1556 3138; x_wconf 87' lang='lat' dir='ltr'>requirebat,</span> <span class='ocrx_word' id='word_1_332' title='bbox 1572 3062 1629 3140; x_wconf 91' lang='lat' dir='ltr'>qui</span> <span class='ocrx_word' id='word_1_333' title='bbox 1650 3063 1690 3124; x_wconf 89' lang='lat' dir='ltr'>ad</span> <span class='ocrx_word' id='word_1_334' title='bbox 1711 3077 1785 3124; x_wconf 91' lang='lat' dir='ltr'>eam</span> <span class='ocrx_word' id='word_1_335' title='bbox 1809 3077 1880 3124; x_wconf 89' lang='lat' dir='ltr'>rem</span> <span class='ocrx_word' id='word_1_336' title='bbox 1899 3077 1981 3125; x_wconf 88' lang='lat' dir='ltr'>con·</span> 
     </span>
     <span class='ocr_line' id='line_1_30' title="bbox 335 3157 1978 3237; baseline 0.001 -17"><span class='ocrx_word' id='word_1_337' title='bbox 335 3157 496 3221; x_wconf 85' lang='lat' dir='ltr'>barbaros</span> <span class='ocrx_word' id='word_1_338' title='bbox 517 3159 690 3235; x_wconf 87' lang='lat' dir='ltr'>profutura</span> <span class='ocrx_word' id='word_1_339' title='bbox 705 3159 812 3230; x_wconf 89' lang='lat' dir='ltr'>erant,</span> <span class='ocrx_word' id='word_1_340' title='bbox 827 3161 899 3236; x_wconf 90' lang='lat' dir='ltr'>ejus</span> <span class='ocrx_word' id='word_1_341' title='bbox 916 3160 1002 3237; x_wconf 84' lang='lat' dir='ltr'>apud</span> <span class='ocrx_word' id='word_1_342' title='bbox 1018 3160 1130 3223; x_wconf 89' lang='lat' dir='ltr'>chris-</span> <span class='ocrx_word' id='word_1_343' title='bbox 1186 3158 1359 3230; x_wconf 87' lang='lat' dir='ltr'>venerant,</span> <span class='ocrx_word' id='word_1_344' title='bbox 1390 3160 1502 3235; x_wconf 86' lang='lat' dir='ltr'>patres</span> <span class='ocrx_word' id='word_1_345' title='bbox 1536 3159 1790 3222; x_wconf 51' lang='lat' dir='ltr'>&amp;astuciarum</span> <span class='ocrx_word' id='word_1_346' title='bbox 1820 3160 1978 3233; x_wconf 88' lang='lat' dir='ltr'>ministri,</span> 
     </span>
     <span class='ocr_line' id='line_1_31' title="bbox 335 3253 1979 3342; baseline 0 -24"><span class='ocrx_word' id='word_1_347' title='bbox 335 3257 447 3318; x_wconf 85' lang='lat' dir='ltr'>tianos</span> <span class='ocrx_word' id='word_1_348' title='bbox 462 3255 566 3318; x_wconf 89' lang='lat' dir='ltr'>bonos</span> <span class='ocrx_word' id='word_1_349' title='bbox 577 3255 634 3333; x_wconf 93' lang='lat' dir='ltr'>qui</span> <span class='ocrx_word' id='word_1_350' title='bbox 647 3255 768 3316; x_wconf 77' lang='lat' dir='ltr'>Filium</span> <span class='ocrx_word' id='word_1_351' title='bbox 784 3257 856 3332; x_wconf 88' lang='lat' dir='ltr'>ejus</span> <span class='ocrx_word' id='word_1_352' title='bbox 866 3259 1041 3318; x_wconf 88' lang='lat' dir='ltr'>Dominum</span> <span class='ocrx_word' id='word_1_353' title='bbox 1056 3272 1132 3342; x_wconf 76' lang='lat' dir='ltr'>nos</span> <span class='ocrx_word' id='word_1_354' title='bbox 1186 3255 1285 3331; x_wconf 90' lang='lat' dir='ltr'>atque</span> <span class='ocrx_word' id='word_1_355' title='bbox 1305 3255 1458 3317; x_wconf 86' lang='lat' dir='ltr'>custodes</span> <span class='ocrx_word' id='word_1_356' title='bbox 1481 3253 1617 3328; x_wconf 88' lang='lat' dir='ltr'>abituri,</span> <span class='ocrx_word' id='word_1_357' title='bbox 1639 3268 1682 3316; x_wconf 81' lang='lat' dir='ltr'>ex</span> <span class='ocrx_word' id='word_1_358' title='bbox 1695 3257 1879 3331; x_wconf 86' lang='lat' dir='ltr'>composito</span> <span class='ocrx_word' id='word_1_359' title='bbox 1898 3271 1979 3334; x_wconf 88' lang='lat' dir='ltr'>quos</span> 
     </span>
     <span class='ocr_line' id='line_1_32' title="bbox 335 3351 1981 3431; baseline -0.001 -16"><span class='ocrx_word' id='word_1_360' title='bbox 335 3357 425 3415; x_wconf 70' lang='lat' dir='ltr'>mum</span> <span class='ocrx_word' id='word_1_361' title='bbox 446 3354 560 3416; x_wconf 83' lang='lat' dir='ltr'>desum</span> <span class='ocrx_word' id='word_1_362' title='bbox 587 3353 754 3414; x_wconf 85' lang='lat' dir='ltr'>Christum</span> <span class='ocrx_word' id='word_1_363' title='bbox 777 3353 900 3426; x_wconf 92' lang='lat' dir='ltr'>colunt,</span> <span class='ocrx_word' id='word_1_364' title='bbox 923 3357 1128 3428; x_wconf 85' lang='lat' dir='ltr'>reverenter,</span> <span class='ocrx_word' id='word_1_365' title='bbox 1186 3365 1282 3431; x_wconf 87' lang='lat' dir='ltr'>suum</span> <span class='ocrx_word' id='word_1_366' title='bbox 1296 3351 1435 3431; x_wconf 84' lang='lat' dir='ltr'>quisque</span> <span class='ocrx_word' id='word_1_367' title='bbox 1456 3353 1492 3412; x_wconf 92' lang='lat' dir='ltr'>ln</span> <span class='ocrx_word' id='word_1_368' title='bbox 1514 3351 1623 3414; x_wconf 89' lang='lat' dir='ltr'>locum</span> <span class='ocrx_word' id='word_1_369' title='bbox 1641 3352 1751 3426; x_wconf 84' lang='lat' dir='ltr'>ducat,</span> <span class='ocrx_word' id='word_1_370' title='bbox 1769 3354 1904 3416; x_wconf 83' lang='lat' dir='ltr'>Fratres</span> <span class='ocrx_word' id='word_1_371' title='bbox 1918 3353 1981 3414; x_wconf 92' lang='lat' dir='ltr'>sibi</span> 
     </span>
     <span class='ocr_line' id='line_1_33' title="bbox 334 3449 1981 3528; baseline -0.001 -15"><span class='ocrx_word' id='word_1_372' title='bbox 334 3465 374 3514; x_wconf 88' lang='lat' dir='ltr'>ac</span> <span class='ocrx_word' id='word_1_373' title='bbox 397 3451 452 3528; x_wconf 91' lang='lat' dir='ltr'>pie</span> <span class='ocrx_word' id='word_1_374' title='bbox 475 3450 668 3527; x_wconf 83' lang='lat' dir='ltr'>praedicatio</span> <span class='ocrx_word' id='word_1_375' title='bbox 696 3449 880 3510; x_wconf 86' lang='lat' dir='ltr'>audiretur.</span> <span class='ocrx_word' id='word_1_376' title='bbox 906 3451 1129 3528; x_wconf 84' lang='lat' dir='ltr'>Navigantem</span> <span class='ocrx_word' id='word_1_377' title='bbox 1186 3449 1219 3510; x_wconf 89' lang='lat' dir='ltr'>et</span> <span class='ocrx_word' id='word_1_378' title='bbox 1241 3450 1365 3524; x_wconf 86' lang='lat' dir='ltr'>gratos,</span> <span class='ocrx_word' id='word_1_379' title='bbox 1389 3451 1422 3512; x_wconf 91' lang='lat' dir='ltr'>et</span> <span class='ocrx_word' id='word_1_380' title='bbox 1445 3450 1596 3524; x_wconf 86' lang='lat' dir='ltr'>cognitos</span> <span class='ocrx_word' id='word_1_381' title='bbox 1626 3449 1787 3526; x_wconf 90' lang='lat' dir='ltr'>deligunt.</span> <span class='ocrx_word' id='word_1_382' title='bbox 1816 3451 1981 3521; x_wconf 88' lang='lat' dir='ltr'>Quosdam</span> 
     </span>
     <span class='ocr_line' id='line_1_34' title="bbox 335 3542 1979 3626; baseline -0.001 -17"><span class='ocrx_word' id='word_1_383' title='bbox 335 3547 468 3626; x_wconf 87' lang='lat' dir='ltr'>quidem</span> <span class='ocrx_word' id='word_1_384' title='bbox 485 3547 593 3625; x_wconf 89' lang='lat' dir='ltr'>ipsum</span> <span class='ocrx_word' id='word_1_385' title='bbox 608 3545 718 3610; x_wconf 75' lang='lat' dir='ltr'>valide</span> <span class='ocrx_word' id='word_1_386' title='bbox 734 3547 896 3610; x_wconf 87' lang='lat' dir='ltr'>inuadunt</span> <span class='ocrx_word' id='word_1_387' title='bbox 906 3547 1026 3622; x_wconf 90' lang='lat' dir='ltr'>febres,</span> <span class='ocrx_word' id='word_1_388' title='bbox 1043 3563 1132 3610; x_wconf 90' lang='lat' dir='ltr'>eum·</span> <span class='ocrx_word' id='word_1_389' title='bbox 1185 3542 1317 3618; x_wconf 83' lang='lat' dir='ltr'>Assisli,</span> <span class='ocrx_word' id='word_1_390' title='bbox 1334 3545 1391 3622; x_wconf 90' lang='lat' dir='ltr'>qui</span> <span class='ocrx_word' id='word_1_391' title='bbox 1412 3546 1580 3621; x_wconf 88' lang='lat' dir='ltr'>generalis</span> <span class='ocrx_word' id='word_1_392' title='bbox 1595 3548 1667 3608; x_wconf 86' lang='lat' dir='ltr'>erat</span> <span class='ocrx_word' id='word_1_393' title='bbox 1682 3546 1845 3619; x_wconf 87' lang='lat' dir='ltr'>minister,</span> <span class='ocrx_word' id='word_1_394' title='bbox 1865 3546 1979 3609; x_wconf 86' lang='lat' dir='ltr'>Helias</span> 
     </span>
     <span class='ocr_line' id='line_1_35' title="bbox 334 3641 1977 3724; baseline -0.001 -17"><span class='ocrx_word' id='word_1_395' title='bbox 334 3645 475 3724; x_wconf 68' lang='lat' dir='ltr'>demqm</span> <span class='ocrx_word' id='word_1_396' title='bbox 490 3645 600 3706; x_wconf 89' lang='lat' dir='ltr'>redire</span> <span class='ocrx_word' id='word_1_397' title='bbox 610 3645 1034 3724; x_wconf 83' lang='lat' dir='ltr'>volentem,noleutemque</span> <span class='ocrx_word' id='word_1_398' title='bbox 1044 3660 1131 3708; x_wconf 90' lang='lat' dir='ltr'>com·</span> <span class='ocrx_word' id='word_1_399' title='bbox 1186 3642 1241 3703; x_wconf 90' lang='lat' dir='ltr'>hic</span> <span class='ocrx_word' id='word_1_400' title='bbox 1256 3643 1389 3704; x_wconf 90' lang='lat' dir='ltr'>nomine</span> <span class='ocrx_word' id='word_1_401' title='bbox 1403 3641 1595 3717; x_wconf 83' lang='lat' dir='ltr'>uocabatur,</span> <span class='ocrx_word' id='word_1_402' title='bbox 1611 3644 1778 3706; x_wconf 90' lang='lat' dir='ltr'>demorari</span> <span class='ocrx_word' id='word_1_403' title='bbox 1787 3643 1892 3721; x_wconf 87' lang='lat' dir='ltr'>jubet.</span> <span class='ocrx_word' id='word_1_404' title='bbox 1910 3648 1977 3706; x_wconf 87' lang='lat' dir='ltr'>De-</span> 
     </span>
     <span class='ocr_line' id='line_1_36' title="bbox 332 3740 1980 3822; baseline -0.001 -18"><span class='ocrx_word' id='word_1_405' title='bbox 332 3743 471 3822; x_wconf 89' lang='lat' dir='ltr'>pellunt.</span> <span class='ocrx_word' id='word_1_406' title='bbox 491 3743 613 3804; x_wconf 80' lang='lat' dir='ltr'>Factus</span> <span class='ocrx_word' id='word_1_407' title='bbox 626 3742 729 3818; x_wconf 87' lang='lat' dir='ltr'>igitur</span> <span class='ocrx_word' id='word_1_408' title='bbox 742 3757 801 3820; x_wconf 92' lang='lat' dir='ltr'>per</span> <span class='ocrx_word' id='word_1_409' title='bbox 817 3745 1010 3806; x_wconf 87' lang='lat' dir='ltr'>autumnum</span> <span class='ocrx_word' id='word_1_410' title='bbox 1029 3759 1129 3820; x_wconf 75' lang='lat' dir='ltr'>ager,</span> <span class='ocrx_word' id='word_1_411' title='bbox 1184 3740 1287 3817; x_wconf 90' lang='lat' dir='ltr'>nique</span> <span class='ocrx_word' id='word_1_412' title='bbox 1301 3741 1394 3802; x_wconf 71' lang='lat' dir='ltr'>muto</span> <span class='ocrx_word' id='word_1_413' title='bbox 1414 3757 1434 3802; x_wconf 91' lang='lat' dir='ltr'>e</span> <span class='ocrx_word' id='word_1_414' title='bbox 1452 3756 1591 3804; x_wconf 90' lang='lat' dir='ltr'>numero</span> <span class='ocrx_word' id='word_1_415' title='bbox 1607 3741 1669 3803; x_wconf 87' lang='lat' dir='ltr'>fuit</span> <span class='ocrx_word' id='word_1_416' title='bbox 1687 3757 1796 3813; x_wconf 84' lang='lat' dir='ltr'>nemo,</span> <span class='ocrx_word' id='word_1_417' title='bbox 1814 3742 1868 3802; x_wconf 93' lang='lat' dir='ltr'>cui</span> <span class='ocrx_word' id='word_1_418' title='bbox 1887 3742 1980 3803; x_wconf 88' lang='lat' dir='ltr'>locus</span> 
     </span>
     <span class='ocr_line' id='line_1_37' title="bbox 332 3836 1981 3918; baseline -0.002 -14"><span class='ocrx_word' id='word_1_419' title='bbox 332 3841 402 3904; x_wconf 87' lang='lat' dir='ltr'>tota</span> <span class='ocrx_word' id='word_1_420' title='bbox 430 3840 539 3902; x_wconf 90' lang='lat' dir='ltr'>hieme</span> <span class='ocrx_word' id='word_1_421' title='bbox 559 3841 676 3918; x_wconf 88' lang='lat' dir='ltr'>jacuit.</span> <span class='ocrx_word' id='word_1_422' title='bbox 694 3840 791 3903; x_wconf 87' lang='lat' dir='ltr'>Veris</span> <span class='ocrx_word' id='word_1_423' title='bbox 817 3841 928 3902; x_wconf 91' lang='lat' dir='ltr'>autem</span> <span class='ocrx_word' id='word_1_424' title='bbox 952 3842 1128 3918; x_wconf 85' lang='lat' dir='ltr'>principio,</span> <span class='ocrx_word' id='word_1_425' title='bbox 1185 3853 1251 3898; x_wconf 93' lang='lat' dir='ltr'>non</span> <span class='ocrx_word' id='word_1_426' title='bbox 1267 3836 1363 3899; x_wconf 85' lang='lat' dir='ltr'>datus</span> <span class='ocrx_word' id='word_1_427' title='bbox 1379 3841 1478 3910; x_wconf 85' lang='lat' dir='ltr'>esset,</span> <span class='ocrx_word' id='word_1_428' title='bbox 1503 3840 1538 3901; x_wconf 86' lang='lat' dir='ltr'>ut</span> <span class='ocrx_word' id='word_1_429' title='bbox 1553 3839 1654 3901; x_wconf 90' lang='lat' dir='ltr'>sciret</span> <span class='ocrx_word' id='word_1_430' title='bbox 1668 3839 1820 3916; x_wconf 87' lang='lat' dir='ltr'>quisque,</span> <span class='ocrx_word' id='word_1_431' title='bbox 1837 3853 1981 3916; x_wconf 88' lang='lat' dir='ltr'>quonam</span> 
     </span>
     <span class='ocr_line' id='line_1_38' title="bbox 333 3934 1981 4014; baseline -0.001 -16"><span class='ocrx_word' id='word_1_432' title='bbox 333 3937 370 3999; x_wconf 91' lang='lat' dir='ltr'>ut</span> <span class='ocrx_word' id='word_1_433' title='bbox 384 3938 554 4014; x_wconf 89' lang='lat' dir='ltr'>paululum</span> <span class='ocrx_word' id='word_1_434' title='bbox 570 3951 606 3998; x_wconf 88' lang='lat' dir='ltr'>se</span> <span class='ocrx_word' id='word_1_435' title='bbox 621 3937 769 4000; x_wconf 87' lang='lat' dir='ltr'>febribus</span> <span class='ocrx_word' id='word_1_436' title='bbox 782 3938 926 4000; x_wconf 82' lang='lat' dir='ltr'>levatum</span> <span class='ocrx_word' id='word_1_437' title='bbox 937 3940 1052 4010; x_wconf 88' lang='lat' dir='ltr'>sensit,</span> <span class='ocrx_word' id='word_1_438' title='bbox 1061 3941 1131 4001; x_wconf 87' lang='lat' dir='ltr'>sta·</span> <span class='ocrx_word' id='word_1_439' title='bbox 1185 3934 1383 4011; x_wconf 82' lang='lat' dir='ltr'>demigrare,</span> <span class='ocrx_word' id='word_1_440' title='bbox 1399 3953 1440 3998; x_wconf 90' lang='lat' dir='ltr'>ac</span> <span class='ocrx_word' id='word_1_441' title='bbox 1454 3935 1602 3998; x_wconf 88' lang='lat' dir='ltr'>residere</span> <span class='ocrx_word' id='word_1_442' title='bbox 1614 3937 1735 4013; x_wconf 89' lang='lat' dir='ltr'>posset.</span> <span class='ocrx_word' id='word_1_443' title='bbox 1749 3935 1981 4013; x_wconf 84' lang='lat' dir='ltr'>Jusaiquidam</span> 
     </span>
     <span class='ocr_line' id='line_1_39' title="bbox 332 4032 1981 4118; baseline -0.001 -21"><span class='ocrx_word' id='word_1_444' title='bbox 332 4035 397 4098; x_wconf 90' lang='lat' dir='ltr'>tuit</span> <span class='ocrx_word' id='word_1_445' title='bbox 408 4035 551 4111; x_wconf 90' lang='lat' dir='ltr'>patriam</span> <span class='ocrx_word' id='word_1_446' title='bbox 565 4034 729 4106; x_wconf 77' lang='lat' dir='ltr'>revidere,</span> <span class='ocrx_word' id='word_1_447' title='bbox 745 4035 815 4096; x_wconf 91' lang='lat' dir='ltr'>tum</span> <span class='ocrx_word' id='word_1_448' title='bbox 828 4036 864 4097; x_wconf 92' lang='lat' dir='ltr'>ut</span> <span class='ocrx_word' id='word_1_449' title='bbox 878 4050 961 4113; x_wconf 88' lang='lat' dir='ltr'>quos</span> <span class='ocrx_word' id='word_1_450' title='bbox 970 4037 1129 4098; x_wconf 87' lang='lat' dir='ltr'>recedens</span> <span class='ocrx_word' id='word_1_451' title='bbox 1185 4047 1278 4092; x_wconf 86' lang='lat' dir='ltr'>suam</span> <span class='ocrx_word' id='word_1_452' title='bbox 1290 4033 1324 4092; x_wconf 91' lang='lat' dir='ltr'>in</span> <span class='ocrx_word' id='word_1_453' title='bbox 1339 4035 1428 4096; x_wconf 84' lang='lat' dir='ltr'>uiam</span> <span class='ocrx_word' id='word_1_454' title='bbox 1444 4032 1568 4095; x_wconf 90' lang='lat' dir='ltr'>abeunt</span> <span class='ocrx_word' id='word_1_455' title='bbox 1582 4033 1731 4094; x_wconf 85' lang='lat' dir='ltr'>uniuersi</span> <span class='ocrx_word' id='word_1_456' title='bbox 1744 4057 1751 4107; x_wconf 90' lang='lat'><strong>;</strong></span> <span class='ocrx_word' id='word_1_457' title='bbox 1766 4033 1810 4104; x_wconf 87' lang='lat' dir='ltr'>et,</span> <span class='ocrx_word' id='word_1_458' title='bbox 1826 4049 1892 4111; x_wconf 92' lang='lat' dir='ltr'>qua</span> <span class='ocrx_word' id='word_1_459' title='bbox 1914 4034 1981 4118; x_wconf 81' lang='lat' dir='ltr'>ple</span> 
     </span>
     <span class='ocr_line' id='line_1_40' title="bbox 332 4129 1982 4210; baseline -0.001 -17"><span class='ocrx_word' id='word_1_460' title='bbox 332 4133 467 4193; x_wconf 85' lang='lat' dir='ltr'>moestos</span> <span class='ocrx_word' id='word_1_461' title='bbox 478 4131 694 4208; x_wconf 89' lang='lat' dir='ltr'>dolentesque</span> <span class='ocrx_word' id='word_1_462' title='bbox 707 4131 852 4210; x_wconf 89' lang='lat' dir='ltr'>reliquit,</span> <span class='ocrx_word' id='word_1_463' title='bbox 870 4132 988 4194; x_wconf 82' lang='lat' dir='ltr'>affines</span> <span class='ocrx_word' id='word_1_464' title='bbox 1002 4135 1035 4195; x_wconf 90' lang='lat' dir='ltr'>el</span> <span class='ocrx_word' id='word_1_465' title='bbox 1049 4133 1130 4194; x_wconf 90' lang='lat' dir='ltr'>ami·</span> <span class='ocrx_word' id='word_1_466' title='bbox 1184 4132 1361 4202; x_wconf 88' lang='lat' dir='ltr'>numerat,</span> <span class='ocrx_word' id='word_1_467' title='bbox 1380 4129 1520 4192; x_wconf 89' lang='lat' dir='ltr'>fratrum</span> <span class='ocrx_word' id='word_1_468' title='bbox 1540 4144 1660 4206; x_wconf 87' lang='lat' dir='ltr'>magna</span> <span class='ocrx_word' id='word_1_469' title='bbox 1683 4129 1874 4208; x_wconf 87' lang='lat' dir='ltr'>frequentia·</span> <span class='ocrx_word' id='word_1_470' title='bbox 1885 4129 1982 4192; x_wconf 87' lang='lat' dir='ltr'>brevi</span> 
     </span>
     <span class='ocr_line' id='line_1_41' title="bbox 333 4228 1977 4307; baseline 0 -17"><span class='ocrx_word' id='word_1_471' title='bbox 333 4241 390 4290; x_wconf 88' lang='lat' dir='ltr'>cos</span> <span class='ocrx_word' id='word_1_472' title='bbox 405 4243 493 4290; x_wconf 80' lang='lat' dir='ltr'>niune</span> <span class='ocrx_word' id='word_1_473' title='bbox 511 4228 682 4290; x_wconf 77' lang='lat' dir='ltr'>reuertens</span> <span class='ocrx_word' id='word_1_474' title='bbox 699 4229 797 4306; x_wconf 89' lang='lat' dir='ltr'>alque</span> <span class='ocrx_word' id='word_1_475' title='bbox 812 4229 1041 4306; x_wconf 80' lang='lat' dir='ltr'>inexpectatae</span> <span class='ocrx_word' id='word_1_476' title='bbox 1056 4233 1128 4307; x_wconf 85' lang='lat' dir='ltr'>ejus</span> <span class='ocrx_word' id='word_1_477' title='bbox 1184 4228 1365 4288; x_wconf 86' lang='lat' dir='ltr'>evacuatur</span> <span class='ocrx_word' id='word_1_478' title='bbox 1384 4228 1548 4290; x_wconf 76' lang='lat' dir='ltr'>assisium</span> <span class='ocrx_word' id='word_1_479' title='bbox 1573 4228 1664 4289; x_wconf 88' lang='lat' dir='ltr'>solus</span> <span class='ocrx_word' id='word_1_480' title='bbox 1690 4228 1864 4299; x_wconf 87' lang='lat' dir='ltr'>Antonius,</span> <span class='ocrx_word' id='word_1_481' title='bbox 1891 4229 1977 4306; x_wconf 88' lang='lat' dir='ltr'>quod</span> 
     </span>
     <span class='ocr_line' id='line_1_42' title="bbox 333 4315 1979 4402; baseline -0.001 -16"><span class='ocrx_word' id='word_1_482' title='bbox 333 4325 512 4402; x_wconf 81' lang='lat' dir='ltr'>praeseutia</span> <span class='ocrx_word' id='word_1_483' title='bbox 524 4327 705 4397; x_wconf 88' lang='lat' dir='ltr'>recrearet,</span> <span class='ocrx_word' id='word_1_484' title='bbox 719 4327 788 4387; x_wconf 92' lang='lat' dir='ltr'>tum</span> <span class='ocrx_word' id='word_1_485' title='bbox 804 4327 850 4398; x_wconf 88' lang='lat' dir='ltr'>ut,</span> <span class='ocrx_word' id='word_1_486' title='bbox 864 4327 950 4402; x_wconf 91' lang='lat' dir='ltr'>apud</span> <span class='ocrx_word' id='word_1_487' title='bbox 966 4341 1023 4389; x_wconf 89' lang='lat' dir='ltr'>eos</span> <span class='ocrx_word' id='word_1_488' title='bbox 1036 4328 1129 4388; x_wconf 87' lang='lat' dir='ltr'>sani·</span> <span class='ocrx_word' id='word_1_489' title='bbox 1183 4315 1271 4384; x_wconf 82' lang='lat' dir='ltr'>esset</span> <span class='ocrx_word' id='word_1_490' title='bbox 1289 4325 1489 4400; x_wconf 88' lang='lat' dir='ltr'>incognitus,</span> <span class='ocrx_word' id='word_1_491' title='bbox 1513 4328 1623 4386; x_wconf 88' lang='lat' dir='ltr'>utrum</span> <span class='ocrx_word' id='word_1_492' title='bbox 1652 4323 1757 4396; x_wconf 82' lang='lat' dir='ltr'>abire,</span> <span class='ocrx_word' id='word_1_493' title='bbox 1784 4325 1836 4386; x_wconf 85' lang='lat' dir='ltr'>vel</span> <span class='ocrx_word' id='word_1_494' title='bbox 1853 4327 1979 4386; x_wconf 90' lang='lat' dir='ltr'>morari</span> 
     </span>
     <span class='ocr_line' id='line_1_43' title="bbox 331 4419 1977 4499; baseline -0.001 -15"><span class='ocrx_word' id='word_1_495' title='bbox 331 4424 400 4485; x_wconf 90' lang='lat' dir='ltr'>tate</span> <span class='ocrx_word' id='word_1_496' title='bbox 415 4423 559 4499; x_wconf 86' lang='lat' dir='ltr'>recepta,</span> <span class='ocrx_word' id='word_1_497' title='bbox 576 4437 655 4484; x_wconf 86' lang='lat' dir='ltr'>mox</span> <span class='ocrx_word' id='word_1_498' title='bbox 678 4422 718 4484; x_wconf 86' lang='lat' dir='ltr'>ad</span> <span class='ocrx_word' id='word_1_499' title='bbox 737 4423 873 4484; x_wconf 86' lang='lat' dir='ltr'>servitia</span> <span class='ocrx_word' id='word_1_500' title='bbox 889 4425 960 4496; x_wconf 89' lang='lat' dir='ltr'>Dei,</span> <span class='ocrx_word' id='word_1_501' title='bbox 979 4426 1011 4486; x_wconf 87' lang='lat' dir='ltr'>et</span> <span class='ocrx_word' id='word_1_502' title='bbox 1032 4441 1127 4486; x_wconf 89' lang='lat' dir='ltr'>suum</span> <span class='ocrx_word' id='word_1_503' title='bbox 1183 4421 1309 4493; x_wconf 87' lang='lat' dir='ltr'>liceret,</span> <span class='ocrx_word' id='word_1_504' title='bbox 1326 4421 1473 4484; x_wconf 89' lang='lat' dir='ltr'>incertus</span> <span class='ocrx_word' id='word_1_505' title='bbox 1495 4421 1577 4483; x_wconf 88' lang='lat' dir='ltr'>erat.</span> <span class='ocrx_word' id='word_1_506' title='bbox 1604 4419 1730 4499; x_wconf 87' lang='lat' dir='ltr'>Quippe</span> <span class='ocrx_word' id='word_1_507' title='bbox 1755 4422 1927 4484; x_wconf 86' lang='lat' dir='ltr'>humilitas</span> <span class='ocrx_word' id='word_1_508' title='bbox 1942 4423 1977 4482; x_wconf 91' lang='lat' dir='ltr'>iu</span> 
     </span>
     <span class='ocr_line' id='line_1_44' title="bbox 332 4517 1977 4597; baseline -0.002 -13"><span class='ocrx_word' id='word_1_509' title='bbox 332 4521 374 4584; x_wconf 87' lang='lat' dir='ltr'>ad</span> <span class='ocrx_word' id='word_1_510' title='bbox 390 4519 545 4583; x_wconf 90' lang='lat' dir='ltr'>Ordinem</span> <span class='ocrx_word' id='word_1_511' title='bbox 561 4517 683 4592; x_wconf 90' lang='lat' dir='ltr'>redire,</span> <span class='ocrx_word' id='word_1_512' title='bbox 706 4521 793 4582; x_wconf 88' lang='lat' dir='ltr'>sicut</span> <span class='ocrx_word' id='word_1_513' title='bbox 811 4521 935 4597; x_wconf 87' lang='lat' dir='ltr'>animo,</span> <span class='ocrx_word' id='word_1_514' title='bbox 960 4521 1008 4582; x_wconf 91' lang='lat' dir='ltr'>ita</span> <span class='ocrx_word' id='word_1_515' title='bbox 1027 4522 1127 4583; x_wconf 88' lang='lat' dir='ltr'>etiam</span> <span class='ocrx_word' id='word_1_516' title='bbox 1182 4533 1222 4580; x_wconf 91' lang='lat' dir='ltr'>eo</span> <span class='ocrx_word' id='word_1_517' title='bbox 1249 4521 1342 4580; x_wconf 75' lang='lat' dir='ltr'>muta</span> <span class='ocrx_word' id='word_1_518' title='bbox 1368 4519 1440 4580; x_wconf 88' lang='lat' dir='ltr'>erat</span> <span class='ocrx_word' id='word_1_519' title='bbox 1464 4521 1501 4580; x_wconf 90' lang='lat' dir='ltr'>ut</span> <span class='ocrx_word' id='word_1_520' title='bbox 1526 4519 1582 4596; x_wconf 91' lang='lat' dir='ltr'>qui</span> <span class='ocrx_word' id='word_1_521' title='bbox 1605 4518 1702 4581; x_wconf 88' lang='lat' dir='ltr'>bouis</span> <span class='ocrx_word' id='word_1_522' title='bbox 1725 4519 1759 4580; x_wconf 92' lang='lat' dir='ltr'>in</span> <span class='ocrx_word' id='word_1_523' title='bbox 1778 4519 1917 4592; x_wconf 87' lang='lat' dir='ltr'>artibus,</span> <span class='ocrx_word' id='word_1_524' title='bbox 1944 4521 1977 4582; x_wconf 92' lang='lat' dir='ltr'>et</span> 
     </span>
     <span class='ocr_line' id='line_1_45' title="bbox 332 4615 1976 4696; baseline -0.004 -14"><span class='ocrx_word' id='word_1_525' title='bbox 332 4634 471 4696; x_wconf 87' lang='lat' dir='ltr'>corpore</span> <span class='ocrx_word' id='word_1_526' title='bbox 485 4617 979 4694; x_wconf 80' lang='lat' dir='ltr'>liberoetsauoposset.Aerem</span> <span class='ocrx_word' id='word_1_527' title='bbox 995 4619 1126 4696; x_wconf 89' lang='lat' dir='ltr'>quidem</span> <span class='ocrx_word' id='word_1_528' title='bbox 1183 4615 1289 4677; x_wconf 87' lang='lat' dir='ltr'>sacris</span> <span class='ocrx_word' id='word_1_529' title='bbox 1304 4616 1339 4677; x_wconf 94' lang='lat' dir='ltr'>in</span> <span class='ocrx_word' id='word_1_530' title='bbox 1359 4616 1481 4678; x_wconf 89' lang='lat' dir='ltr'>litteris</span> <span class='ocrx_word' id='word_1_531' title='bbox 1501 4619 1589 4678; x_wconf 88' lang='lat' dir='ltr'>esset</span> <span class='ocrx_word' id='word_1_532' title='bbox 1608 4617 1735 4694; x_wconf 88' lang='lat' dir='ltr'>peritus</span> <span class='ocrx_word' id='word_1_533' title='bbox 1759 4617 1903 4693; x_wconf 85' lang='lat' dir='ltr'>egregie,</span> <span class='ocrx_word' id='word_1_534' title='bbox 1920 4617 1976 4693; x_wconf 89' lang='lat' dir='ltr'>qui</span> 
     </span>
     <span class='ocr_line' id='line_1_46' title="bbox 331 4712 1975 4791; baseline -0.003 -13"><span class='ocrx_word' id='word_1_535' title='bbox 331 4716 499 4778; x_wconf 87' lang='lat' dir='ltr'>salubrem</span> <span class='ocrx_word' id='word_1_536' title='bbox 520 4715 621 4776; x_wconf 90' lang='lat' dir='ltr'>habet</span> <span class='ocrx_word' id='word_1_537' title='bbox 644 4715 817 4791; x_wconf 90' lang='lat' dir='ltr'>Hispania,</span> <span class='ocrx_word' id='word_1_538' title='bbox 842 4714 928 4791; x_wconf 93' lang='lat' dir='ltr'>quod</span> <span class='ocrx_word' id='word_1_539' title='bbox 941 4717 1023 4778; x_wconf 88' lang='lat' dir='ltr'>aestu</span> <span class='ocrx_word' id='word_1_540' title='bbox 1048 4716 1127 4778; x_wconf 87' lang='lat' dir='ltr'>hinc</span> <span class='ocrx_word' id='word_1_541' title='bbox 1181 4712 1223 4774; x_wconf 86' lang='lat' dir='ltr'>ad</span> <span class='ocrx_word' id='word_1_542' title='bbox 1238 4713 1485 4789; x_wconf 83' lang='lat' dir='ltr'>praedicandum</span> <span class='ocrx_word' id='word_1_543' title='bbox 1504 4713 1640 4774; x_wconf 82' lang='lat' dir='ltr'>uerbum</span> <span class='ocrx_word' id='word_1_544' title='bbox 1657 4713 1716 4774; x_wconf 90' lang='lat' dir='ltr'>Dei</span> <span class='ocrx_word' id='word_1_545' title='bbox 1732 4729 1806 4774; x_wconf 89' lang='lat' dir='ltr'>cum</span> <span class='ocrx_word' id='word_1_546' title='bbox 1821 4713 1975 4774; x_wconf 80' lang='lat' dir='ltr'>facundia</span> 
     </span>
     <span class='ocr_line' id='line_1_47' title="bbox 330 4809 1975 4888; baseline -0.003 -13"><span class='ocrx_word' id='word_1_547' title='bbox 330 4813 447 4876; x_wconf 86' lang='lat' dir='ltr'>ardeat</span> <span class='ocrx_word' id='word_1_548' title='bbox 471 4812 595 4884; x_wconf 82' lang='lat' dir='ltr'>Africa,</span> <span class='ocrx_word' id='word_1_549' title='bbox 629 4812 737 4874; x_wconf 88' lang='lat' dir='ltr'>uentis</span> <span class='ocrx_word' id='word_1_550' title='bbox 764 4811 843 4872; x_wconf 92' lang='lat' dir='ltr'>inde</span> <span class='ocrx_word' id='word_1_551' title='bbox 871 4812 980 4888; x_wconf 87' lang='lat' dir='ltr'>rigeat</span> <span class='ocrx_word' id='word_1_552' title='bbox 1004 4813 1140 4880; x_wconf 68' lang='lat' dir='ltr'>Gallia¹</span> <span class='ocrx_word' id='word_1_553' title='bbox 1181 4809 1315 4886; x_wconf 76' lang='lat' dir='ltr'>lingna,</span> <span class='ocrx_word' id='word_1_554' title='bbox 1332 4812 1403 4873; x_wconf 90' lang='lat' dir='ltr'>tum</span> <span class='ocrx_word' id='word_1_555' title='bbox 1426 4809 1588 4882; x_wconf 86' lang='lat' dir='ltr'>doctriua,</span> <span class='ocrx_word' id='word_1_556' title='bbox 1606 4812 1639 4872; x_wconf 93' lang='lat' dir='ltr'>et</span> <span class='ocrx_word' id='word_1_557' title='bbox 1664 4809 1750 4888; x_wconf 92' lang='lat' dir='ltr'>quod</span> <span class='ocrx_word' id='word_1_558' title='bbox 1773 4813 1824 4872; x_wconf 85' lang='lat' dir='ltr'>est</span> <span class='ocrx_word' id='word_1_559' title='bbox 1838 4811 1975 4886; x_wconf 87' lang='lat' dir='ltr'>potissi·</span> 
     </span>
     <span class='ocr_line' id='line_1_48' title="bbox 330 4907 1978 4988; baseline -0.001 -18"><span class='ocrx_word' id='word_1_560' title='bbox 330 4911 406 4988; x_wconf 90' lang='lat' dir='ltr'>lpsa</span> <span class='ocrx_word' id='word_1_561' title='bbox 432 4925 514 4972; x_wconf 83' lang='lat' dir='ltr'>vero</span> <span class='ocrx_word' id='word_1_562' title='bbox 540 4911 628 4972; x_wconf 88' lang='lat' dir='ltr'>iuter</span> <span class='ocrx_word' id='word_1_563' title='bbox 650 4911 824 4986; x_wconf 88' lang='lat' dir='ltr'>utramque</span> <span class='ocrx_word' id='word_1_564' title='bbox 851 4909 972 4982; x_wconf 90' lang='lat' dir='ltr'>media,</span> <span class='ocrx_word' id='word_1_565' title='bbox 1003 4909 1049 4972; x_wconf 91' lang='lat' dir='ltr'>ita</span> <span class='ocrx_word' id='word_1_566' title='bbox 1076 4913 1127 4973; x_wconf 87' lang='lat' dir='ltr'>est</span> <span class='ocrx_word' id='word_1_567' title='bbox 1181 4921 1282 4980; x_wconf 87' lang='lat' dir='ltr'>mum,</span> <span class='ocrx_word' id='word_1_568' title='bbox 1296 4907 1374 4970; x_wconf 82' lang='lat' dir='ltr'>ritae</span> <span class='ocrx_word' id='word_1_569' title='bbox 1388 4907 1484 4970; x_wconf 82' lang='lat' dir='ltr'>bonae</span> <span class='ocrx_word' id='word_1_570' title='bbox 1510 4908 1764 4985; x_wconf 81' lang='lat' dir='ltr'>exemploesset</span> <span class='ocrx_word' id='word_1_571' title='bbox 1778 4907 1929 4980; x_wconf 86' lang='lat' dir='ltr'>idoneus,</span> <span class='ocrx_word' id='word_1_572' title='bbox 1944 4908 1978 4968; x_wconf 90' lang='lat' dir='ltr'>at</span> 
     </span>
     <span class='ocr_line' id='line_1_49' title="bbox 330 5002 1976 5085; baseline -0.003 -18"><span class='ocrx_word' id='word_1_573' title='bbox 330 5007 502 5085; x_wconf 90' lang='lat' dir='ltr'>utriusque</span> <span class='ocrx_word' id='word_1_574' title='bbox 521 5007 686 5084; x_wconf 78' lang='lat' dir='ltr'>particeps</span> <span class='ocrx_word' id='word_1_575' title='bbox 702 5005 789 5080; x_wconf 83' lang='lat' dir='ltr'>aceli,</span> <span class='ocrx_word' id='word_1_576' title='bbox 807 5007 843 5068; x_wconf 89' lang='lat' dir='ltr'>ut</span> <span class='ocrx_word' id='word_1_577' title='bbox 865 5007 1126 5085; x_wconf 87' lang='lat' dir='ltr'>temperamento</span> <span class='ocrx_word' id='word_1_578' title='bbox 1182 5004 1328 5080; x_wconf 88' lang='lat' dir='ltr'>undique</span> <span class='ocrx_word' id='word_1_579' title='bbox 1340 5002 1595 5081; x_wconf 88' lang='lat' dir='ltr'>perquirendus,</span> <span class='ocrx_word' id='word_1_580' title='bbox 1606 5004 1704 5081; x_wconf 91' lang='lat' dir='ltr'>quive</span> <span class='ocrx_word' id='word_1_581' title='bbox 1719 5003 1907 5080; x_wconf 88' lang='lat' dir='ltr'>prudentia,</span> <span class='ocrx_word' id='word_1_582' title='bbox 1924 5003 1976 5062; x_wconf 89' lang='lat' dir='ltr'>iu-</span> 
     </span>
     <span class='ocr_line' id='line_1_50' title="bbox 331 5101 1974 5181; baseline -0.002 -17"><span class='ocrx_word' id='word_1_583' title='bbox 331 5103 472 5181; x_wconf 89' lang='lat' dir='ltr'>quodam</span> <span class='ocrx_word' id='word_1_584' title='bbox 493 5119 566 5166; x_wconf 90' lang='lat' dir='ltr'>esse</span> <span class='ocrx_word' id='word_1_585' title='bbox 581 5103 803 5166; x_wconf 86' lang='lat' dir='ltr'>saluberrima</span> <span class='ocrx_word' id='word_1_586' title='bbox 822 5103 986 5166; x_wconf 82' lang='lat' dir='ltr'>uideatur.</span> <span class='ocrx_word' id='word_1_587' title='bbox 1002 5105 1126 5165; x_wconf 88' lang='lat' dir='ltr'>Rerum</span> <span class='ocrx_word' id='word_1_588' title='bbox 1180 5102 1291 5177; x_wconf 83' lang='lat' dir='ltr'>genio,</span> <span class='ocrx_word' id='word_1_589' title='bbox 1322 5101 1445 5162; x_wconf 86' lang='lat' dir='ltr'>uirtute</span> <span class='ocrx_word' id='word_1_590' title='bbox 1480 5101 1605 5178; x_wconf 81' lang='lat' dir='ltr'>praefici</span> <span class='ocrx_word' id='word_1_591' title='bbox 1638 5101 1754 5162; x_wconf 90' lang='lat' dir='ltr'>Ordiui</span> <span class='ocrx_word' id='word_1_592' title='bbox 1787 5101 1974 5177; x_wconf 87' lang='lat' dir='ltr'>potuisset:</span> 
     </span>
     <span class='ocr_line' id='line_1_51' title="bbox 331 5198 1975 5278; baseline -0.003 -15"><span class='ocrx_word' id='word_1_593' title='bbox 331 5203 452 5273; x_wconf 90' lang='lat' dir='ltr'>autem,</span> <span class='ocrx_word' id='word_1_594' title='bbox 469 5215 552 5278; x_wconf 87' lang='lat' dir='ltr'>quas</span> <span class='ocrx_word' id='word_1_595' title='bbox 566 5202 635 5263; x_wconf 86' lang='lat' dir='ltr'>vita</span> <span class='ocrx_word' id='word_1_596' title='bbox 650 5200 822 5263; x_wconf 87' lang='lat' dir='ltr'>bominum</span> <span class='ocrx_word' id='word_1_597' title='bbox 838 5201 953 5277; x_wconf 78' lang='lat' dir='ltr'>exigit,</span> <span class='ocrx_word' id='word_1_598' title='bbox 971 5201 1055 5262; x_wconf 90' lang='lat' dir='ltr'>adeo</span> <span class='ocrx_word' id='word_1_599' title='bbox 1069 5215 1127 5264; x_wconf 85' lang='lat' dir='ltr'>co-</span> <span class='ocrx_word' id='word_1_600' title='bbox 1180 5201 1287 5260; x_wconf 80' lang='lat' dir='ltr'>‘raceo</span> <span class='ocrx_word' id='word_1_601' title='bbox 1302 5199 1522 5271; x_wconf 85' lang='lat' dir='ltr'>sanctitatem,</span> <span class='ocrx_word' id='word_1_602' title='bbox 1539 5215 1604 5276; x_wconf 89' lang='lat' dir='ltr'>qua</span> <span class='ocrx_word' id='word_1_603' title='bbox 1617 5198 1758 5260; x_wconf 82' lang='lat' dir='ltr'>fortasse</span> <span class='ocrx_word' id='word_1_604' title='bbox 1770 5199 1898 5260; x_wconf 87' lang='lat' dir='ltr'>ceteros</span> <span class='ocrx_word' id='word_1_605' title='bbox 1911 5213 1975 5258; x_wconf 80' lang='lat' dir='ltr'>ex-</span> 
     </span>
     <span class='ocr_line' id='line_1_52' title="bbox 330 5291 1977 5377; baseline -0.002 -19"><span class='ocrx_word' id='word_1_606' title='bbox 330 5300 425 5376; x_wconf 87' lang='lat' dir='ltr'>plosa</span> <span class='ocrx_word' id='word_1_607' title='bbox 441 5299 556 5370; x_wconf 92' lang='lat' dir='ltr'>fertur,</span> <span class='ocrx_word' id='word_1_608' title='bbox 574 5299 611 5360; x_wconf 89' lang='lat' dir='ltr'>ut</span> <span class='ocrx_word' id='word_1_609' title='bbox 633 5299 715 5359; x_wconf 90' lang='lat' dir='ltr'>nulli</span> <span class='ocrx_word' id='word_1_610' title='bbox 737 5300 904 5360; x_wconf 89' lang='lat' dir='ltr'>terrarum</span> <span class='ocrx_word' id='word_1_611' title='bbox 920 5300 1126 5377; x_wconf 86' lang='lat' dir='ltr'>postponen-</span> <span class='ocrx_word' id='word_1_612' title='bbox 1181 5291 1384 5368; x_wconf 85' lang='lat' dir='ltr'>csllebat;is</span> <span class='ocrx_word' id='word_1_613' title='bbox 1395 5297 1547 5372; x_wconf 87' lang='lat' dir='ltr'>cognitus</span> <span class='ocrx_word' id='word_1_614' title='bbox 1562 5296 1647 5358; x_wconf 91' lang='lat' dir='ltr'>nulli</span> <span class='ocrx_word' id='word_1_615' title='bbox 1663 5298 1761 5364; x_wconf 87' lang='lat' dir='ltr'>esset,</span> <span class='ocrx_word' id='word_1_616' title='bbox 1773 5296 1806 5356; x_wconf 91' lang='lat' dir='ltr'>et</span> <span class='ocrx_word' id='word_1_617' title='bbox 1817 5296 1977 5371; x_wconf 89' lang='lat' dir='ltr'>tauquam</span> 
     </span>
     <span class='ocr_line' id='line_1_53' title="bbox 330 5391 1976 5474; baseline 0.004 -17"><span class='ocrx_word' id='word_1_618' title='bbox 330 5396 406 5457; x_wconf 89' lang='lat' dir='ltr'>dam</span> <span class='ocrx_word' id='word_1_619' title='bbox 421 5397 528 5473; x_wconf 86' lang='lat' dir='ltr'>ipsam</span> <span class='ocrx_word' id='word_1_620' title='bbox 545 5396 718 5458; x_wconf 85' lang='lat' dir='ltr'>fertilitate</span> <span class='ocrx_word' id='word_1_621' title='bbox 740 5396 814 5472; x_wconf 85' lang='lat' dir='ltr'>agri</span> <span class='ocrx_word' id='word_1_622' title='bbox 829 5395 1009 5474; x_wconf 86' lang='lat' dir='ltr'>scriptores</span> <span class='ocrx_word' id='word_1_623' title='bbox 1026 5397 1126 5461; x_wconf 89' lang='lat' dir='ltr'>etiam</span> <span class='ocrx_word' id='word_1_624' title='bbox 1181 5393 1404 5466; x_wconf 75' lang='lat' dir='ltr'>compallidi,</span> <span class='ocrx_word' id='word_1_625' title='bbox 1421 5407 1461 5454; x_wconf 80' lang='lat' dir='ltr'>ac</span> <span class='ocrx_word' id='word_1_626' title='bbox 1475 5408 1512 5454; x_wconf 82' lang='lat' dir='ltr'>ra</span> <span class='ocrx_word' id='word_1_627' title='bbox 1526 5394 1618 5455; x_wconf 90' lang='lat' dir='ltr'>nulla</span> <span class='ocrx_word' id='word_1_628' title='bbox 1631 5393 1750 5464; x_wconf 80' lang='lat' dir='ltr'>nanus,</span> <span class='ocrx_word' id='word_1_629' title='bbox 1762 5391 1976 5468; x_wconf 54' lang='lat' dir='ltr'>requisitum</span> 
     </span>
     <span class='ocr_line' id='line_1_54' title="bbox 330 5492 1525 5570; baseline -0.004 -14"><span class='ocrx_word' id='word_1_630' title='bbox 330 5494 480 5556; x_wconf 88' lang='lat' dir='ltr'>illustres</span> <span class='ocrx_word' id='word_1_631' title='bbox 500 5493 623 5554; x_wconf 88' lang='lat' dir='ltr'>dicant.</span> <span class='ocrx_word' id='word_1_632' title='bbox 653 5492 716 5555; x_wconf 88' lang='lat' dir='ltr'>Sed</span> <span class='ocrx_word' id='word_1_633' title='bbox 740 5507 848 5570; x_wconf 91' lang='lat' dir='ltr'>neque</span> <span class='ocrx_word' id='word_1_634' title='bbox 876 5496 956 5556; x_wconf 91' lang='lat' dir='ltr'>tunc</span> <span class='ocrx_word' id='word_1_635' title='bbox 984 5509 1027 5555; x_wconf 80' lang='lat' dir='ltr'>ex</span> <span class='ocrx_word' id='word_1_636' title='bbox 1049 5495 1126 5556; x_wconf 83' lang='lat' dir='ltr'>uoto</span> <span class='ocrx_word' id='word_1_637' title='bbox 1180 5492 1525 5554; x_wconf 86' lang='lat' dir='ltr'>nemineremaneret.</span> 
     </span>
    </p>
   </div>
   <div class='ocr_carea' id='block_1_7' title="bbox 329 5586 2098 5663">
    <p class='ocr_par' dir='ltr' id='par_1_8' title="bbox 329 5586 2098 5663">
     <span class='ocr_line' id='line_1_55' title="bbox 329 5586 2098 5663; baseline -0.001 -11"><span class='ocrx_word' id='word_1_638' title='bbox 329 5591 489 5654; x_wconf 88' lang='lat' dir='ltr'>successit</span> <span class='ocrx_word' id='word_1_639' title='bbox 502 5591 658 5652; x_wconf 84' lang='lat' dir='ltr'>Antonio.</span> <span class='ocrx_word' id='word_1_640' title='bbox 678 5591 785 5652; x_wconf 86' lang='lat' dir='ltr'>Vento</span> <span class='ocrx_word' id='word_1_641' title='bbox 800 5591 889 5652; x_wconf 89' lang='lat' dir='ltr'>enim</span> <span class='ocrx_word' id='word_1_642' title='bbox 906 5591 1045 5663; x_wconf 83' lang='lat' dir='ltr'>aduerso</span> <span class='ocrx_word' id='word_1_643' title='bbox 1060 5605 1125 5652; x_wconf 88' lang='lat' dir='ltr'>ua·</span> <span class='ocrx_word' id='word_1_644' title='bbox 1222 5589 1316 5650; x_wconf 79' lang='lat' dir='ltr'>Enim</span> <span class='ocrx_word' id='word_1_645' title='bbox 1332 5604 1518 5650; x_wconf 76' lang='lat' dir='ltr'>adromeus</span> <span class='ocrx_word' id='word_1_646' title='bbox 1531 5605 1591 5650; x_wconf 88' lang='lat' dir='ltr'>sua</span> <span class='ocrx_word' id='word_1_647' title='bbox 1608 5589 1676 5650; x_wconf 91' lang='lat' dir='ltr'>tota</span> <span class='ocrx_word' id='word_1_648' title='bbox 1689 5589 1761 5648; x_wconf 88' lang='lat' dir='ltr'>erat</span> <span class='ocrx_word' id='word_1_649' title='bbox 1777 5586 1848 5662; x_wconf 90' lang='lat' dir='ltr'>ipso</span> <span class='ocrx_word' id='word_1_650' title='bbox 1862 5588 1897 5646; x_wconf 91' lang='lat' dir='ltr'>in</span> <span class='ocrx_word' id='word_1_651' title='bbox 1910 5589 1976 5650; x_wconf 88' lang='lat' dir='ltr'>Deo</span> <span class='ocrx_word' id='word_1_652' title='bbox 2097 5647 2098 5650; x_wconf 74' lang='grc'>,</span> 
     </span>
    </p>
   </div>
   <div class='ocr_carea' id='block_1_8' title="bbox 0 0 2118 6406">
    <p class='ocr_par' dir='ltr' id='par_1_9' title="bbox 0 0 2118 6406">
     <span class='ocr_line' id='line_1_56' title="bbox 0 0 2118 6406; baseline 0 2"><span class='ocrx_word' id='word_1_653' title='bbox 0 0 2118 6406; x_wconf 95' lang='lat' dir='ltr'> </span> 
     </span>
    </p>
   </div>
  </div>
 </body>
</html>
