4114 6396
101 301 192 368 1005

96 458 143 524 in
160 459 387 525 subtrahendo
401 459 622 536 occasionem,
638 459 788 522 sanando
801 460 904 522 affec-
958 460 1024 524 lius
1039 462 1175 524 rimatis
1190 463 1339 540 operatio
1360 461 1574 538 suffragetur,
1597 459 1750 538 percuti-

99 558 246 629 tionem,
273 560 306 620 et
335 558 442 620 dando
471 558 627 622 virtutem
650 557 840 622 resistendi.
866 559 903 618 ln
957 561 1022 630 tur,
1047 562 1083 621 ut
1106 549 1330 638 doleat'J'uxta
1354 559 1448 630 iilud,
1466 559 1551 636 quod
1575 558 1748 634 sequitur:

98 654 336 718 subtrahendo
376 655 584 718 occasionem
629 671 670 718 ne
713 656 749 715 in
792 655 903 716 tuturo
959 658 1177 719 ‹Tantumin
1194 658 1369 728 mevertit,
1387 659 1421 719 et
1438 657 1751 718 convertitmanum

99 755 240 829 peccet3
267 751 354 814 unde
377 755 461 814 Osee
483 750 528 830 (2,
544 754 564 812 6
578 753 611 813 et
624 751 678 832 7):
701 754 818 812 «Ecce
842 765 903 826 ege
956 769 1051 814 suam
1066 756 1136 815 tota
1158 755 1223 817 die.
1240 771 1258 816 s
1276 753 1389 831 (ibid,
1405 757 1435 824 3,
1454 753 1500 830 3.)
1516 753 1624 815 Vertit
1638 751 1752 813 Domi*

102 849 237 926 sepiam
259 850 348 912 viem
368 851 460 910 tuam
482 850 599 926 spinis,
625 852 659 912 et
680 849 806 926 sepiam
830 863 903 908 eam
956 866 1022 910 nus
1038 867 1184 923 menum,
1200 867 1331 928 poenam
1345 851 1527 924 inserendo,
1544 853 1581 911 ut
1593 849 1750 910 mundet:

101 947 269 1018 maceria,
283 946 555 1008 etsemitaesuas
574 963 640 1007 non
655 946 815 1008 inveniet.
832 961 850 1004 ε
865 945 905 1006 et
957 949 1132 1020 convertit,
1160 949 1333 1018 cessando,
1355 950 1391 1009 ut
1416 950 1464 1008 sio
1494 947 1633 1009 virtutes
1655 947 1689 1007 ln
1711 961 1751 1007 eo

98 1045 269 1120 sequetur
289 1045 455 1106 amatores
479 1059 569 1114 suos,
595 1046 629 1106 et
651 1059 718 1106 non
742 1041 901 1111 inveniet,
959 1043 1110 1106 sediticet.
1135 1045 1331 1106 concutitur
1352 1045 1452 1106 etiam
1482 1059 1550 1114 cor,
1578 1045 1616 1105 ut
1637 1042 1754 1106 timeat

102 1140 164 1204 vei
183 1140 410 1217 apprehendet
426 1155 495 1212 eos,
512 1143 544 1202 et
556 1142 682 1218 queret
696 1156 764 1212 eos,
784 1142 817 1201 et
837 1154 904 1200 non
954 1142 1120 1216 judicem3
1137 1143 1174 1204 ut
1188 1141 1222 1202 in
1234 1141 1351 1203 eodem
1365 1140 1410 1219 (3,
1426 1143 1459 1220 2)
1473 1163 1480 1201 :
1497 1159 1515 1200 ε
1531 1143 1584 1202 Me
1600 1139 1750 1210 minavit,

103 1237 270 1309 inveniet,
287 1239 321 1299 et
341 1237 428 1300 dicet
448 1259 456 1298 :
479 1239 616 1308 Vadam,
634 1239 667 1299 et
687 1239 839 1298 revertar
862 1235 903 1296 ad
957 1240 993 1300 et
1005 1238 1145 1300 adduxit
1164 1239 1199 1300 in
1213 1238 1382 1310 tenebras,
1398 1241 1432 1300 et
1455 1254 1521 1298 non
1542 1238 1578 1298 in
1601 1237 1752 1298 lucem.»

487 303 594 366 PARS
622 298 824 364 PRIMA-⁴
842 303 1059 364 EXPOSITIO
1089 305 1132 365 ΙΝ
1163 303 1363 366 Psanites.
1447 359 1451 366 .
1668 300 1748 364 100⁶

103 1335 219 1396 uirum
239 1349 349 1398 meum
364 1334 520 1412 priorem,
536 1335 613 1412 quia
628 1332 713 1396 bene
729 1333 813 1416 mibi
832 1334 905 1394 erat

104 1433 189 1492 tunc
211 1431 329 1507 magis,
352 1445 451 1508 quam
473 1446 573 1494 nunc.
598 1433 683 1492 Nam
700 1447 791 1508 saepe
811 1429 905 1507 ponit

105 1531 198 1590 Deus
213 1528 395 1600 obstacula,
412 1531 449 1590 ut
470 1544 536 1591 non
557 1528 750 1590 inveniatur
771 1526 901 1598 mulier,

104 1628 168 1690 aut
183 1625 250 1697 ubi,
265 1642 339 1688 cum
352 1641 418 1702 qua
430 1626 501 1688 vurlt
512 1625 684 1698 fornicari,
699 1625 752 1686 vel
769 1624 903 1686 adulte-

105 1723 191 1796 rari.
205 1723 245 1784 lit
262 1722 452 1787 bincsanat
471 1723 692 1794 effedionem,
716 1737 757 1784 ne
770 1737 829 1800 per
841 1721 903 1781 de-

106 1819 272 1882 siderium
308 1822 557 1896 corrumpatur3
598 1819 686 1881 unde
719 1819 753 1880 in
784 1818 903 1878 ,eodem

108 1915 156 1995 (2,
171 1915 224 1996 12)
239 1937 247 1977 :
261 1919 507 1993 «corrumpam
518 1917 650 1980 vineam
663 1919 746 1990 ejus,
758 1917 791 1976 et
805 1913 904 1975 ticum

105 2015 185 2092 ejus
197 2031 216 2074 ε
227 2035 234 2074 :
245 2015 396 2088 Vineam,
410 2014 497 2076 idest
506 2013 656 2087 laetitiem
669 2011 903 2089 temporalem

107 2113 144 2175 et
162 2111 272 2182 ticum,
296 2111 385 2174 idest
403 2111 622 2174 dulcedinem.
645 2112 708 2172 Det
729 2109 829 2170 etiam
845 2124 904 2168 re·
924 2163 928 2169 .

107 2209 249 2272 sistendi
264 2209 436 2281 virtutem
460 2208 547 2270 unde
567 2209 601 2268 in
624 2207 739 2268 eodem
763 2205 808 2284 (2,
830 2203 902 2282 18):

105 2322 128 2366 s
143 2310 275 2378 Arcum,
297 2306 330 2369 et
348 2305 506 2382 gladium,
531 2307 564 2367 et
589 2304 713 2366 bellum
734 2304 904 2364 conteram

109 2403 152 2464 de
176 2405 279 2470 terra,
306 2405 339 2464 et
365 2401 511 2464 dormire
537 2417 595 2464 eos
619 2401 740 2462 faciam
767 2397 906 2461 fiducia·

108 2501 196 2562 liter.
211 2517 230 2562 a
244 2501 419 2564 sonoram
435 2514 559 2570 arcum,
574 2497 661 2560 idest
674 2495 904 2562 fraudulentas

110 2598 311 2662 tentationes
325 2595 466 2672 diaboli,
482 2597 516 2657 et
529 2595 689 2672 gladium,
705 2594 793 2656 idest
804 2607 905 2670 aper.-

110 2697 162 2756 tas
190 2693 475 2772 impugnationes;
516 2693 548 2756 et
580 2691 715 2758 bellum,
743 2689 829 2754 idest
862 2704 906 2752 ex

110 2790 223 2856 multis
237 2791 350 2852 causis
365 2776 542 2854 condatem
556 2787 852 2866 impugnationem.

150 2889 232 2950 Item
247 2890 297 2949 est
311 2887 541 2950 misericordia
556 2886 628 2958 Dei,
645 2901 718 2962 quae
734 2886 785 2946 eet
801 2884 837 2946 in
850 2899 906 2944 re-

111 2983 295 3055 vocatione,
319 2999 392 3060 quae
414 2983 567 3045 consistit
588 2983 623 3044 in
643 2980 760 3054 tribus,
780 2981 817 3042 in
840 2995 904 3056 pa-

959 1333 1102 1396 Adducit
1116 1335 1250 1396 enimin
1264 1335 1418 1397 tenebras
1429 1333 1630 1404 afflictionis,
1641 1334 1674 1394 et
1687 1347 1753 1397 non

959 1430 994 1492 in
1009 1432 1117 1492 lucem
1131 1432 1375 1509 prosperitatis,
1393 1434 1429 1492 ut
1444 1432 1492 1491 sic
1511 1430 1553 1492 ab
1572 1429 1753 1491 afflictione

959 1529 1084 1590 aeterna
1106 1530 1326 1602 deterreatur,
1351 1545 1424 1607 quae
1451 1529 1548 1590 malis
1576 1527 1754 1604 adjudica·

959 1624 1051 1688 bitur
1064 1626 1099 1688 in
1115 1625 1238 1687 tuturo.

999 1725 1123 1794 Quarta
1143 1723 1204 1784 liei
1223 1724 1452 1785 misericordia
1468 1725 1518 1786 est
1532 1722 1751 1798 indulgentia,

958 1835 1033 1895 quae
1057 1820 1091 1880 in
1112 1819 1218 1880 tribus
1242 1821 1404 1883 consistit.
1427 1821 1510 1892 Quia
1535 1837 1601 1881 non
1623 1818 1756 1896 repellit

958 1916 1002 1976 ad
1013 1933 1049 1978 se
1063 1919 1288 1990 revertentes;
1306 1917 1393 1978 trude
1405 1918 1559 1980 Jeremiee
1575 1916 1619 1994 (3,
1632 1918 1646 1976 t
1658 1914 1751 1992 et2):

959 2014 1100 2090 «vulgo
1126 2014 1272 2076 dicitur:
1293 2015 1328 2076 Si
1352 2015 1517 2076 dimiserit
1540 2015 1592 2075 vir
1614 2026 1753 2073 uxorem

957 2112 1123 2186 suamet
1150 2111 1309 2173 recedens
1338 2111 1379 2173 ab
1406 2127 1456 2184 eo,
1485 2111 1619 2172 duxerit
1643 2109 1753 2171 virtum

959 2208 1062 2268 alium
1080 2230 1088 2268 ε
1105 2209 1264 2285 numquid
1284 2211 1471 2270 revertetur
1485 2209 1525 2269 ad
1550 2223 1623 2268 eam
1643 2206 1755 2268 ultrei
1818 2261 1820 2266 .

960 2306 1119 2382 numquid
1145 2321 1211 2366 non
1233 2305 1369 2382 pollute,
1391 2308 1424 2367 et
1443 2305 1668 2367 contaminata
1691 2303 1755 2364 erit

957 2401 1081 2462 mulier
1107 2401 1184 2462 illat
1211 2403 1260 2462 Tu
1288 2403 1398 2462 autem
1427 2400 1591 2462 fornicata
1613 2415 1649 2460 es
1677 2415 1754 2458 curn

958 2498 1164 2560 amatoribus
1180 2498 1293 2560 multis
1306 2520 1313 2558 ι
1325 2501 1437 2560 tamen
1451 2499 1619 2559 revertere
1634 2496 1674 2558 ad
1690 2511 1753 2569 me,

960 2596 1041 2656 dicit
1061 2596 1232 2667 Dominus,
1255 2597 1288 2656 et
1311 2611 1372 2672 ego
1393 2595 1575 2672 suscipiam
1596 2597 1640 2656 te.
1664 2596 1754 2654 Leve
1801 2658 1803 2662 ,

959 2695 1075 2755 oculos
1094 2696 1169 2755 tuos
1193 2693 1228 2754 in
1253 2692 1427 2766 directum,
1448 2695 1481 2754 et
1499 2693 1587 2764 vide,
1609 2692 1663 2752 ubi
1687 2707 1753 2752 uon

960 2792 1125 2868 prostrata
1146 2791 1203 2851 sis.
1221 2791 1348 2867 etpost
1369 2806 1476 2868 pauca
1492 2789 1573 2851 dicit
1594 2787 1704 2866 (ibid,
1721 2790 1751 2859 3,

958 2889 979 2948 3
993 2889 1026 2948 et
1039 2886 1078 2966 4)
1097 2909 1105 2948 :
1121 2904 1140 2947 c
1156 2889 1261 2949 Frons
1284 2887 1437 2948 mulieris
1458 2886 1645 2948 meretricis
1665 2885 1753 2948 tacta

960 2986 1011 3046 est
1034 2983 1106 3054 tibi,
1128 2984 1264 3045 noluisti
1291 2983 1500 3045 erubescere.
1527 2986 1613 3059 Ergo
1634 2982 1752 3042 saltem

112 3081 239 3154 tientia,
268 3081 304 3144 in
333 3079 596 3157 longanimitate,
622 3081 655 3140 et
679 3079 715 3140 io
737 3078 928 3151 bonitatep

111 3178 197 3241 unde
211 3179 388 3255 Apostolus
402 3178 445 3240 ad
465 3181 633 3241 Romanos
649 3175 693 3256 (2,
710 3175 743 3253 4)
759 3197 767 3236 :
783 3181 838 3243 Au
851 3177 906 3235 da
927 3169 928 3176 ’

112 3277 214 3341 eitius
238 3277 409 3346 bonitatis,
429 3277 462 3338 ct
481 3275 671 3350 patalaria,
695 3274 727 3336 et
742 3274 902 3348 uoupaat-
926 3299 927 3304 ε

112 3374 245 3438 enitatis
257 3376 400 3448 tprtorus
415 3371 483 3452 (tit
503 3372 670 3437 Patientia
691 3372 753 3441 est,
770 3367 902 3448 quando
926 3417 927 3456 7

113 3486 171 3548 per
199 3468 389 3546 superbiam
418 3468 552 3549 procaci
585 3471 695 3531 mente
729 3466 927 3542 peccantes,

114 3583 179 3628 non
194 3567 306 3628 statim
317 3566 432 3642 punit:
448 3564 685 3640 longanimitas
697 3563 758 3630 eet,
773 3561 903 3639 quando

959 3081 1077 3143 amodo
1093 3095 1176 3142 voca
1191 3097 1265 3142 me:
1283 3082 1383 3143 Pater
1402 3097 1506 3154 meus,
1524 3080 1592 3140 dux
1605 3079 1750 3154 virgini·
1796 3144 1798 3159 ,

959 3178 1036 3239 tatis
1050 3193 1131 3240 meae
1147 3180 1184 3240 tu
1199 3194 1245 3238 es.
1263 3194 1282 3238 e
1297 3178 1380 3250 Quia
1396 3179 1484 3239 Deus
1499 3193 1564 3239 non
1580 3177 1752 3252 imprope-

959 3278 1012 3337 ret
1037 3277 1207 3353 peccatum
1232 3277 1431 3348 remissum;
1457 3273 1544 3336 unde
1569 3272 1752 3335 Ezechielis

960 3371 1024 3452 (18,
1039 3375 1076 3434 21
1093 3373 1126 3434 et
1144 3370 1197 3452 22)
1216 3394 1223 3432 2
1242 3373 1276 3434 Si
1299 3389 1480 3434 conversus
1505 3371 1604 3433 tuerit
1630 3370 1753 3446 impius

959 3470 1001 3532 ab
1021 3471 1191 3548 impietate
1211 3487 1272 3531 sua
1293 3469 1353 3552 (2),
1370 3471 1517 3532 omnium
1540 3469 1754 3546 iniquitatum

959 3569 1032 3643 ejus
1054 3582 1120 3626 non
1140 3566 1353 3628 recordabor.
1370 3567 1454 3638 Quia
1470 3583 1536 3630 non
1554 3566 1662 3625 minus
1678 3581 1753 3625 eum

114 3680 172 3742 per
186 3664 425 3735 infirmitatem,
440 3664 476 3726 et
489 3677 556 3730 non
572 3659 787 3722 deliberatam
802 3657 903 3718 mali·
960 3663 1068 3737 diligit
1084 3685 1092 3737 ;
1110 3663 1175 3723 imo
1192 3665 1300 3738 majus
1316 3681 1334 3722 ε
1348 3663 1507 3738 gaudium
1523 3663 1574 3724 est
1590 3660 1637 3740 (3)
1654 3675 1754 3737 super

113 3763 191 3824 tiam
205 3763 381 3840 peccantes
400 3759 457 3820 diu
471 3757 633 3834 expectat,
651 3756 704 3816 vel
721 3756 831 3832 portat
844 3769 906 3815 eu·
926 3755 927 3768 ¹
960 3775 1026 3820 uno
1048 3760 1222 3836 peccatore
1246 3760 1475 3836 poenitentiam
1500 3759 1629 3834 egente,
1654 3771 1753 3835 quam

114 3862 246 3937 pectens
269 3858 311 3920 ad
333 3857 562 3934 paenitentiam
586 3871 593 3914 ε
616 3853 746 3914 bonitas
773 3851 904 3914 Domini
960 3871 1061 3932 super
1076 3856 1258 3932 nonaginta
1275 3871 1393 3917 novem
1411 3855 1522 3932 justis,
1545 3856 1600 3933 qui
1617 3870 1683 3915 non
1699 3855 1754 3915 in·

113 3959 162 4022 est
185 3957 294 4034 copia,
323 3970 387 4032 qua
417 3953 529 4017 multis
560 3949 775 4029 peccantibus
801 3947 904 4010 multa
958 3954 1074 4030 digent
1089 3953 1296 4029 poenitentia.
1313 3951 1470 4031 paucae,
1488 3955 1537 4025 15,
1553 3951 1601 4031 7.)

112 4053 387 4124 bonaministret,
404 4052 453 4114 eis
474 4051 660 4120 blandiens,
678 4050 713 4109 ut
737 4047 777 4111 ed
797 4045 928 4123 poeni-¹
1000 4050 1121 4123 Quinta
1147 4051 1281 4113 Domini
1318 4051 1550 4112 misericorpia
1578 4051 1639 4121 ast,
1666 4048 1752 4126 quod

114 4151 248 4212 tentiam
269 4149 429 4214 attrabat.
452 4151 498 4209 be
520 4146 583 4210 bao
605 4144 746 4212 hahetur
764 4144 800 4205 in
821 4144 904 4204 Osee
959 4148 1032 4224 ipse
1046 4147 1103 4210 dat
1117 4147 1273 4209 virtutem
1298 4147 1490 4210 continendi
1508 4150 1625 4210 pompa
1641 4145 1752 4208 insul.

115 4245 176 4325 (11,
200 4247 259 4325 3i=
285 4264 305 4308 ε
331 4249 400 4322 Euo
426 4245 522 4322 euasi
547 4241 709 4310 nutritius
733 4239 902 4318 Ephrem,
927 4233 928 4240 ‘
959 4249 1024 4318 tus,
1041 4247 1074 4308 a
1095 4245 1298 4308 suasiones
1324 4244 1472 4320 dissolu
1494 4245 1581 4306 unde
1606 4245 1640 4306 in
1661 4246 1752 4306 uat-

115 4342 283 4418 portabam
296 4358 354 4404 eos
373 4343 407 4404 in
421 4341 571 4404 brachiis
591 4341 675 4408 meis
690 4361 697 4400 t
721 4341 755 4403 ei
773 4337 905 4399 nescie-
958 4343 1046 4405 thaeo
1062 4339 1106 4422 (7,
1120 4341 1187 4422 25),
1201 4341 1258 4404 uhi
1268 4343 1417 4420 loquitur
1428 4342 1469 4404 de
1480 4343 1578 4404 domo
1590 4342 1754 4404 aedificata

113 4438 199 4510 runi,
227 4438 313 4515 quod
340 4454 493 4500 curarim
519 4453 587 4500 00⁸·
611 4454 630 4498 2
653 4435 793 4514 Αβθῖῖῖὶῖ
815 4434 904 4496 enim
960 4456 1061 4516 supra
1078 4442 1205 4518 petrem
1223 4461 1230 4500 z
1245 4457 1263 4500 ε
1279 4441 1456 4504 Descendit
1468 4439 1592 4517 pluvia,
1605 4441 1638 4501 et
1652 4455 1755 4502 vene·

113 4534 206 4598 nobis
219 4535 379 4599 Dominus
392 4535 579 4611 ingressum
591 4535 743 4597 Paradisi
756 4547 904 4610 persan—
959 4538 1040 4600 runt
1059 4537 1207 4609 flumine,
1225 4540 1259 4599 et
1279 4537 1447 4599 flaverunt
1467 4538 1569 4609 venti,
1591 4537 1752 4599 et‘irrue-

112 4633 243 4709 ssuisseffl
262 4648 370 4704 suum,
393 4633 427 4694 θῑ
446 4631 591 4708 portavit
612 4647 673 4692 1108
697 4631 732 4692 in
756 4629 905 4692 brachiis
960 4636 1039 4696 runt
1052 4635 1087 4698 in
1109 4635 1243 4708 domum
1259 4633 1364 4708 illem,
1378 4635 1414 4696 et
1428 4649 1494 4695 non
1516 4635 1637 4696 cecidit
1653 4655 1659 4694 :
1676 4633 1755 4694 tun·

113 4731 179 4797 suis
194 4729 353 4808 expansis
372 4729 406 4790 in
422 4742 532 4799 cruce,
554 4729 588 4788 et
608 4727 659 4788 sic
676 4744 696 4789 a
711 4726 844 4790 diabolo
862 4725 905 4786 li·
959 4733 1037 4795 data
1052 4733 1141 4794 enim
1152 4732 1226 4794 erat
1238 4747 1339 4808 supra
1352 4731 1482 4792 firmam
1495 4733 1660 4808 petram„
1674 4731 1755 4792 ppu.

113 4827 237 4892 berault
253 4844 313 4890 nos
326 4825 477 4905 quemvis
492 4825 653 4900 ingratos.
960 4829 1014 4892 sia
1037 4831 1115 4891 suist
1129 4829 1330 4892 antenorea
1344 4827 1468 4890 diaboli
1483 4851 1491 4904 ;
1508 4831 1638 4900 ventus,
1654 4831 1752 4890 tren·

150 4927 261 4990 Tertia
283 4923 516 4989 misericordie
542 4922 602 5016 liei
630 4923 681 4987 est
704 4935 813 4998 poenn,
840 4933 905 4998 qua
960 4926 1097 4992 nntius
1123 4927 1265 5003 impetus
1286 4927 1554 5004 persecutionum
1578 4929 1666 5004 epu„
1681 4927 1752 5000 pu.

113 5025 298 5087 concutitur
318 5038 412 5084 mens
432 5020 591 5091 hominis,
616 5021 652 5080 ut
676 5017 806 5081 avertat
829 5031 905 5078 seit
958 5031 1067 5096 mma,
1107 5022 1260 5086 carnales
1298 5023 1494 5098 voluptates.
1533 5023 1651 5084 Omnia
1689 5024 1753 5085 ista

113 5121 165 5182 uia
180 5136 242 5185 sue
251 5120 351 5192 mala,
362 5122 395 5184 et
407 5118 497 5183 dicat
507 5133 581 5180 cum
593 5115 739 5179 ieremia
752 5113 787 5174 in
800 5113 906 5176 Thre-

114 5219 163 5279 nis
186 5217 231 5296 (3,
257 5215 289 5296 1)
307 5237 314 5276 =
332 5233 350 5276 ε
365 5219 432 5294 Ego
456 5216 509 5276 vir
534 5212 652 5279 uidens
675 5211 905 5292 paupertatem
960 5218 1102 5296 aeditlcia
1116 5217 1276 5280 uirtutum
1294 5237 1300 5276 :
1317 5217 1376 5278 sed
1395 5219 1483 5280 Deus
1498 5220 1672 5282 conservet
1691 5235 1751 5291 ea;

959 5121 1166 5184 descendunt
1182 5120 1225 5182 ad
1243 5119 1441 5182 diruendam
1463 5121 1703 5197 penitentiam,
1720 5122 1753 5184 et
1857 5135 1858 5140 ’

114 5330 217 5376 meam
234 5313 267 5374 in
282 5313 378 5388 virga
392 5311 633 5388 indignationis
645 5311 730 5385 ejus.
746 5325 765 5370 a
779 5307 904 5370 videns

960 5317 1037 5395 quia
1054 5317 1126 5378 baec
1137 5331 1203 5376 non
1219 5317 1357 5391 possunt
1369 5315 1502 5378 diruere
1516 5317 1650 5383 domum
1665 5332 1753 5380 meu·

115 5412 341 5489 paupertatem
353 5425 459 5481 suam,
475 5425 548 5470 cum
561 5407 778 5484 castiga-atta,
792 5408 825 5466 et
835 5404 906 5465 nul·
959 5416 1003 5477 tis
1018 5412 1191 5476 aedifloatoe
1204 5413 1238 5473 ip
1255 5411 1385 5474 christo
1401 5414 1506 5491 petra,

148 5543 186 5612 (Ι)
199 5515 284 5612 vulg.
298 5555 305 5597 :
322 5539 492 5596 contemnis.

147 5613 187 5686 (²)
201 5611 285 5684 vulg.
299 5626 305 5666 :
321 5611 349 5668 Si
361 5610 465 5682 impius
476 5609 568 5683 egerit
584 5605 781 5683 perincertum
794 5605 903 5672 abom-

894 5595 896 5598 .
960 5546 1044 5606 nibsu
1093 5543 1181 5602 ccede
1195 5544 1266 5602 ευίε.

997 5619 1039 5690 (3)
1080 5615 1140 5690 nlg.
1155 5615 1271 5674 :aritio
1285 5617 1366 5684 cocto.
