4204 6402
340 305 402 368 799
716 327 720 333 ¹
764 301 798 363 S.
821 298 995 362 ANTONII
1023 297 1211 360 Pandam
1242 297 1380 360 OPERA
1409 293 1555 360 OMNIA.
1924 299 1986 363 800

340 463 398 543 qui
410 463 499 526 enim
516 461 733 539 concupiscit,
752 457 945 522 incendium
966 458 1076 530 habet,
1098 459 1131 520 et
1186 456 1298 520 ditur:
1316 457 1437 517 «Mors
1459 457 1616 534 depascet
1630 469 1687 517 eos
1700 472 1731 529 a,
1748 453 1833 517 idest
1846 455 1888 518 de
1905 473 1987 533 pas·

341 561 561 624 exustionem.
576 559 623 620 Ad
640 574 676 620 os
699 557 866 635 speluncae
882 557 1033 632 ingentia
1048 571 1130 616 saxa
1187 570 1248 615 cua
1263 553 1304 616 ad
1321 569 1490 631 pascuam,
1516 553 1604 616 idest
1616 553 1656 616 de
1669 567 1767 630 poena
1791 554 1833 614 ad
1850 570 1984 630 poenam

339 659 532 738 volvurltur,
550 673 625 718 cum
641 670 701 732 per
722 655 823 715 duras
842 653 1130 725 comminationes,
1186 651 1336 713 deducet.
1351 651 1512 726 Magister
1526 650 1608 712 dicit
1622 651 1657 712 in
1671 649 1813 727 qnodam
1826 651 1912 712 libro
1926 668 1986 712 an·

221 797 224 802 -
338 756 434 833 quasi
458 771 517 831 per
539 753 688 830 quaedam
710 751 870 828 repagula
895 749 1048 812 sensibus
1073 765 1131 811 os·
1186 749 1279 826 tiquo
1298 749 1476 825 reperisse,
1500 748 1587 824 quod
1614 761 1732 808 novem
1755 749 1863 824 poenis
1891 749 1983 810 ailli-

336 853 421 914 tium
440 851 618 922 clauditur,
635 865 677 911 ne
699 849 740 910 ad
763 849 992 926 operationem
1015 863 1133 926 prooe-
1187 846 1311 922 guntur
1326 845 1486 919 damnati,
1498 845 1577 922 quia
1592 859 1712 906 novem
1728 845 1901 906 ordinibus
1914 849 1985 907 An-

341 949 468 1010 derent.
497 949 733 1010 Producuntur
759 961 855 1022 reges
891 945 931 1006 de
960 945 1131 1022 spelunca,
1187 941 1338 1018 gelorum
1352 943 1536 1004 renuerunt
1550 941 1673 1004 sociari
1689 939 1749 1021 (1).
1770 945 1830 1003 Hae
1855 944 1984 1006 scilicet
2085 1015 2086 1032 χ

263 1073 264 1081 κ
339 1045 471 1124 quando
496 1061 555 1122 per
577 1044 819 1106 contessionem
842 1043 990 1119 aperitur
1013 1041 1132 1118 inquo
1188 1041 1266 1101 suut
1280 1055 1385 1115 poenae
1402 1038 1461 1118 (2),
1478 1039 1579 1114 Ignis,
1594 1040 1726 1114 Frigus,
1743 1040 1886 1107 Vermis,
1907 1043 1984 1102 line-

339 1143 486 1222 quinque
510 1157 628 1204 sensus
657 1141 890 1217 peccaverunt.
915 1142 1021 1216 Super
1047 1138 1133 1199 colla
1188 1137 1249 1208 tor,
1273 1136 1433 1212 Flagella,
1461 1135 1630 1208 Tenebrae,
1652 1135 1822 1208 Confusio,
1842 1139 1981 1210 Horror,

338 1256 456 1316 regum
478 1240 579 1317 pedes
601 1239 780 1316 ponuntur,
799 1253 873 1298 curn
896 1252 999 1312 prava
1022 1235 1135 1296 carnis

339 1337 511 1416 suggestio
536 1336 742 1414 reprimitur,
767 1351 841 1396 curn
863 1333 991 1411 primns
1022 1333 1133 1395 motus

339 1435 493 1510 eliditur;
510 1437 549 1497 nt
563 1435 626 1495 boc
640 1433 738 1494 debet
753 1431 825 1493 fleri
838 1446 944 1508 usque
958 1429 1000 1492 ad
1015 1445 1134 1507 vespe-

338 1547 422 1601 ram,
431 1531 518 1593 idest
530 1545 634 1607 usque
648 1529 689 1590 ad
702 1529 867 1590 deiectum
882 1527 1042 1589 ferventis
1059 1541 1134 1589 con·

337 1629 562 1712 cupisceniiae.
579 1629 659 1688 Cum
674 1626 773 1687 bomo
789 1640 924 1687 carnem
941 1641 1036 1685 suam
1057 1640 1134 1685 cru-

337 1726 441 1802 cifigit
456 1741 530 1786 cum
544 1725 648 1797 vitiis,
665 1724 699 1786 et
711 1723 1003 1800 concupiscentiis,
1013 1721 1048 1782 in
1064 1737 1134 1798 spe·

336 1823 436 1884 luuca
458 1822 689 1894 recluduntur,
705 1818 898 1895 ingentibus
919 1819 1011 1879 saxis
1034 1819 1075 1879 ad
1096 1834 1133 1880 os

337 1921 505 1996 speluncae
519 1919 691 1995 appositis.
708 1919 789 1977 Grrm
809 1917 898 1977 enirn
919 1931 1037 1977 sensus
1053 1931 1132 1977 cor-

337 2015 428 2094 poris
451 2014 575 2075 ruerint
594 2011 797 2078 mortificati,
813 2013 892 2072 tunc
907 2009 1051 2072 feliciter
1073 2027 1131 2071 re·

338 2111 517 2173 cluduntur
531 2111 566 2170 in
586 2110 756 2186 spelunca,
775 2107 860 2169 idest
875 2109 921 2169 ita
942 2107 1132 2186 reprimun-

336 2210 403 2282 tur,
422 2209 458 2268 ut
478 2221 545 2268 non
564 2210 633 2284 jam
650 2205 792 2267 militent
817 2207 932 2266 contra
954 2206 1130 2275 rationem,

338 2305 395 2367 sed
421 2303 545 2366 rationi
581 2303 741 2364 serviant.
768 2305 859 2363 Saxa
884 2301 1033 2377 ingentia
1057 2305 1134 2363 sunt

336 2403 497 2480 repagula
524 2399 773 2477 divinijudicii,
801 2400 834 2461 et
859 2398 964 2460 divini
988 2399 1132 2472 timoris,

336 2515 397 2576 per
420 2513 494 2576 quae
517 2497 616 2574 primi
638 2499 748 2558 motus
765 2497 1003 2572 reprimuntur,
1023 2513 1065 2557 ne
1092 2497 1132 2557 ad

336 2595 580 2672 operationem,
615 2593 669 2654 vel
705 2607 904 2654 consensum
939 2593 1131 2670 procedant.

337 2692 420 2762 Quid
444 2691 532 2752 enirn
555 2687 690 2768 prodest
717 2689 801 2764 regi,
829 2689 916 2751 idest
936 2690 1076 2764 rationi,
1104 2691 1134 2751 si

336 2785 554 2863 triumphavit
568 2787 609 2846 de
628 2786 764 2847 remotis
784 2785 943 2860 inimicis,
967 2787 1053 2849 idest
1076 2805 1134 2848 su-

337 2884 463 2962 perbia,
482 2883 620 2955 invidia,
642 2884 676 2944 et
694 2883 902 2960 hujusmodi3
925 2884 958 2945 et
979 2885 1132 2945 inimicos

335 2982 476 3053 vicinos,
489 2981 574 3042 idest
586 2979 711 3058 primos
726 2980 835 3041 motus
846 2995 912 3041 non
925 2980 1133 3057 submergatt

542 3389 544 3394 ·
566 3363 706 3424 SERMO
728 3363 902 3422 LXXXIX.

401 3528 442 3584 De
457 3533 594 3599 perpetua
607 3526 832 3596 continuatione,
847 3533 877 3584 et
887 3524 1068 3585 multitudine

568 3621 774 3672 tormentorum
787 3613 900 3672 interni.

336 3783 431 3846 Sient
452 3800 533 3845 coes
556 3786 593 3846 tn
615 3786 754 3857 inferno
772 3786 876 3859 poem
894 3786 975 3848 soret
998 3802 1010 3847 :
1036 3800 1131 3848 mors

482 3881 720 3956 depascetcos.
739 3879 843 3960 (Psal.
857 3883 907 3955 48,
926 3880 991 3962 15.)

377 4049 414 4107 ln
429 4047 493 4109 hoc
507 4063 607 4108 versu
628 4047 816 4109 ostenditur
836 4051 995 4125 perpetua
1020 4051 1129 4112 conti-

336 4145 462 4215 nuatio,
487 4145 521 4204 et
543 4143 719 4205 multitudo
741 4143 979 4207 termentorum
994 4147 1127 4209 interni.

338 4242 502 4316 Perpetua
514 4239 719 4301 continuatio
729 4243 864 4302 notatur
874 4243 1017 4319 perboc,
1042 4244 1130 4319 quod

337 4337 419 4400 dicit
432 4337 526 4397 Sicut
537 4349 617 4396 oves
632 4339 669 4396 tn
683 4339 822 4410 inferno
832 4341 939 4411 posce
952 4339 1052 4411 suant·
1072 4340 1129 4401 ubi

338 4433 420 4496 dicit
435 4431 553 4494 Glossa
570 4447 577 4491 :
594 4434 720 4504 «Oves,
745 4434 870 4494 amissa
885 4434 963 4496 lana
982 4439 1128 4510 manent,

336 4531 385 4594 sic
400 4545 532 4610 semper
543 4528 578 4588 in
594 4526 669 4590 istis
685 4529 757 4590 sine
770 4522 1023 4609 consumptione
1038 4531 1131 4594 subs-

338 4628 453 4692 tantiae
460 4641 557 4704 poena
565 4625 1129 4702 invenitquodcruciet.»Multitudo

337 4727 579 4788 tormentorum
604 4723 740 4785 notatur
760 4739 819 4800 per
837 4725 912 4796 hoe,
935 4727 1021 4816 quod
1045 4728 1128 4789 sub-

372 4899 414 4971 (l)
434 4900 599 4957 lienuerunt
619 4898 732 4956 sociari.
757 4901 790 4956 ln
811 4899 1127 4972 blagistrosentcntla·

337 4982 399 5026 rum
415 4968 443 5025 id
461 4983 518 5026 non
536 4969 709 5038 invenimus,
729 4968 779 5028 sed
796 4969 825 5024 in
842 4971 984 5038 Tractatu,
1006 4972 1053 5043 qui
1068 4973 1127 5030 ins·

336 5039 463 5108 cribitur,
485 5040 639 5096 lustrantis
667 5039 834 5108 Sacerdotis,
850 5047 879 5098 et
892 5041 948 5098 vol.
964 5043 989 5100 tl
1008 5054 1126 5114 operum

337 5111 366 5166 S.
390 5107 535 5190 bernardi,
550 5109 617 5166 edit.
640 5102 730 5166 bladr.
756 5111 858 5194 Parin,
875 5112 930 5168 col.
953 5111 1016 5180 tlt),
1037 5111 1129 5196 editus

336 5180 1129 5334 illailltitti‘lletlltiblitirittdldit

336 5333 402 5376 vern
426 5319 561 5376 notabilia
585 5321 722 5445 quplrcra
737 5341 761 5404 a,
786 5327 872 5393 atque
886 5321 931 5378 bis
949 5323 1055 5380 idcireo
1079 5339 1124 5380 re·

337 5389 441 5462 probos
468 5390 592 5459 torqueri
631 5391 688 5459 icit,
713 5403 778 5461 quia
802 5393 977 5450 consortium
999 5395 1130 5466 neglexe

336 5467 403 5518 runt
416 5449 520 5516 novtm
534 5458 664 5517 ordinum
679 5461 865 5533 Angelorum.
967 5473 971 5506 =

373 5529 413 5604 (i)
434 5532 484 5589 lla
502 5529 612 5586 scilicet
630 5536 697 5586 sunt
718 5545 820 5602 prena,
843 5539 897 5589 etc.
919 5533 946 5590 S.
968 5531 1129 5593 bernardus

337 5603 475 5660 Sermone
491 5599 526 5658 de
540 5601 665 5674 quinque
684 5602 935 5674 negotiationibus,
955 5609 984 5660 et
1003 5605 1129 5680 quinque

1187 1234 1220 1295 et
1233 1233 1388 1295 Vincula.
1404 1233 1553 1296 Primum
1577 1233 1642 1294 erit
1663 1233 1715 1312 ibi
1733 1237 1825 1309 tpnis
1849 1234 1890 1295 ad
1915 1253 1983 1312 pu-

1187 1329 1344 1392 niendum
1360 1331 1470 1407 ignem
1489 1313 1786 1407 concupiscentia}
1812 1331 1912 1407 ignis,
1928 1333 1983 1393 in-

1188 1443 1298 1505 quam,
1320 1428 1367 1490 ita
1390 1427 1524 1500 ardens,
1541 1427 1628 1505 quod
1645 1428 1675 1489 si
1689 1426 1794 1490 totum
1813 1443 1906 1490 mare
1927 1430 1982 1490 in-

1188 1524 1317 1596 dueret,
1343 1541 1410 1584 non
1434 1526 1600 1586 minueret
1623 1525 1711 1600 ignis
1730 1525 1896 1586 ardorem.
1921 1529 1982 1587 Se-

1188 1622 1331 1684 cundum
1346 1624 1397 1684 est
1409 1625 1523 1698 [meus
1535 1622 1576 1684 ad
1592 1622 1794 1700 puniendam
1809 1622 1980 1699 frigidita-

1187 1719 1253 1782 tem
1274 1718 1423 1790 malitiae,
1452 1719 1534 1781 adeo
1560 1723 1780 1796 magnumst
1809 1737 1977 1797 asperum,

1188 1815 1274 1892 quod
1299 1817 1328 1876 si
1348 1831 1442 1876 mons
1464 1816 1584 1896 igneus
1603 1817 1640 1878 in
1663 1817 1773 1894 ipsum
1799 1819 1981 1880 descende-

1187 1914 1249 1984 ret,
1266 1913 1345 1988 gelu
1359 1913 1465 1975 deret.
1478 1914 1541 1977 Job
1557 1913 1621 1993 (24,
1638 1913 1691 1992 10)
1707 1916 1747 1976 de
1765 1917 1905 1993 utroque
1920 1933 1982 1993 po-

1187 2009 1237 2072 nit
1262 2025 1364 2072 unam
1392 2013 1644 2084 auctoritatem,
1681 2013 1802 2076 idest:
1833 2018 1981 2075 Transt-

1188 2109 1270 2170 bunt
1281 2107 1328 2188 (3)
1344 2112 1386 2170 ab
1407 2112 1506 2182 apen
1526 2113 1661 2172 artatum
1683 2114 1728 2170 ed
1750 2115 1900 2173 calorem
1920 2117 1980 2173 ni-

1187 2209 1308 2268 mium.
1326 2205 1390 2266 Sed
1403 2206 1510 2280 magis
1526 2205 1566 2267 de
1581 2207 1722 2284 utroque
1737 2223 1895 2284 expresse
1918 2207 1982 2270 ha-

1188 2301 1302 2362 bemus
1323 2303 1359 2364 in
1384 2303 1556 2380 Sapientia
1569 2302 1632 2382 (16,
1649 2306 1687 2366 17
1702 2305 1735 2366 et
1747 2303 1801 2384 22)
1820 2323 1863 2366 :s
1886 2306 1979 2378 Quod

1189 2398 1277 2459 enim
1299 2401 1371 2463 erat
1394 2398 1558 2472 mirabile,
1584 2401 1620 2462 in
1647 2416 1744 2478 aqna,
1770 2419 1845 2480 quae
1865 2406 1977 2466 omnia
2085 2477 2086 2482 ,

1188 2495 1363 2572 extinguit,
1392 2497 1467 2574 plus
1489 2497 1623 2560 valebat
1640 2499 1728 2574 ignis
1743 2499 1833 2561 :Nix
1856 2502 1977 2574 autern,
2085 2503 2086 2510 ’

1188 2595 1221 2654 et
1241 2592 1366 2669 glacies
1390 2593 1598 2656 sustinebant
1624 2594 1692 2656 vim
1720 2595 1823 2671 ignis,
1853 2598 1886 2658 et
1913 2613 1979 2658 non

1186 2689 1412 2753 tabescebant.
1429 2709 1447 2752 a
1462 2693 1532 2754 Hoc
1546 2693 1607 2765 est,
1625 2691 1710 2770 quod
1733 2709 1834 2770 supra
1856 2694 1980 2756 dictum

1188 2788 1238 2848 est
1253 2807 1260 2846 :
1278 2787 1312 2848 Si
1325 2803 1420 2850 mons
1435 2789 1555 2864 igneus
1569 2791 1605 2851 in
1620 2789 1730 2868 ipsum
1752 2791 1977 2864 descenderet,

1187 2884 1265 2959 gelu
1289 2884 1395 2952 fleret.
1421 2886 1569 2947 Tertium
1592 2901 1729 2949 verines
1752 2891 1976 2960 immortates,

1187 2981 1266 3056 quia
1292 2982 1379 3042 sicut
1404 2983 1507 3058 piscis
1535 2984 1571 3044 in
1591 2999 1695 3060 aqua,
1720 2985 1767 3046 ita
1796 2985 1918 3046 vermis
1944 2987 1979 3047 in

1187 3077 1320 3140 damma
1334 3079 1428 3152 vivit,
1443 3079 1484 3142 ad
1496 3081 1698 3157 puniendum
1707 3083 1835 3145 scilicet
1848 3099 1978 3144 vermes

1187 3174 1265 3247 odii,
1278 3177 1311 3238 et
1320 3175 1466 3238 invidiae.
1481 3181 1527 3239 De
1536 3179 1833 3242 boclicclesiastici
1846 3179 1890 3259 (7,
1905 3179 1957 3260 19)
1970 3197 1977 3234 =

1186 3270 1334 3334 Humilia
1348 3273 1446 3335 valde
1461 3275 1614 3352 spiritum
1626 3280 1730 3348 tuum,
1742 3279 1899 3355 quoniam
1910 3281 1979 3340 vin

1187 3369 1275 3430 dicta
1300 3373 1412 3432 carnis
1437 3373 1547 3450 impii,
1577 3373 1683 3449 ignis,
1711 3377 1745 3437 et
1771 3376 1910 3450 vermis;
1941 3380 1979 3437 nt

1187 3465 1273 3526 alius
1281 3467 1405 3526 vermis
1414 3469 1637 3543 conscientiae,
1646 3471 1827 3546 dequolsa.
1840 3470 1976 3550 (66,24);

1185 3579 1204 3622 s
1219 3561 1350 3624 Vermis
1364 3579 1479 3625 eorum
1493 3581 1559 3627 non
1575 3567 1746 3640 morietur,
1767 3569 1801 3630 et
1815 3569 1904 3644 ignis
1919 3585 1978 3630 eo·

1186 3675 1260 3719 rum
1285 3674 1351 3720 non
1380 3663 1605 3738 extinguetur.
1629 3667 1788 3736 Quartum
1802 3667 1976 3740 foetorr'n·

1186 3755 1383 3830 tolerabitis,
1408 3759 1449 3820 de
1474 3774 1538 3836 qno
1564 3758 1660 3822 Isaiae
1672 3760 1737 3840 (34,
1754 3759 1788 3842 9)
1803 3785 1810 3822 :
1826 3766 1976 3826 Conver-

1184 3853 1273 3914 tetur
1288 3855 1419 3916 torrens
1434 3857 1506 3932 ejus
1521 3858 1556 3918 in
1572 3857 1689 3934 picem,
1706 3860 1739 3921 et
1760 3859 1881 3922 humus
1905 3865 1977 3939 ejus

1185 3950 1221 4009 in
1236 3950 1396 4028 sulphur;
1419 3955 1532 4015 Item:
1548 3956 1586 4017 Et
1600 3955 1664 4017 erit
1687 3971 1747 4032 pro
1768 3958 1864 4018 suavi
1877 3957 1977 4019 odore

1185 4046 1293 4108 ioetor.
1310 4048 1467 4120 Quintum
1483 4053 1535 4112 est
1553 4053 1697 4127 depelle,
1715 4053 1836 4130 quibus
1851 4055 1976 4117 videli-

1185 4146 1237 4207 cet
1266 4145 1495 4221 percutientur
1516 4149 1573 4224 qui
1601 4147 1656 4211 hic
1684 4167 1759 4212 curn
1787 4150 1977 4214 hominibus
2085 4163 2086 4202 i

1185 4238 1394 4316 disciplinam
1426 4243 1576 4321 recipere
1606 4246 1801 4321 noluerunt;
1830 4247 1918 4310 unde
1944 4249 1976 4308 in

1185 4336 1359 4398 Parabolis
1384 4336 1449 4416 (19,
1476 4339 1581 4420 29):«
1597 4345 1718 4405 Parata
1743 4348 1822 4406 sunt
1849 4344 1977 4406 deriso·

1184 4429 1276 4492 ribus
1290 4435 1465 4512 supplicia,
1482 4439 1515 4499 et
1529 4439 1643 4502 mallei
1656 4443 1880 4517 percutientes
1893 4441 1977 4504 stul-

1182 4529 1293 4590 torum
1308 4533 1547 4608 corporibus.»
1570 4537 1705 4601 Sextum
1731 4540 1882 4600 tenebrae
1897 4544 1973 4615 pct-

1182 4628 1329 4700 podicem
1354 4630 1510 4705 quoniam
1535 4632 1724 4696 dilexerunt
1749 4637 1855 4712 magis
1883 4639 1974 4698 tene-

1183 4723 1272 4796 bras,
1298 4739 1397 4802 quarn
1421 4727 1529 4790 lucem
1546 4727 1670 4810 (ioan,
1686 4734 1715 4805 3,
1743 4731 1807 4812 19).
1835 4734 1974 4811 Sapien-

1184 4899 1364 5024 regionibus,
1387 4903 1435 5028 gui
1454 4911 1498 4962 est
1518 4905 1606 4976 XLll,
1622 4908 1651 4965 in
1670 4906 1737 4966 edit.
1761 4909 1850 4968 llaur.
1872 4911 1971 4976 Paris,

1184 4985 1239 5029 vo.
1258 4972 1281 5039 l,
1297 4973 1351 5029 col.
1370 4973 1381 5028 l

1184 5040 1333 5124 disserens
1346 5047 1476 5102 :rbocus
1488 5042 1589 5116 lenter,
1605 5049 1654 5116 ait,
1666 5049 1694 5105 in
1710 5051 1851 5123 quoignrs
1860 5051 1971 5116 ardens,

1183 5117 1231 5174 ubi
1246 5115 1337 5195 lngus
1348 5115 1456 5188 rigens,
1473 5118 1579 5174 vermis
1593 5120 1772 5188 immortalis,
1796 5121 1878 5178 loetor
1900 5123 1971 5177 into·

1183 5183 1324 5254 lerabilrs,
1338 5185 1432 5242 mallei
1452 5187 1652 5258 percutientes,
1668 5190 1792 5247 tenebrae
1808 5189 1971 5264 palpabiles,

1183 5257 1313 5314 conlusio
1333 5263 1524 5328 peccatorum,
1545 5258 1692 5317 innodatio
1707 5261 1894 5330 vinculorum,
1907 5263 1969 5317 lior·

1184 5328 1279 5384 ribites
1293 5327 1456 5384 demonum
1471 5325 1567 5386 seems.
1584 5349 1596 5378 ι
1619 5332 1654 5387 Et
1669 5337 1766 5388 auctor
1780 5333 1871 5388 Tract.
1887 5344 1968 5402 snpe-

1184 5398 1242 5455 rius
1253 5401 1300 5454 cit.
1309 5396 1412 5452 ibidem
1426 5400 1478 5454 ait:
1489 5419 1500 5448 ι
1510 5398 1590 5455 Unde
1605 5399 1672 5458 illud
1684 5417 1690 5456 :
1701 5402 1829 5470 balteus,
1839 5408 1867 5457 et
1880 5401 1967 5466 iustos

1182 5481 1248 5524 orm
1266 5467 1418 5535 vermibus,
1440 5469 1526 5542 ignis,
1546 5477 1575 5526 et
1595 5470 1686 5542 algor,
1701 5472 1781 5531 visio
1803 5472 1967 5538 daemonica,

1183 5538 1317 5606 tenebrae,
1332 5539 1427 5607 rubor,
1441 5539 1525 5612 ignea
1539 5539 1643 5599 vinela.
1660 5563 1671 5591 ι

1219 5609 1261 5683 (3)
1280 5610 1366 5684 vulg.
1384 5625 1390 5666 :
1408 5616 1543 5668 transeat.

1403 4973 1448 5042 83,
1472 4989 1551 5031 num.
1572 4977 1601 5046 6,
1622 4978 1658 5036 de
1683 4981 1802 5052 regione
1820 4979 1972 5064 gehennali
