4226 6406
339 309 401 374 535

340 467 530 545 conscripta
549 465 711 528 miracula
729 467 1016 530 examinarentur.
1039 469 1136 530 com-

341 567 444 627 missa
457 565 625 641 praecipua
635 564 686 625 rei
701 579 782 628 cura
795 565 918 628 loanni
927 566 969 627 de
979 564 1135 628 Abbatis-

341 662 421 724 villa
443 661 597 723 dioecesis
625 660 861 724 ambianensis
883 663 989 734 callo,
1016 679 1135 724 mona-

341 758 406 820 cho
427 757 653 833 Cluniacensi,
677 759 858 822 exabbate
880 761 1076 822 monasterii
1101 763 1133 822 S.

225 865 227 868 ’
341 855 434 918 Petri
456 856 497 916 de
520 855 751 924 abbatisvilla,
781 873 860 918 mox
885 856 1136 934 archiepiscopo

340 953 530 1030 Bisuntin0,
547 955 703 1032 episcopo
725 954 890 1016 cardinali
910 955 1044 1018 Sabino.
1061 957 1136 1018 Non

341 1053 507 1129 protraxit
515 1051 614 1114 bicin
624 1052 758 1128 longum
769 1068 923 1128 examen,
936 1054 992 1116 sed
1004 1055 1135 1116 instan-

341 1149 430 1210 tibus
445 1149 624 1225 diligenter
644 1149 834 1213 oratoribus
857 1151 1029 1213 Patavinis
1054 1151 1135 1212 bre-

341 1247 417 1308 vius
431 1246 611 1324 expedivit.

383 1344 584 1408 confirmata
596 1360 656 1422 per
666 1345 753 1407 hunc
763 1360 944 1422 processus
952 1335 1136 1420 validitate,

343 1442 779 1514 etmiraculorumveritate,
792 1443 876 1504 nihil
882 1447 952 1521 jam
962 1459 1138 1520 superesse

341 1539 528 1611 videbatur,
541 1540 621 1617 quin
631 1540 672 1602 ad
684 1540 734 1601 rei
749 1540 874 1601 exitum
889 1541 1136 1618 procederetur,

343 1637 411 1698 nisi
430 1636 563 1714 quidam
585 1653 630 1698 ex
650 1638 844 1714 purpuratis
867 1638 1017 1715 patribus
1037 1640 1138 1700 tantae

342 1733 613 1796 canonizationis
641 1735 877 1796 accelerationi
902 1735 1007 1798 semet
1030 1751 1137 1813 oppo-

343 1832 473 1894 nerent.
489 1834 565 1894 Prae
589 1832 719 1894 caeteris
743 1849 828 1894 unus
845 1833 1017 1894 ardentius
1037 1833 1138 1895 tantae

342 1929 549 1992 destinationi
565 1928 814 2006 obloquebatur,
827 1929 932 1992 donec
944 1946 1004 2008 per
1015 1930 1137 2008 hujus-

342 2017 433 2088 m'odi
446 2027 610 2088 somnium
625 2027 659 2088 in
674 2027 814 2088 alteram
830 2027 912 2089 abiit
925 2028 1135 2090 sententiam.

343 2123 444 2186 Visus
456 2124 506 2186 est
518 2123 582 2184 sibi
593 2124 694 2198 clare,
708 2124 792 2186 etad
808 2125 1002 2202 mysterium
1013 2125 1138 2187 vidisse

343 2220 539 2283 Pontificem
553 2219 728 2282 basilicam
744 2221 909 2300 quandam
932 2237 1137 2284 consecran-

343 2318 422 2391 tem,
440 2316 648 2380 adstantibus
661 2318 696 2379 in
710 2319 816 2380 sacris
831 2319 979 2381 vestibus
992 2319 1033 2380 ad
1046 2335 1140 2398 mys-

341 2414 484 2478 teriosos
497 2416 582 2477 ritus
598 2416 835 2490 cardinalibus,
850 2418 949 2494 atque
965 2416 1007 2477 ad
1022 2417 1138 2479 altaris

343 2514 640 2586 consecrationem,
662 2530 722 2591 pro
736 2529 840 2586 more,
864 2513 900 2575 in
920 2515 1035 2576 eodem
1052 2530 1137 2577 con-

342 2609 469 2674 dendas
496 2625 611 2672 sacras
632 2611 794 2688 reliquias
813 2611 950 2688 petitsse
973 2633 982 2672 ε
1008 2613 1042 2674 at
1063 2627 1137 2673 cum

343 2708 446 2769 nullae
475 2708 651 2781 adessent,
682 2709 872 2784 respexisse
906 2709 949 2770 ad
972 2709 1138 2786 quoddam

343 2805 455 2879 funus,
485 2821 545 2866 seu
571 2820 689 2866 recens
715 2804 859 2867 cadaver
884 2805 920 2866 in
948 2807 1137 2883 pavimento

343 2902 419 2966 velo
432 2902 609 2974 obtectum,
630 2903 729 2980 atque
744 2903 888 2980 iussisse
910 2905 946 2965 ut
960 2919 1002 2965 ex
1017 2919 1056 2965 eo
1073 2904 1138 2965 sibi

343 2999 538 3064 afferentur.
555 2999 647 3072 Quod
662 3016 737 3061 cum
753 3001 942 3064 cardinales
962 3001 1139 3064 horrerent

345 3098 546 3175 pertingere,
569 3099 722 3161 verentes
742 3097 916 3159 horridum
931 3099 964 3160 et
982 3099 1136 3175 obriges-

342 3210 423 3257 cens
454 3195 599 3258 cadaver
626 3196 792 3272 aspicere,
818 3195 927 3257 denuo
960 3195 1138 3272 imperavit

344 3292 510 3366 Pontifex,
536 3294 573 3354 ut
596 3292 803 3354 accederent.
832 3293 1135 3370 Discooperierunt,

344 3389 576 3462 attrectarunt,
589 3405 727 3451 suavem
740 3390 876 3451 odorem
889 3390 986 3452 avide
1001 3406 1139 3468 excepe-

343 3488 433 3560 runt,
459 3488 596 3550 Antonii
622 3503 742 3564 corpus
769 3503 843 3549 esse
867 3487 1136 3564 comprobarunt,

343 3585 450 3648 totum
479 3585 514 3646 in
542 3585 704 3663 reliquias
735 3585 894 3646 universa
922 3585 1043 3648 cohors
1068 3585 1139 3646 dis-

343 3682 480 3759 cerpsit,
499 3683 656 3744 universa
674 3682 775 3744 etiam
790 3683 970 3745 Antonium
986 3685 1138 3746 sanctum

343 3779 582 3857 proclamante.
613 3780 874 3858 Expergesaotus
906 3780 1035 3842 intimis
1068 3781 1138 3842 suis

342 3876 507 3940 visionem
526 3877 688 3950 narravit,
710 3878 851 3955 ideoque
868 3877 933 3939 sihi
954 3878 1138 3940 immissam

342 3974 786 4053 utintelligerethntonium,
796 3977 992 4038 Sanctorum
1002 3976 1137 4052 dignum

342 4071 484 4148 honore;
500 4089 603 4150 quare
615 4072 657 4134 ad
667 4073 745 4134 ostii
756 4072 867 4134 limem
876 4075 1013 4134 exeunti
1021 4089 1139 4135 occur-

342 4168 494 4230 rentibus
530 4168 719 4230 oratoribus
754 4169 938 4243 Paduanis,
975 4171 1033 4246 qui
1065 4172 1138 4246 ejus

344 4265 644 4331 contradictionem
662 4265 816 4341 frangere
837 4266 890 4328 vel
909 4265 1060 4330 emollire
1079 4283 1140 4329 cu-

344 4362 499 4441 piebant3
524 4363 633 4440 inquit
654 4378 698 4424 ex
716 4363 864 4438 tempore
887 4385 895 4424 ε
916 4365 990 4424 Non
1011 4366 1061 4426 est
1077 4380 1139 4426 cnr

343 4461 456 4524 multis
471 4473 600 4522 mecum
614 4460 734 4536 agatis,
756 4459 843 4522 alius
860 4463 932 4538 jam
947 4460 1052 4533 evasi,
1066 4464 1139 4524 An·

342 4561 471 4623 tonium
492 4557 643 4621 sanctum
665 4573 739 4620 esse
759 4557 870 4630 credo,
892 4559 925 4620 et
946 4558 1082 4635 dignum
1104 4561 1140 4623 ut

343 4658 488 4722 caelitum
504 4655 716 4718 adscribatur
730 4670 887 4731 numero;
907 4671 974 4718 non
996 4656 1139 4734 amplius

344 4756 550 4826 dissentiam,
565 4754 623 4816 sed
639 4753 845 4815 consentiam
866 4756 938 4830 ejus
954 4755 1139 4816 canoniza-

343 4853 440 4926 tioni,
455 4854 554 4930 atque
574 4852 621 4914 ita
636 4851 803 4928 praestitit,
820 4867 928 4928 neque
947 4852 1036 4914 enim
1051 4851 1140 4912 ullus

344 4949 514 5012 efficacius
526 4965 596 5010 rem
612 4965 742 5011 omnem
758 4949 934 5025 promovit,
947 4949 1038 5010 solus
1051 4949 1140 5010 enim

344 5047 488 5108 aliorum
516 5047 738 5107 cardinalium
765 5045 895 5107 animos
923 5046 1006 5108 adeo
1033 5047 1138 5118 flexit,

345 5143 382 5205 ut
400 5144 436 5205 in
452 5143 583 5220 publico
603 5159 764 5204 consessu
779 5143 1043 5204 canonizationis
1066 5143 1142 5204 lau-

210 5310 214 5317 „
343 5240 475 5305 toribus
504 5241 725 5313 accesserint,
755 5241 789 5302 et
816 5241 905 5302 inter
930 5243 1055 5302 caetera
1076 5241 1141 5318 ipsi

345 5337 493 5400 dixerint
510 5336 664 5398 Pontifici
682 5358 689 5396 :
705 5334 880 5412 Indignum
896 5337 993 5398 valde
1011 5338 1061 5399 est
1080 5353 1141 5400 nos

345 5434 530 5498 beatissimi
556 5433 667 5495 Patris
690 5434 826 5496 Antonii
846 5435 973 5497 meritis
994 5451 1140 5496 venera-

344 5536 472 5598 tionem
486 5530 631 5594 debitam
652 5531 802 5606 interris
817 5532 1025 5605 subtrahere,
1044 5547 1142 5611 quem

812 307 867 368 AD
896 307 1034 369 OPERA
1061 307 1292 372 almachii
1321 307 1510 371 Pandam

1926 309 1991 371 536

1189 469 1317 532 honore
1330 483 1493 532 coronare
1506 469 1542 530 in
1554 466 1659 530 coelis.
1679 465 1773 529 Sicut
1791 469 1881 529 enim
1896 469 1994 531 veri·

1189 567 1250 629 tati
1265 565 1504 628 miraculorum
1522 565 1665 640 cognitae
1685 563 1783 626 fidem
1802 580 1870 627 non
1895 566 1993 627 adhi-

1190 664 1281 736 bere,
1302 664 1442 740 pertidia
1464 663 1515 724 est
1537 683 1544 722 ε
1570 661 1619 723 sic
1639 662 1770 724 meritis
1794 665 1992 726 sanctorum

1190 761 1323 823 laudern
1339 776 1474 836 negare,
1490 773 1597 836 genus
1612 760 1663 821 est
1677 759 1883 822 invidentia.

1231 857 1515 921 concordantibus
1529 857 1642 934 itaque
1658 856 1811 918 omnibns
1830 857 1995 920 cardina·

1190 956 1278 1017 libus
1301 956 1459 1018 statuitur
1480 954 1750 1016 canonizationis
1775 954 1847 1016 dies
1868 955 1994 1032 penul-

1191 1054 1291 1117 timus
1302 1053 1383 1114 Maii
1396 1052 1457 1114 sub
1469 1052 1541 1128 ipso
1554 1051 1638 1114 testo
1648 1052 1913 1125 Pentecostes,in
1923 1069 1993 1130 quo
2096 1059 2097 1066 ’

1193 1151 1318 1229 Spoleti
1338 1151 1552 1213 concurrenti
1574 1164 1618 1210 ex
1636 1149 1750 1213 multis
1773 1151 1913 1227 Europae
1932 1165 1994 1211 re-

1191 1247 1347 1324 gionibus
1366 1247 1545 1309 innumera
1566 1247 1738 1308 hominum
1760 1247 1991 1322 multitudine,

1192 1346 1278 1408 lecta
1304 1347 1382 1406 sunt
1408 1359 1453 1406 ex
1480 1345 1548 1406 alto
1575 1347 1732 1420 suggesto
1759 1359 1872 1405 coram
1896 1344 1992 1408 omni

1192 1443 1314 1520 populo
1324 1443 1408 1517 haec,
1423 1457 1496 1519 quae
1510 1441 1571 1502 sub
1582 1441 1778 1518 compendio
1790 1444 1990 1518 sequuntur,

1192 1542 1225 1602 et
1239 1557 1300 1602 nos
1313 1556 1356 1602 ex
1372 1542 1441 1600 MS.
1458 1538 1573 1602 codice
1587 1539 1791 1600 anconitani
1802 1541 1992 1602 conventus

1193 1639 1328 1700 Patrum
1353 1638 1521 1700 Minorum
1543 1637 1815 1698 conventualium
1834 1638 1992 1713 exscrip-

1193 1736 1298 1797 simus
1310 1735 1485 1796 miracula.
1497 1736 1572 1812 Ipso
1586 1735 1639 1796 die
1655 1750 1719 1810 quo
1731 1737 1763 1794 S.
1779 1734 1851 1796 Viri
1867 1749 1991 1811 corpus

1193 1836 1291 1895 terrae
1307 1832 1500 1895 mandatum
1512 1833 1562 1894 est
1575 1831 1611 1893 in
1626 1832 1777 1893 Ecclesia
1789 1834 1913 1894 sanctas
1930 1831 1992 1894 Dei

1193 1929 1372 1992 cenitricis
1392 1929 1515 1991 mulier
1533 1929 1685 2006 quaedam
1705 1930 1829 1990 cuuiza
1851 1930 1991 1990 nomine

1193 2025 1992 2116 monstruosecontracta,etloedegibbosaatque

1193 2125 1368 2188 incurvata
1381 2124 1566 2201 paululum,
1582 2122 1624 2186 ad
1641 2126 1810 2186 recentem
1824 2123 1992 2185 tumulum

1193 2239 1295 2286 orans
1309 2223 1419 2285 erecta
1432 2222 1571 2298 repente
1583 2221 1715 2284 exilivit
1727 2221 1815 2292 laeta,
1832 2220 1992 2297 persectae

1193 2317 1991 2400 sanitatirestituta.lneademcivitatePatavina

1192 2419 1271 2490 alia,
1294 2417 1462 2479 Richarda
1481 2417 1616 2478 nomine
1637 2415 1758 2491 viginti
1781 2415 1881 2477 annis
1905 2415 1992 2476 adeo
2096 2485 2097 2506 χ

1193 2515 1402 2592 conglobata,
1421 2515 1457 2577 ut
1471 2514 1598 2576 callosa
1613 2513 1757 2591 quadam
1776 2512 1993 2590 copulatione
2096 2507 2097 2522 .

1192 2627 1302 2689 genua
1317 2612 1456 2689 pectori,
1478 2613 1511 2674 et
1529 2611 1630 2688 pedes
1651 2610 1785 2674 natibus
1807 2611 1990 2684 haererent,
2096 2643 2097 2658 .

1193 2709 1291 2772 ducta
1307 2709 1342 2771 in
1358 2709 1444 2771 cella
1459 2709 1641 2786 gestatoria
1662 2708 1716 2770 vel
1736 2708 1922 2785 plaustrulo
1945 2709 1989 2770 ad

1193 2808 1281 2870 iores
1293 2807 1420 2884 templi,
1439 2810 1476 2870 ut
1490 2822 1565 2867 cum
1580 2806 1712 2869 caeteris
1724 2805 1928 2882 pauperibus
1946 2806 1990 2867 ab

1192 2903 1440 2966 introeuntibus
1459 2903 1683 2978 mendicaret3
1704 2903 1782 2964 dum
1802 2903 1992 2965 orationem

1193 3001 1422 3080 praemisisset,
1450 3003 1488 3064 ut
1512 3017 1573 3078 per
1598 3000 1706 3063 sancti
1731 3001 1851 3062 merita
1880 3017 1902 3062 a
1928 3016 1992 3062 suo
2096 3005 2097 3086 l

1194 3101 1281 3162 malo
1305 3099 1516 3170 liberaretur,
1538 3099 1572 3160 et
1588 3098 1760 3176 paululum
1781 3097 1991 3172 dormitaret,
2096 3107 2097 3112 ’

1193 3196 1322 3258 audivit
1334 3195 1426 3256 clara
1437 3210 1518 3258 voce
1530 3194 1593 3256 sihi
1604 3193 1767 3255 inculcari
1780 3193 1853 3256 haec
1864 3193 1969 3256 verba
1982 3215 1990 3254 ε

1193 3297 1241 3356 Da
1260 3294 1388 3370 gratias
1402 3295 1483 3366 Deo,
1507 3292 1586 3369 quia
1609 3307 1669 3368 per
1688 3291 1776 3353 servi
1797 3290 1850 3352 sui
1868 3291 1992 3354 merita

1192 3389 1408 3462 liberaberis,
1436 3391 1470 3452 et
1495 3387 1730 3466 expergefacta
1757 3388 1800 3449 ad
1826 3389 1991 3450 tumultus

1192 3489 1372 3550 multorum
1386 3487 1685 3560 circumstantium,
1694 3485 1991 3564 comitantiumque

1193 3585 1352 3663 puellam,
1371 3601 1443 3662 quae
1459 3585 1552 3662 prius
1566 3583 1716 3660 gibbosa,
1740 3599 1821 3645 sana
1836 3598 1856 3644 e
1875 3584 1992 3660 sepul-

1193 3685 1274 3746 chro
1286 3684 1350 3746 viri
1361 3682 1469 3744 sancti
1481 3681 1558 3744 laeta
1570 3681 1710 3752 redibat,
1720 3680 1829 3742 induit
1840 3680 1991 3742 animum

1193 3784 1240 3854 ut,
1266 3797 1330 3858 quo
1352 3780 1463 3858 posset
1488 3779 1597 3851 modo,
1622 3793 1682 3856 per
1703 3779 1829 3840 terram
1852 3775 1991 3855 reptans

1193 3879 1345 3943 tenderet
1364 3877 1406 3939 ad
1431 3876 1660 3955 sepulchrum,
1685 3875 1872 3953 additaque
1895 3876 1988 3938 vires
2096 3927 2097 3930 ,

1194 3993 1253 4054 per
1265 3975 1451 4054 speciosum
1466 3973 1640 4052 quemdam
1652 3977 1809 4051 juvenem
1822 3973 1859 4034 in
1871 3972 1990 4034 limine
2096 4001 2097 4006 κ

1192 4074 1307 4151 templi
1331 4074 1534 4150 praeeuntem
1553 4074 1588 4134 et
1600 4071 1643 4134 ad
1655 4072 1820 4133 tumulum
1839 4069 1990 4132 invitan-

1192 4173 1271 4244 tem,
1296 4170 1355 4232 sed
1383 4169 1494 4232 statim
1506 4170 1542 4230 in
1561 4169 1630 4231 ictu
1644 4168 1733 4231 oculi
1749 4167 1988 4244 disparentem.

1195 4270 1238 4331 Ut
1251 4267 1393 4331 accessit
1406 4267 1440 4329 et
1451 4266 1570 4338 oravit,
1586 4265 1731 4343 perfecte
1745 4281 1828 4326 sana
1837 4266 1988 4328 recessit.

1194 4366 1269 4428 Alia
1277 4364 1450 4435 Patavina,
1467 4364 1575 4426 Maria
1589 4365 1792 4440 nuncupata,
1802 4363 1844 4424 ad
1855 4361 1992 4424 hortum

1195 4465 1369 4541 paternum
1380 4465 1478 4540 juxta
1490 4461 1613 4524 Brenta
1622 4460 1744 4523 flumen
1757 4475 1777 4522 a
1790 4460 1940 4522 daemone
1955 4451 1992 4521 in

1193 4564 1317 4626 terram
1344 4561 1392 4623 ita
1416 4560 1498 4622 dure
1529 4560 1656 4632 collisa,
1685 4561 1721 4622 ut
1760 4557 1922 4622 vertebrae
1947 4575 1993 4620 ex

1195 4658 1378 4721 coxendice
1415 4656 1694 4731 dissolverentur,
1724 4657 1869 4733 quinque
1891 4657 1992 4717 annis

1195 4755 1343 4832 graviter
1365 4753 1494 4827 dolens,
1522 4752 1562 4814 ad
1585 4755 1657 4829 ejus
1673 4751 1887 4828 sepulchrum
1906 4767 1993 4813 con-

1194 4851 1311 4914 valuit.
1335 4851 1546 4912 Marcoaldus
1561 4849 1651 4912 ruris
1674 4849 1828 4911 Patavini
1840 4848 1892 4910 vir
1907 4865 1995 4910 uxo·

1195 4965 1267 5010 rem
1285 4949 1410 5010 Gislam
1431 4948 1635 5009 contractam
1645 4961 1689 5007 ex
1700 4945 1866 5008 desiccato
1881 4961 1994 5020 crure,

1196 5050 1229 5110 et
1240 5047 1353 5108 nervis
1366 5045 1530 5108 restrictis
1544 5060 1630 5122 equo
1643 5045 1834 5120 impositam
1846 5043 1888 5104 ad
1903 5043 1995 5105 idem
2096 5031 2097 5106 ἶ

1196 5145 1291 5206 duxit
1314 5142 1538 5221 sepulchrum,
1556 5141 1613 5203 sed
1635 5141 1779 5218 peditem
1795 5155 1912 5202 sanam
1938 5157 1997 5201 re-
2096 5147 2097 5180 ³

1197 5243 1301 5304 duxit.
1330 5244 1441 5316 Agnes
1467 5240 1579 5318 puella
1598 5239 1724 5301 trienni
1743 5238 1871 5300 vomitu
1897 5237 1997 5299 labo-

1196 5355 1291 5414 rans;
1306 5353 1413 5415 neque
1434 5337 1470 5399 in
1485 5336 1666 5400 ventriculi
1681 5335 1795 5412 spacio
1815 5335 1997 5412 quicquam

1196 5437 1312 5498 valens
1339 5435 1505 5509 retinere,
1532 5435 1669 5496 omnino
1695 5433 1879 5510 syntectica
1909 5449 1998 5508 pene

1197 5531 1381 5606 deficiebat,
1399 5532 1581 5595 intercluso
1591 5533 1660 5608 jam
1675 5531 1809 5607 gutture
1824 5530 1883 5592 vix
1897 5530 1998 5607 quid-

345 5631 506 5697 Dominus
528 5629 716 5708 majestatis
734 5629 890 5706 dignatus
910 5632 961 5692 est
984 5630 1091 5707 gloria
1111 5633 1144 5694 et
1198 5646 1297 5709 quam
1312 5629 1366 5694 vel
1385 5628 1522 5697 sorbere
1543 5627 1682 5705 poterat,
1700 5627 1805 5690 donec
1817 5625 1859 5688 ad
1881 5626 1999 5704 sepul-
