4204 6402
324 273 381 333 751
747 278 779 334 S.
808 277 982 336 ANTONll
1011 277 1198 338 PADUANI
1227 279 1364 340 OPERA
1392 279 1539 340 OMNIA.
1901 281 1964 340 752

318 432 403 510 quod
415 448 527 510 ‚nequa
537 433 747 510 principium,
765 450 870 511 nequa
883 434 1110 497 tinemearum
1167 435 1380 511 impediatur,
1405 439 1438 498 et
1451 438 1621 512 gravatur,
1637 443 1713 498 cum
1728 435 1828 500 exeat
1839 453 1966 500 onera-

317 531 481 606 possimus
497 545 688 606 agnoscere.
698 534 776 602 Quae
787 533 951 607 impositae
960 536 1037 594 sunt
1047 533 1112 595 col·
1166 533 1220 593 tus
1232 549 1241 606 ;
1255 533 1312 593 sed
1328 548 1483 608 egressus
1503 535 1622 594 onerat
1642 549 1679 594 se
1698 536 1786 610 apte.
1812 535 1905 596 Sicut
1929 536 1965 595 in

318 627 350 687 lo
365 627 494 697 nostru,
510 642 551 688 ue
566 629 784 703 possimusad
805 632 907 690 Deum
928 631 1110 707 respicere.
1145 629 1221 690 .die
1243 628 1371 691 sabbati
1389 632 1476 690 mala
1498 645 1600 690 onera
1623 631 1665 691 de
1687 630 1785 692 domo
1805 633 1907 709 ejicit,
1931 633 1968 694 et
2088 631 2089 634 ’

318 724 454 795 Quibus,
480 726 576 800 quasi
599 728 677 801 iugo
698 730 853 803 peccator
876 726 1047 803 premitur,
1070 743 1112 787 ne
1167 727 1280 801 portas
1300 727 1419 803 aperit,
1434 727 1491 803 qui
1516 728 1781 803 praeconceptam
1801 728 1967 804 iniquita-

318 820 358 880 ad
374 823 498 882 aeterna
513 822 675 897 erigatur,
687 823 743 884 sed
760 824 867 884 solum
881 823 1030 885 attendat
1043 825 1114 885 ter·
1167 823 1281 883 tamin
1300 821 1416 883 diebus
1439 823 1567 884 festivis
1590 839 1691 900 opere
1712 824 1866 900 complet.
1888 825 1968 886 Dies
2088 823 2089 836 ³

276 951 279 959 ,
318 919 534 996 renadquo
554 923 636 996 jugo
660 920 796 980 liberari
817 937 885 982 non
905 922 1023 997 potest,
1047 919 1112 980 nisi
1168 918 1298 980 sabbati
1320 923 1370 980 est
1391 921 1460 982 vita
1481 936 1647 999 praesens,
1667 936 1742 997 quae
1758 921 1965 983 sanctificari
2088 955 2089 962 ,

318 1019 406 1078 Deus
421 1031 554 1078 manum
567 1032 661 1078 suam
680 1020 843 1094 apponat;
862 1019 948 1079 unde
961 1017 1045 1078 bene
1060 1033 1115 1077 se-
1168 1015 1264 1078 debet
1278 1033 1297 1078 a
1309 1016 1405 1078 nobis
1417 1017 1697 1094 perferiationem
1707 1019 1797 1087 mali,
1813 1019 1901 1096 quod
1917 1019 1969 1079 est

320 1114 433 1191 quitur
449 1136 456 1174 ε
472 1115 568 1176 Dedit
580 1131 631 1175 me
645 1116 806 1176 Dominus
821 1115 855 1176 in
870 1131 984 1189 manu,
998 1116 1038 1176 de
1049 1131 1114 1191 qua
1169 1114 1302 1175 servile·
1316 1129 1409 1190 opus,
1424 1115 1457 1176 et
1484 1130 1545 1191 per
1560 1115 1789 1190 operationem
1805 1115 1885 1176 boni
1904 1137 1912 1175 ι
1930 1118 1968 1176 ln

318 1227 385 1272 non
401 1213 515 1288 potero
531 1227 680 1288 surgere.
1069 1219 1072 1228 '
1169 1227 1233 1286 qua
1248 1213 1380 1272 nonest
1393 1211 1564 1272 terendum
1587 1227 1672 1272 onus
1691 1211 1818 1288 peccati
1831 1213 1873 1273 ad
1887 1213 1966 1273 aui·

361 1309 517 1385 Sequitur
529 1326 537 1364 ε
549 1310 644 1370 Sicut
654 1324 741 1370 omits
750 1324 859 1385 proce
870 1309 1115 1385 pruaataesuut
1170 1322 1255 1366 mam
1270 1325 1330 1384 per
1343 1309 1456 1384 portas
1480 1323 1639 1368 sensuum
1659 1312 1868 1382 nostrorum
1882 1309 1970 1370 alio·

319 1421 427 1479 suuper
451 1421 517 1468 me.
547 1408 594 1466 De
622 1407 685 1466 boc
711 1421 814 1466 onere
842 1406 923 1467 dicit
950 1406 1114 1468 Jeremias
1170 1405 1249 1480 quin
1264 1405 1484 1467 succendetur
1508 1405 1596 1480 iguis
1616 1405 1779 1480 gebenuae
1801 1406 1838 1466 ln
1862 1407 1970 1482 portis

321 1501 385 1580 (17,
401 1503 455 1580 27)
471 1523 477 1562 :
495 1520 512 1562 ‹
529 1503 564 1563 Si
586 1505 696 1564 autem
716 1519 782 1564 non
800 1504 974 1565 audieritis
994 1519 1058 1576 me,
1079 1506 1116 1564 ut
1169 1501 1366 1572 Jerusalem,
1381 1503 1414 1562 et
1426 1501 1598 1563 devorabit
1613 1517 1745 1579 corpus,
1755 1503 1789 1564 et
1804 1502 1965 1564 animam.

320 1599 534 1661 sanctificetis
563 1600 655 1660 diem
679 1598 827 1668 sabbati,
850 1601 884 1662 et
910 1616 951 1662 ne
977 1601 1115 1676 portetis
1170 1600 1306 1674 Oportet
1339 1614 1435 1674 ergo,
1471 1602 1508 1660 ut
1541 1599 1689 1662 breviter
1722 1599 1967 1676 intelligamus.

320 1713 416 1769 onus,
439 1699 472 1758 et
485 1713 527 1758 ne
543 1697 695 1758 inieratis
718 1713 777 1774 per
796 1699 909 1773 portas
929 1698 1115 1759 Jerusalem
1171 1699 1279 1756 Onera
1302 1695 1337 1756 in
1359 1695 1530 1757 sabbatum
1551 1699 1672 1773 portat,
1694 1697 1799 1773 quiin
1814 1697 1868 1758 die
1883 1697 1968 1758 testo

319 1795 355 1855 in
372 1795 426 1855 die
445 1794 585 1865 sabbati,
610 1795 809 1855 succendam
834 1795 995 1870 ignomin
1011 1794 1116 1870 portis
1171 1795 1343 1868 paccatum
1376 1793 1557 1870 pessimum
1589 1795 1732 1869 portat:
1763 1809 1823 1871 per
1854 1797 1970 1871 portas

321 1895 404 1967 ejus,
422 1894 454 1952 et
468 1890 641 1953 devorabit
663 1892 776 1952 domos
791 1892 989 1959 Jerusalem,
1003 1893 1035 1952 et
1050 1905 1115 1952 non
1170 1889 1369 1961 Jerusalem,
1393 1889 1449 1967 qui
1471 1890 1656 1952 ministerio
1676 1905 1835 1953 sensuum
1850 1891 1968 1952 eodem

321 1988 544 2062 extinguetur.
557 2006 574 2047 a
585 1989 661 2048 Dies
673 1988 802 2049 sabbati
813 1989 864 2048 est
875 1989 944 2050 tota
955 1989 1024 2050 vita
1035 2004 1117 2064 prae·
1171 1985 1224 2046 die
1237 1985 1397 2063 peccandi
1410 1986 1555 2062 concipit
1566 1988 1771 2049 voluntatem
1784 2009 1791 2047 :
1804 1991 1852 2048 Do
1863 1988 1969 2048 domi·
2088 2033 2089 2038 η

323 2086 451 2146 sens'in
470 2101 536 2160 qua
555 2085 941 2162 debemus‚quiescerea
958 2085 1114 2161 peccatis.
1147 2082 1231 2143 xbus
1257 2084 1326 2144 suis
1350 2085 1453 2161 ejicit,
1475 2084 1532 2161 qui
1557 2099 1597 2146 eo
1622 2084 1676 2146 die
1699 2088 1970 2162 praeconceptam
2088 2129 2089 2166 ,

321 2182 506 2244 Jerusalem
523 2182 619 2244 debet
632 2198 706 2243 esse
721 2181 876 2259 quaelibet
888 2183 1011 2242 anima.
1029 2185 1115 2244 Por·-
1171 2181 1315 2256 complet
1341 2182 1567 2259 iniquitatem
1591 2186 1698 2259 cujus,
1728 2184 1881 2259 inquam,
1902 2183 1971 2242 do-

321 2283 363 2340 tae
387 2282 459 2356 ejus
488 2283 565 2340 sunt
590 2295 708 2342 sensus
741 2280 905 2356 corporei.
933 2282 1014 2340 item
1042 2277 1115 2357 (1):
1172 2295 1272 2350 mum,
1300 2279 1387 2340 idest
1413 2279 1652 2341 conscientiam
1678 2278 1854 2340 devorabit
1875 2280 1969 2354 iguis

321 2377 656 2438 «Custoditeauimas
666 2379 807 2449 vestras,
818 2379 850 2438 et
865 2376 968 2438 nolite
983 2379 1117 2453 portare
1171 2375 1344 2450 gebanuae,
1368 2376 1425 2453 qui
1445 2392 1511 2437 non
1531 2375 1756 2452 extinguetur.
1770 2375 1888 2438 Simile
1906 2377 1971 2436 ba-

325 2474 472 2552 pondera
491 2474 526 2534 iu
546 2474 600 2535 die
628 2474 768 2545 sabbati,
796 2489 856 2534 neo
884 2473 1035 2535 inieratis
1058 2490 1118 2550 per
1171 2472 1229 2532 bes
1244 2472 1471 2543 deNebemia,
1486 2471 1596 2548 quide
1610 2473 1723 2548 pueris
1741 2472 1810 2532 suis
1835 2472 1970 2532 consti-

322 2573 434 2648 portas
449 2572 645 2632 Jerusalem.
663 2572 702 2630 Et
714 2571 816 2631 nolite
828 2571 950 2647 ejicere
965 2571 1117 2631 onerade
1171 2570 1234 2631 tuit
1243 2585 1343 2646 super
1350 2572 1463 2646 portas
1472 2570 1673 2642 Jerusalem,
1686 2571 1724 2630 ut
1734 2575 1847 2632 uutttts
1861 2572 1971 2643 truser-

324 2669 475 2729 domibus
498 2669 618 2729 vestris
641 2667 675 2726 in
698 2668 751 2728 die
765 2667 905 2728 sabbati.
922 2669 1037 2736 »Tota
1049 2668 1117 2728 vita
1171 2667 1226 2726 ret
1234 2671 1364 2728 onrmtu
1379 2670 1433 2728 dte
1444 2669 1574 2729 sabbati
1586 2665 1647 2745 (4).

323 2780 470 2843 praeseus
486 2765 622 2825 cuilibet
636 2763 806 2824 sabbatum
832 2762 927 2824 debet
940 2780 1024 2834 esse,
1039 2765 1116 2840 quia
1148 2847 1149 2850 Ἴ
1212 2767 1257 2826 De
1277 2765 1339 2824 boc
1358 2764 1459 2826 etiam
1479 2779 1580 2826 onere
1604 2764 1685 2828 dicit
1706 2763 1812 2826 lsaias
1827 2763 1893 2843 (58,
1909 2764 1943 2843 6)
1959 2785 1970 2824 ε

323 2877 383 2940 per
405 2865 509 2924 totam
540 2862 641 2922 vitam
675 2861 871 2936 praesentem
897 2859 1115 2932 sabbatizare,
1172 2861 1362 2922 «Dissolve
1399 2861 1629 2938 colligationes
1660 2860 1874 2937 iniquitatum
1902 2859 1970 2940 (5),
2088 2865 2089 2910 l

323 2959 409 3020 idest
432 2975 452 3020 a
475 2959 566 3020 vitiis
586 2957 743 3019 debemus
766 2973 895 3029 cavere,
913 2960 946 3019 et
971 2971 1114 3019 cessare.
1174 2957 1266 3020 solve
1287 2957 1465 3019 fasciculos
1489 2958 1754 3034 deprimentes.»
1774 2957 1971 3020 Dissolvere
2088 2967 2089 3036 ᾗ

285 3109 288 3125 ,
322 3056 386 3118 Sed
411 3057 500 3130 nota,
520 3055 607 3132 quod
631 3057 708 3116 sunt
731 3070 834 3116 onera
857 3055 966 3129 bona3
992 3055 1079 3115 unde
1108 3075 1116 3114 :
1173 3054 1334 3131 siquidem
1358 3055 1514 3116 debemus
1542 3055 1773 3130 colligationes
1797 3055 1966 3131 iniquita-

322 3157 475 3230 «Jugum
497 3169 607 3215 meum
634 3153 685 3214 est
712 3167 826 3225 suave,
852 3155 885 3214 et
904 3167 988 3213 onus
1009 3167 1117 3212 meum
1172 3152 1252 3222 tum,
1284 3152 1370 3214 idest
1398 3152 1559 3224 cautelas,
1589 3154 1622 3214 et
1649 3152 1970 3228 circumspectiones
2088 3195 2089 3228 g

322 3252 396 3312 leve
416 3250 475 3329 (2).
502 3252 581 3311 Haec
606 3249 696 3310 enim
720 3265 823 3312 onera
853 3249 994 3326 quodam
1021 3249 1119 3310 modo
1172 3251 1395 3324 peccatorum,
1425 3251 1459 3310 et
1482 3248 1612 3310 solvere
1637 3249 1816 3311 fasciculos
1851 3249 1969 3326 depri-
2088 3249 2089 3304 l

323 3349 466 3410 onerant
478 3347 658 3418 bominem,
682 3350 715 3408 et
737 3361 797 3422 per
820 3348 924 3408 totum
945 3345 1117 3406 sabbatum
1172 3349 1310 3406 mentes.
1324 3347 1434 3418 Scitis,
1451 3345 1537 3423 quod
1553 3345 1644 3421 ligna
1660 3346 1759 3406 simul
1774 3345 1917 3416 calcata,
1933 3349 1970 3408 et

320 3447 398 3507 vitae
420 3446 468 3506 ita
487 3446 564 3505 sunt
587 3444 759 3520 portanda,
779 3443 865 3520 quod
887 3460 954 3504 non
974 3443 1042 3504 siut
1054 3444 1119 3503 ins·
1173 3444 1207 3504 iu
1222 3443 1314 3503 fasce
1329 3442 1432 3518 ligata
1445 3459 1511 3502 non
1525 3447 1686 3520 apparant
1699 3446 1747 3504 tot
1761 3444 1796 3504 in
1811 3459 1967 3514 numero,

322 3543 452 3613 labilia,
474 3544 506 3603 et
521 3542 618 3612 levia,
635 3541 702 3602 imo
722 3541 789 3602 siut
808 3543 923 3602 contra
947 3541 1118 3618 paccatum
1173 3543 1253 3617 quot
1275 3539 1347 3616 ipsa
1367 3541 1453 3601 sunt.
1471 3542 1511 3602 Et
1524 3542 1660 3616 peccata
1682 3540 1837 3600 similiter
1852 3557 1968 3617 quan·
2088 3587 2089 3608 ,

321 3641 450 3717 gravia.
472 3641 511 3701 nt
532 3655 591 3716 per
612 3639 717 3700 totum
741 3637 914 3699 sabbatum
936 3639 1015 3698 vitae
1032 3653 1119 3714 prae·
1173 3637 1229 3698 diu
1254 3637 1326 3714 ipsa
1346 3637 1449 3714 ligata
1469 3642 1556 3709 sunt,
1573 3652 1639 3698 uon
1653 3639 1876 3714 apparenttot
1897 3654 1969 3698 nu-

322 3739 426 3801 aentis
441 3739 488 3798 ita
514 3739 591 3799 sunt
610 3735 782 3814 portanda,
802 3735 888 3813 quod
910 3751 976 3796 uon
997 3735 1064 3798 sint
1077 3735 1119 3795 de
1173 3749 1275 3806 mero,
1286 3737 1365 3811 quot
1379 3738 1467 3806 sunt,
1482 3735 1546 3794 nisi
1559 3751 1618 3812 per
1633 3733 1876 3796 contessionem
1898 3734 1971 3796 sol·

321 3835 483 3906 domibus,
520 3837 678 3912 tanquam
723 3833 904 3904 cadavera,
941 3833 1115 3908 ejicienda.
1173 3836 1310 3907 vantur3
1335 3835 1368 3894 et
1392 3835 1472 3894 tuuc
1510 3849 1585 3893 cum
1610 3833 1718 3894 soluta
1748 3835 1835 3906 sunt,
1860 3835 1967 3894 multa
2088 3837 2089 3908 ξ

322 3937 402 3996 item
418 3935 496 3994 sunt
514 3947 616 3993 onera
637 3931 735 4002 mala,
748 3931 789 3990 de
803 3930 921 4006 quibus
934 3945 1034 4005 supra
1048 3929 1119 3990 dio-
1172 3932 1343 4007 apparent.
1356 3933 1436 3992 Item
1451 3945 1535 3992 onus
1551 3931 1669 4006 gravat
1683 3931 1869 4002 humerum,
1887 3931 1968 3991 dum
2088 3931 2089 3970 l

320 4035 390 4094 tum
409 4030 459 4092 θεῖ
472 4031 590 4092 :Stcut
615 4045 702 4090 ortus
722 4043 830 4104 grace
855 4028 1013 4102 arcuata
1037 4027 1118 4088 aaut
1173 4027 1253 4088 illud
1272 4029 1403 4103 portat:
1427 4027 1456 4087 si
1471 4028 1582 4088 autem
1594 4027 1764 4088 vinculum
1777 4030 1971 4102 rumpatur,-

320 4143 505 4202 suparmc.
528 4130 607 4188 Haec
631 4123 846 4202 prohibemur
869 4125 1003 4199 portare
1020 4125 1117 4200 juxta
1173 4140 1258 4184 onus
1275 4125 1479 4195 dissolvitur,
1497 4140 1558 4186 nec
1577 4123 1733 4200 deinceps
1745 4127 1865 4200 gravat
1877 4139 1968 4186 eum.
2088 4157 2089 4160 =

322 4225 405 4287 illud
430 4223 578 4301 epistolae
606 4223 703 4283 Pauli
726 4221 766 4282 ad
789 4221 948 4282 Hebraeos
967 4220 1030 4298 (12,
1058 4219 1116 4297 1):
1174 4221 1324 4282 Siconus
1346 4219 1858 4298 peccati,siparcoutessionem
1872 4237 1971 4281 rum-
2088 4265 2089 4316 ἐ

321 4340 341 4383 c
357 4329 575 4396 Depouurmts
590 4317 634 4398 (3)
648 4333 749 4380 omne
763 4322 906 4393 pondus,
924 4319 957 4379 et
969 4321 1119 4378 circum·
1174 4320 1270 4393 patur
1285 4321 1357 4395 ejus
1372 4318 1552 4389 vinculum,
1575 4333 1659 4378 onus
1681 4317 1887 4389 dissolvitur,
1905 4333 1968 4379 nec

321 4421 490 4482 storesuos
500 4417 722 4493 paccatum.»
737 4417 806 4477 Nec
824 4414 980 4475 debemus
994 4412 1118 4474 inferre
1173 4415 1327 4491 deinceps
1346 4415 1498 4490 gravabit
1512 4415 1692 4475 bominem.
1712 4417 1800 4476 Bene
1812 4429 1895 4490 ergo
1908 4415 1966 4474 di·
2088 4455 2089 4476 2

322 4534 406 4581 onus
429 4532 487 4594 per
502 4517 614 4592 portas
628 4514 814 4575 Jerusalem
834 4511 1019 4572 ministerio
1035 4525 1117 4570 sen·
1148 4543 1149 4546 =
1173 4513 1218 4574 cit
1234 4533 1241 4572 :
1260 4513 1359 4574 Solve
1374 4511 1554 4574 fasciculos
1562 4511 1798 4589 deprimentes.

323 4633 431 4687 stium,
461 4614 517 4692 qui
554 4612 631 4672 sunt
664 4611 767 4688 portae
802 4607 1000 4678 Jerusalem,
1031 4607 1118 4668 idest

321 4713 442 4776 mentis
453 4711 618 4774 vanitates
634 4723 700 4768 uon
715 4706 872 4768 debemus
886 4705 1073 4781 concipere,
1085 4705 1119 4764 et
1432 4717 1572 4778 gpfflqo
1591 4703 1704 4777 LXXI·

321 4811 417 4889 quasi
442 4809 483 4872 de
503 4809 600 4885 pleno
628 4805 718 4867 roma
744 4803 903 4876 haurire;
932 4816 994 4862 nec
1014 4817 1117 4862 onera

322 4909 479 4969 debemus
494 4905 616 4982 ejicere
631 4902 783 4963 dedomo
798 4900 911 4960 nostra
926 4899 961 4958 in
977 4897 1030 4958 die
1043 4897 1119 4958 sab·
2088 4937 2089 4948 ,

322 5006 403 5076 bati,
420 5003 483 5064 boc
498 5004 558 5074 est,
575 5013 694 5062 cavera
710 4998 877 5070 debemus,
894 5011 936 5056 ne
947 5011 1031 5056 onus
1046 5011 1119 5072 pra·
1171 4973 1284 5032 Ᾰῃῑῑθῑ
1297 4972 1597 5046 mebettiffloei'mt
1614 4974 1694 5042 mei,
1712 4974 1967 5032 advertimini&
2088 5007 2089 5044 l

322 5119 373 5163 vae
387 5099 597 5176 cogitationis
608 5095 746 5174 prodeat
760 5096 795 5157 in
808 5111 901 5171 opus.
916 5095 1013 5164 Nota,
1030 5093 1117 5170 quod
1213 5068 1590 5144 “W'‘Ot't'lttmvfflt’tta
1606 5070 1640 5130 ⁶5
1658 5068 1841 5130 Metum-
1860 5067 1901 5148 (Ρ
1903 5067 1964 5129 ⁸³¹·

294 5201 422 5260 ‘bomo
440 5196 559 5268 votens
581 5193 734 5270 expedite
758 5205 944 5269 supponere
961 5190 1117 5250 humeros
1212 5163 1346 5243 37,12.)
2088 5243 2089 5250 ¹

323 5311 403 5358 suos
413 5293 508 5356 oneri
521 5290 693 5369 portando,
710 5290 803 5368 prius
817 5289 888 5351 exit
902 5287 1063 5360 dedomo,
1075 5302 1117 5348 ne
1212 5291 1247 5348 ln
1264 5287 1326 5348 boc
1340 5303 1442 5349 versu
1454 5288 1669 5364 conqueritur
1681 5287 1721 5349 de
1733 5287 1777 5348 iis
1789 5290 1961 5360 Dominus,
2088 5279 2089 5306 ²

359 5453 470 5522 (liter.
484 5453 527 5522 li,
542 5449 575 5506 il
589 5455 616 5505 et
630 5448 674 5506 22.
1207 5443 1355 5516 (affigam
1369 5446 1412 5527 qq,
1426 5443 1469 5528 qo,
1504 5515 1509 5528 Ι

359 5527 401 5668 gt
417 5519 700 5666 ῗῖίιῗῖῑὲὴᾱὲῗῖθιῗὲῃῖθε.
1206 5515 1246 5586 (5)
1268 5517 1355 5588 Vulg.
1372 5521 1536 5587 impietatis.

1172 4846 1272 4904 Contra
1284 4845 1416 4916 Clericus,
1424 4847 1472 4922 qui
1482 4845 1517 4902 de
1532 4846 1632 4903 amicis
1643 4844 1709 4902 lacti
1723 4851 1789 4904 sunt
1798 4844 1966 4903 adversarii.
2088 4879 2089 4932 3
