4114 6396
93 297 175 365 1013
473 302 581 369 Plus
612 301 756 365 PRIMA.
772 301 1046 364 -axrost'rlo
1078 301 1122 364 IN
1154 301 1354 374 PSALMOS.

1652 303 1729 369 loll

93 459 240 530 thracius
253 458 330 522 Filii
345 459 415 538 Dei.
425 458 680 523 Thronussedes
689 457 812 536 judicis
826 448 888 533 e'st,
943 459 1014 522 est:
1032 457 1087 522 hic
1097 459 1148 522 est
1158 461 1341 534 colonceli,
1356 458 1609 537 quiabomtnus
1620 460 1671 524 est
1683 461 1735 524 te·
1806 456 1809 465 '

92 555 194 632 etqui
209 555 301 620 sedet
313 556 347 616 in
360 557 493 628 throno,
510 571 545 618 se
558 555 714 621 humiliat
728 571 747 618 a
759 556 887 618 stature
924 571 1030 620 ¹cruror.
1047 556 1250 632 Sanguinem
1267 556 1413 632 stringit,
1429 556 1508 632 quin
1530 557 1603 632 ipsa
1624 557 1732 620 male-

92 669 178 714 sua:
205 653 254 714 sio
288 652 438 715 Christus
467 668 504 712 se
528 652 719 715 humiliavit
736 656 889 728 sormam
943 652 1135 726 dictionem,
1161 669 1234 729 quse
1260 654 1375 730 primae
1400 653 1533 714 mulieri
1557 654 1644 716 iacta
1668 655 1730 725 est,

91 753 192 812 servi
215 753 386 824 accipiens
416 749 552 827 (Rhilip.
575 751 606 822 2,
622 749 668 828 7),
685 750 720 810 in
736 765 802 826 qua
816 748 888 826 ipse
943 749 1090 822 abstulit,
1108 751 1141 812 et
1154 750 1312 812 immunis
1336 749 1378 810 ab
1398 764 1438 811 ea
1458 750 1535 824 luit,
1552 750 1639 826 quod
1661 749 1734 812 face

92 845 266 908 exercebit
289 846 507 923 judiciariam
526 847 733 923 potestatem.
759 849 806 908 De
823 845 888 906 hoc
942 847 1012 908 tum
1027 845 1232 923 astruendo
1244 847 1429 909 dictumest
1441 847 1734 912 eizaenectctatu

91 943 218 1005 throno
241 942 322 1005 dicit
335 944 498 1006 ieremias
519 941 582 1022 (14,
598 941 673 1021 21);
690 942 887 1018 ‹Soliiglo·
942 946 1205 1018 tumularibam
1216 946 1254 1006 Et
1265 944 1315 1006 sic
1326 944 1481 1006 restricta
1496 943 1732 1020 suntpeccata.

91 1036 232 1099 riaetuae
247 1036 437 1108 recordare,
454 1038 489 1097 et
503 1051 546 1096 ne
559 1036 692 1100 irritum
706 1035 811 1097 iacias
827 1035 889 1096 sm-
942 1039 1154 1102 Medicinalis
1174 1040 1237 1108 est,
1261 1041 1349 1116 quod
1366 1040 1554 1102 ostenditur
1575 1055 1635 1116 per
1653 1039 1728 1108 hoc.

91 1133 158 1194 dus
172 1135 264 1197 tuum
280 1133 462 1208 nobiscum,
480 1132 564 1194 Solii
577 1132 694 1210 gloria
705 1133 782 1204 tuae,
803 1132 889 1198 idest
943 1136 1028 1213 quod
1045 1137 1216 1214 sequitur:
1232 1138 1277 1198 lit
1291 1137 1485 1200 benedictus
1497 1137 1633 1210 bactrus
1654 1150 1734 1198 vert·

92 1229 276 1302 Genitricis
302 1232 379 1304 tuae,
396 1245 470 1307 qnae
491 1229 555 1292 tuit
579 1229 699 1292 solium
714 1230 818 1302 tuum,
833 1245 889 1292 re-

94 1325 257 1389 cordare:
273 1327 342 1388 «Et
354 1341 395 1388 ne
413 1325 544 1388 irritum
558 1324 663 1387 iacias
679 1325 785 1388 ioedus
795 1328 888 1398 tuum

94 1423 316 1492 nobiscum.»
353 1439 395 1484 ne
418 1423 525 1484 foedus
550 1423 887 1495 misericordiarum

95 1521 183 1598 quod
207 1519 380 1582 nobiscum
394 1520 551 1598 pepigisti
570 1520 769 1582 assumendo
785 1523 888 1584 natu·

93 1633 168 1678 ram
182 1619 341 1688 nostram,
366 1619 546 1681 evacuetur
563 1639 571 1678 ε
588 1618 645 1678 sed
660 1634 719 1696 per
730 1617 890 1685 recorda-

94 1715 223 1776 tionem
250 1715 431 1776 Genitricis
464 1715 530 1779 tua
559 1714 656 1776 nobis
682 1715 887 1778 miserearis.

96 1811 192 1874 Unde
203 1811 359 1873 ieremias
376 1810 441 1890 (17,
458 1813 496 1874 12
508 1813 542 1872 et
555 1810 608 1891 13)
624 1833 632 1872 ι
648 1813 803 1874 «Solium
815 1813 890 1888 glo-

94 1908 157 1968 riae
181 1908 368 1970 altitudinis
393 1924 412 1968 a
434 1908 610 1985 principio,
627 1909 720 1969 locus
744 1909 890 1970 sanctiti-

96 2003 242 2068 cationis
268 2007 402 2076 nostrae,
429 2005 617 2083 expectatio
642 2005 791 2066 Israel.»
814 2008 889 2082 ipsa

92 2099 193 2164 beata
208 2103 311 2178 Virgo
326 2104 376 2164 est
390 2102 511 2168 solium
527 2103 713 2164 altitudinis
721 2117 748 2184 a
762 2103 890 2179 princi-

94 2198 171 2274 pi03
189 2199 294 2262 Filius
320 2215 339 2259 a
355 2201 465 2271 Patre,
481 2201 575 2276 cujus
591 2199 711 2262 solium
726 2201 777 2262 est
792 2198 888 2261 beata

93 2295 210 2370 Virgo.
225 2297 298 2374 lpse
311 2297 362 2357 est
372 2295 887 2370 locussanctificationisnostrae,

96 2407 139 2453 eo
154 2395 232 2470 quia
243 2393 279 2454 in
305 2393 377 2469 ipsa
392 2392 548 2454 inchoata
571 2392 633 2454 luit
654 2393 886 2468 nostrasalus;

97 2492 304 2564 superlatio
319 2495 446 2564 irruet·
462 2489 550 2551 hano
565 2490 654 2552 enim
669 2490 890 2569 expectabant

98 2588 214 2650 Sancti
238 2603 363 2649 omnes
390 2587 573 2659 Ezechielis
602 2586 713 2667 (1,2o)
731 2608 738 2648 ι
755 2590 889 2664 «Super

56 2747 60 2754 ,
94 2683 352 2757 firmamentum,
379 2684 465 2761 quod
494 2685 566 2746 erat
592 2685 771 2755 imminens
787 2685 890 2761 capiti

93 2797 223 2856 eorum,
241 2783 336 2858 quasi
352 2783 504 2859 aspectas
524 2782 645 2859 lapidis
661 2782 820 2860 sapphyri
835 2783 888 2852 si-

94 2878 251 2939 militudo
274 2878 388 2950 throni
416 2900 424 2938 ε
453 2880 486 2942 et
511 2894 611 2955 super
634 2878 889 2941 similitudinem

93 2975 221 3048 throni,
233 2975 416 3038 similitudo
432 2977 527 3053 quasi
542 2978 696 3053 aspectus
712 2975 889 3036 hominis.»

93 3075 162 3134 Per
176 3072 417 3134 firmamentum
428 3074 572 3148 Angelos
583 3072 813 3149 intelligimus.
832 3075 889 3134 Su·

93 3185 156 3246 per
186 3169 273 3231 istud
300 3171 543 3242 firmamentum
570 3173 623 3232 est
650 3169 746 3232 beata
772 3169 886 3246 Virgo,

95 3267 271 3342 propterea
286 3267 375 3340 enim
401 3268 549 3332 exaltata
571 3268 742 3344 estsuper
768 3267 889 3331 choros

93 3363 891 3440 angelorumquecomparatursapphyroprop·

94 3463 148 3522 ter
172 3461 246 3527 tria.
263 3459 469 3537 Sapphprus,
486 3477 560 3524 cum
576 3461 784 3536 inspicitura
804 3461 887 3532 sole,

93 3557 226 3623 stellam
240 3557 398 3628 ostehdit,
411 3560 444 3618 et
457 3572 612 3621 serenum
624 3556 724 3619 hahet
731 3556 887 3627 colorem,

95 3655 226 3718 scilicet
249 3670 373 3718 aereum
389 3676 397 3714 r
416 3654 552 3730 stringit
575 3654 773 3729 sanguinem
789 3674 795 3712 ι
813 3669 887 3716 me·

95 3752 252 3814 dicinalis
268 3751 422 3828 estquis
438 3749 600 3822 morbum,
615 3750 671 3826 qui
690 3750 790 3826 uulgo
805 3749 891 3810 dici-

95 3850 152 3911 tur
162 3848 324 3925 superbus
338 3847 398 3926 (1),
415 3847 563 3924 expellit.
581 3846 717 3908 Stellam
733 3847 887 3919 ostendit,

97 3947 184 4024 quod
199 3946 283 4008 bene
307 3945 464 4021 competit
477 3944 584 4006 heatae
599 3943 743 4018 Virgini,
759 3959 832 4020 quae
847 3943 889 4014 ab

95 4044 223 4120 Angelo
234 4043 357 4112 dicitur
370 4045 492 4106 Gratia
504 4047 617 4117 plena.
636 4041 752 4104 Sereni
767 4041 889 4105 coloris

132 4193 171 4263 (l)
191 4191 243 4260 Qui
268 4189 358 4264 vulgo
370 4188 471 4246 dicitur
488 4188 636 4262 superbus,
652 4194 707 4246 etc.
727 4187 817 4246 llorbi
835 4203 887 4261 gc-

98 4275 162 4328 nus,
187 4261 233 4316 val
250 4268 327 4318 certe
353 4261 521 4316 vccabulum
544 4259 662 4316 lledicis
677 4273 793 4330 prorsus
807 4260 888 4332 igno-

96 4337 167 4386 tum.
180 4329 325 4404 Eiusmodi
344 4331 564 4402 appellationem
575 4337 642 4412 tuuc
655 4328 727 4386 torte
739 4335 890 4403 acceperat

97 4399 889 4539 llllllllfltltattibuit,litttltllz

98 4540 171 4607 lens,
192 4545 222 4596 et
245 4535 419 4610 superbus.»
446 4539 611 4612 sapphyrus
634 4547 739 4608 autem
756 4548 787 4600 ut
807 4539 891 4600 docet

97 4609 219 4666 llichsel
243 4607 427 4666 Etturullcrus
441 4609 470 4664 in
485 4623 537 4669 suo
554 4609 629 4667 Colle
653 4609 679 4665 io
696 4609 888 4668 Pharmaceu·

97 4680 154 4762 tice
180 4679 209 4736 ln
234 4677 440 4736 schroederum
461 4691 529 4760 cap.
551 4679 578 4746 5,
598 4679 612 4750 5
630 4624 657 4746 g,
679 4679 890 4752 ophthalmicus

97 4757 184 4808 ettam
198 4748 335 4819 habetur;
351 4747 426 4804 unde
441 4761 503 4832 epus
518 4763 587 4804 usus
602 4746 771 4820 quibusdum
786 4751 891 4807 multus

97 4821 169 4902 salet
180 4834 251 4902 ‚esse
264 4821 292 4876 in
306 4817 502 4946 oghthsluuis,
518 4819 650 4900 sthimia
674 4819 819 4902 oculorum
836 4821 888 4902 lip

97 4889 225 5018 paucine
237 4905 320 4972 ”2⁰3¹
342 4887 528 4946 eremedrum
540 4903 690 4962 egregium
704 4896 748 4971 est
759 4904 788 4944 in
801 4905 890 4947 vario·

108 4959 337 5026 ssetmorhrlhs,
353 4959 390 5016 ad
405 4958 622 5029 praeservandos
636 4959 671 5016 ab
689 4959 733 5017 bis
745 4959 853 5016 oculos.

134 5030 264 5103 (ilvulg.
277 5046 284 5086 τ
298 5031 375 5087 Fecit
389 5044 502 5112 quoque
526 5045 576 5088 rex
600 5027 706 5086 sebum
730 5029 888 5088 eburneum

97 5101 217 5174 grande,
247 5106 276 5157 et
300 5101 415 5183 vestivit
442 5099 511 5158 illud
537 5114 608 5157 auro
623 5099 825 5183 mundissimo.¹
836 5103 891 5158 Sex

97 5185 210 5287 quodue
225 5169 465 5299 ffidtgsffifflus
492 5169 699 5228 ascendebatur
720 5169 756 5227 ad
775 5171 889 5239 solium,

97 5240 466 5439 ⁰²ffgreaoettumauraam
475 5311 606 5393 Christus
614 5311 744 5394 utillud
755 5312 830 5370 Psal.
839 5312 888 5369 98:

99 5405 112 5434 ι
173 5388 252 5438 orate
277 5380 431 5464 scabellum
447 5380 550 5464 pedum
567 5398 638 5456 epus,
657 5397 792 5465 quoniam
804 5396 889 5440 sauc-

98 5462 157 5510 tutn
172 5457 228 5534 ¹est,
241 5449 276 5508 de
291 5450 521 5550 christlllcrnuu
540 5468 658 5526 corpore
672 5461 891 5536 ttiterprctantur

97 5525 892 5670 §.sibilabatttltttltsstt‘ubllttt

943 1233 1009 1296 tris
1024 1234 1086 1307 lut,
1102 1233 1179 1310 quia
1193 1249 1253 1310 per
1267 1233 1488 1296 humilitatem
1508 1247 1602 1294 suam
1617 1247 1736 1308 super-

943 1328 1031 1400 biam
1047 1330 1176 1392 stravit.
1204 1333 1251 1391 De
1273 1329 1337 1392 hoc
1351 1329 1472 1393 throno
1496 1328 1657 1396 hahemus
1681 1342 1737 1388 see

943 1428 1051 1491 cundo
1067 1426 1347 1505 Paralipomenon
1372 1425 1415 1506 (9,
1434 1427 1472 1488 17
1493 1427 1526 1489 et
1550 1423 1603 1504 18)
1619 1446 1626 1486 r
1640 1424 1736 1489 Fecit

942 1521 1736 1602 stthalootoutt)prandemthrortumdechore,

943 1621 977 1696 et
1002 1621 1140 1682 vestivit
1163 1635 1243 1682 eum
1267 1634 1355 1682 auro
1385 1622 1586 1693 purissimo,
1615 1619 1653 1680 tu
1671 1629 1737 1690 ouo

943 1717 1045 1780 erant
1058 1731 1123 1778 seor
1145 1721 1287 1793 prodas,
1312 1719 1349 1777 tn
1369 1730 1435 1802 quo
1462 1715 1540 1776 erat
1556 1717 1737 1781 scabellum

943 1828 1101 1881 aureum.
1118 1813 1208 1874 Ebur
1221 1814 1272 1874 est
1295 1828 1331 1874 os
1347 1811 1546 1888 elephantis,
1564 1812 1621 1888 qui
1636 1809 1737 1883 habet

943 1909 1137 1974 inimicitias
1162 1926 1235 1975 cum
1256 1909 1410 1973 dracone.
1433 1910 1498 1969 Per
1524 1908 1737 1984 elephantem

943 2007 1041 2070 beata
1050 2008 1152 2082 Virgo
1167 2006 1376 2082 intelligitur,
1391 2021 1464 2082 quae
1476 2003 1577 2066 habet
1590 1997 1738 2066 inimici-

944 2105 1009 2167 tias
1024 2119 1099 2165 cum
1123 2103 1272 2178 diabolo;
1299 2103 1387 2164 unde
1406 2102 1441 2162 iu
1464 2102 1585 2164 Genesi
1598 2100 1643 2178 (3,
1656 2098 1734 2179 15):

944 2205 1096 2262 «Ponam
1110 2199 1448 2270 inimicitiasinterte,
1458 2197 1672 2264 etmulierem
1684 2212 1692 2256 :
1705 2195 1738 2261 ai

944 2299 1018 2376 ipsa
1032 2298 1179 2360 conteret
1189 2297 1287 2372 caput
1298 2297 1402 2357 tuum.
1419 2311 1438 2355 a
1460 2297 1536 2370 Ipsa
1549 2293 1669 2362 uestita
1684 2293 1738 2358 est

944 2411 1026 2456 auro
1040 2394 1229 2470 purissimo,
1239 2393 1274 2454 in
1283 2391 1465 2470 quoleruor
1475 2389 1737 2462 caritatisheatae

943 2491 1091 2568 Virginis
1106 2491 1301 2555 ostenditur.
1319 2493 1384 2552 Per
1399 2504 1459 2550 sex
1475 2488 1597 2563 gradus
1613 2501 1736 2548 ascen-

944 2589 1034 2650 ditur
1058 2587 1099 2649 ad
1113 2587 1176 2650 hoc
1192 2587 1324 2658 solium.
1341 2586 1382 2646 lli
1394 2586 1481 2656 sunt,
1503 2583 1578 2647 Voti
1593 2582 1738 2656 novitas,

944 2685 1148 2748 Matrimonii
1163 2683 1334 2752 sanctitas,
1355 2681 1522 2743 Parientis
1546 2679 1735 2755 integritas,

944 2781 1123 2844 Plenitudo
1149 2781 1388 2842 charismatum
1412 2801 1420 2839 ι
1444 2778 1580 2850 horest,
1598 2775 1738 2853 quodde

944 2895 984 2947 ea
999 2878 1122 2950 dieitur
1132 2879 1167 2942 in
1182 2877 1328 2948 canticis
1344 2875 1387 2955 (7,
1404 2874 1437 2954 2)
1455 2897 1462 2936 :
1485 2874 1643 2938 «Venter
1659 2873 1737 2934 tuus

945 2975 1031 3046 sicut
1046 2991 1184 3038 acervus
1199 2973 1315 3044 tritici,
1331 2973 1476 3036 vallatus
1490 2971 1582 3031 liliis.
1598 2972 1663 3031 Per
1674 2969 1738 3030 tri-

944 3075 1047 3138 ticum
1061 3072 1237 3148 signantur
1245 3072 1421 3148 Martyres,
1439 3069 1518 3146 quia
1529 3066 1690 3138 triturati,
1705 3065 1739 3132 et

944 3172 1036 3248 passi
1052 3171 1129 3233 sunt
1154 3185 1213 3246 pro
1227 3169 1358 3232 Christo
1376 3189 1384 3226 r
1406 3168 1441 3228 in
1455 3167 1537 3226 liliis
1550 3164 1687 3236 candor,
1703 3163 1737 3229 et

944 3268 1148 3335 innocentia,
1177 3267 1210 3328 et
1234 3265 1397 3329 munditia
1422 3263 1676 3334 confessorum,
1704 3259 1740 3330 at

944 3366 1131 3442 virginum.
1148 3363 1234 3426 Lilia
1249 3363 1435 3438 virginum,
1447 3361 1554 3422 uiolas
1565 3358 1740 3422 confesse

944 3477 1142 3523 cumomnes
1157 3461 1230 3538 ipsa
1245 3458 1383 3524 excellit
1396 3459 1431 3520 in
1442 3457 1640 3527 humilitate,
1656 3457 1689 3517 et
1702 3455 1738 3516 in

945 3559 1040 3619 donis
1054 3557 1251 3633 gratiarum.
1269 3557 1409 3626 Quintus
1422 3554 1545 3629 gradus
1559 3555 1609 3613 est
1621 3549 1740 3610 Humi-

945 3655 1022 3714 litas
1036 3654 1071 3713 in
1080 3652 1278 3713 excellentia
1292 3651 1496 3712 meritorum.
1508 3650 1640 3719 Seniue,
1652 3651 1739 3708 Prae-

945 3751 1097 3826 rogativa
1123 3749 1349 3826 praemiorum.
1386 3745 1573 3806 Scahellum
1600 3759 1738 3804 aureum

946 3847 1162 3911 Christus-est
1174 3843 1234 3925 (3),
1251 3846 1287 3904 ut
1308 3841 1502 3907 ostendatur
1512 3839 1739 3902 honorificen-

944 3945 1002 4014 tia,
1023 3958 1121 4019 quarn
1148 3941 1249 4002 habet
1268 3940 1418 4001 Christus
1439 3937 1480 4000 ad
1505 3938 1656 3998 Matrem.
1682 3935 1740 3997 Est

945 4040 1096 4102 Christus
1125 4040 1212 4098 Deus
1241 4041 1354 4098 noster
1375 4034 1568 4106 scabellum,
1589 4033 1663 4094 dico
1677 4048 1740 4093 au-

945 4188 1045 4260 nioues
1059 4191 1135 4256 sunt,
1149 4183 1200 4242 sed
1217 4184 1264 4242 hic
1278 4182 1419 4258 Propheta
1442 4197 1546 4255 corpus
1560 4180 1738 4248 Dominicurn

944 4259 1022 4325 dicit,
1034 4257 1063 4313 iu
1087 4271 1143 4328 quo
1168 4255 1304 4346 majestas
1320 4253 1481 4311 Divinitatis
1499 4259 1635 4335 taoppam
1653 4265 1740 4378 auger

945 4328 1099 4386 scabellum
1116 4331 1180 4383 stat.
1207 4330 1341 4384 sanctum
1352 4326 1428 4381 eninr
1439 4338 1506 4380 eum
1523 4322 1578 4379 dici
1593 4337 1670 4393 saepe
1704 4337 1737 4378 o·

945 4401 1067 4456 enimus.
1083 4399 1111 4455 S.
1126 4398 1249 4470 August.
1261 4399 1391 4453 Enarrnt.
1406 4396 1435 4450 in
1443 4393 1578 4452 eumdem
1587 4391 1662 4454 Psal.
1672 4408 1700 4448 u.
1710 4393 1736 4450 9.

947 4470 1077 4526 Psslrnus
1104 4467 1174 4527 rothi
1202 4467 1290 4524 dicit:
1307 4467 1432 4522 Adorats
1466 4463 1617 4522 scabellum
1639 4463 1740 4544 padum

945 4540 1006 4666 qus
1020 4555 1029 4594 :
1044 4539 1156 4607 Quaero,
1173 4536 1248 4609 q'uod
1267 4538 1303 4592 sit
1318 4535 1472 4592 scabellum
1498 4532 1601 4607 pedum
1621 4538 1741 4604 eJus3et

964 4610 1012 4666 icit
1027 4608 1096 4666 mihi
1110 4609 1251 4679 Scriptura
1269 4622 1276 4662 :
1293 4607 1379 4662 Terra
1393 4605 1544 4662 scabellum
1553 4603 1654 4672 pectam
1665 4616 1737 4661 mco·

945 4695 1020 4737 rum.
1047 4679 1202 4739 Fluctuans
1228 4683 1364 4734 converto
1385 4689 1432 4732 me
1452 4673 1486 4730 ed
1501 4672 1653 4740 Christum,
1673 4671 1739 4754 quie

946 4751 1038 4823 ipsum
1053 4763 1149 4822 quero
1170 4747 1234 4818 hic;
1253 4754 1282 4802 et
1302 4747 1427 4813 invenio,
1444 4743 1587 4816 quomodo
1602 4744 1665 4799 sine
1685 4755 1738 4800 un·

946 4822 1050 4894 pietate
1073 4819 1206 4878 adoretur
1234 4826 1326 4885 terra,
1347 4818 1410 4874 sice
1434 4815 1581 4888 impietate
1606 4813 1740 4872 adoretur

945 4889 1099 4950 scabellum
1124 4888 1227 4973 pedum
1252 4887 1325 4960 ejus.
1351 4887 1481 4958 Suscepit
1507 4886 1582 4942 enim
1606 4883 1641 4940 de
1663 4891 1739 4940 terra

945 4970 1068 5019 terram:
1085 4974 1151 5033 quia
1165 4973 1233 5016 caro
1244 4959 1278 5014 de
1293 4965 1367 5014 terra
1382 4963 1434 5023 est,
1444 4963 1474 5013 et
1488 4953 1523 5011 de
1536 4969 1622 5012 carne
1641 4954 1739 5012 blarise

944 5045 1061 5089 carnem
1074 5031 1194 5103 accepit.
1214 5029 1249 5086 Et
1262 5029 1327 5100 outa
1341 5029 1369 5084 in
1385 5029 1447 5099 ipsa
1470 5040 1556 5083 cerne
1576 5025 1623 5082 hia
1637 5025 1737 5082 ambu-

945 5103 1022 5170 lavit,
1038 5108 1067 5159 et
1086 5102 1176 5173 ipsam
1200 5114 1317 5158 carnem
1350 5099 1432 5154 nohis
1453 5095 1682 5154 nranducandarn
1702 5095 1740 5154 ad

945 5171 1065 5231 salutern
1076 5169 1167 5241 dedit,
1184 5185 1269 5232 nemo
1285 5176 1379 5226 autem
1395 5169 1470 5224 illam
1486 5181 1602 5224 carnem
1615 5164 1736 5222 mandu-

945 5250 1001 5311 cat,
1015 5243 1070 5298 nisi
1092 5243 1170 5314 prius
1190 5240 1352 5298 adoraverit
1367 5255 1373 5294 :
1390 5240 1590 5295 inventunrest
1602 5234 1738 5309 quemad·

946 5313 1061 5372 modurn
1075 5313 1207 5370 adoretur
1220 5312 1275 5368 tale
1285 5308 1440 5368 scabellum
1451 5307 1554 5380 pedum
1569 5307 1695 5376 Domini,
1709 5313 1738 5362 et

946 5385 1099 5442 nouaclum
1111 5398 1167 5440 non
1184 5396 1335 5454 peccemus
1346 5377 1500 5448 adorando,
1517 5377 1567 5436 sed
1602 5391 1737 5434 eccemus

946 5469 1003 5514 non
1018 5453 1172 5512 adorando.
1190 5456 1224 5510 Et
1245 5450 1430 5510 Cassiodorus
1455 5451 1485 5506 in
1506 5395 1639 5508 cumfcm
1663 5445 1737 5504 Psal-

946 5541 1023 5584 mum
1040 5540 1114 5583 vers.
1130 5525 1156 5594 6,
1168 5520 1366 5584 iisdamierme
1382 5520 1485 5580 verbis.
