4158 6380
328 281 385 346 131
767 285 822 344 Ab
844 285 981 346 OPERA
1002 285 1037 346 S.
1059 280 1280 348 FRANCISCI
1300 283 1527 349 esslsmi’ls
1640 319 1650 324 -
1693 279 1704 294 ⁸
1909 285 1963 366 lan

322 439 420 503 trari.
448 441 531 502 Meis
559 456 647 502 nunc
670 440 737 502 cito
762 443 896 504 monitis
926 442 1125 520 acquiesce,
1170 446 1284 520 pejora
1304 443 1470 522 prioribus
1491 442 1627 521 propter
1640 437 1894 518 ingratitudinis
1909 443 1960 503 ri-

321 537 479 614 quoniam
506 551 573 596 non
597 535 677 624 hic,
689 537 745 600 sed
773 537 856 598 alibi
885 539 1112 600 manducabis.
1135 599 1136 604 ,
1169 541 1263 610 tium,
1280 542 1407 618 Deique
1420 540 1641 615 contemptum
1658 559 1665 598 ι
1682 555 1756 600 cum
1772 538 1813 599 de
1828 541 1961 614 accepta

322 633 485 696 confitere
496 635 728 716 nuncpeccala
739 635 899 706 tna,rerae
910 636 1115 712 poenitentia
1170 638 1271 697 venia
1286 639 1417 712 gratum
1431 653 1506 698 esse
1521 637 1682 712 oporteat,
1708 636 1745 696 ut
1765 635 1867 712 duplo
1892 637 1959 696 dis-

322 729 435 790 dolore
450 729 623 799 contritus,
639 745 701 790 nec
723 730 757 788 in
778 733 811 791 te
835 731 1115 809 remaneatquid-
1136 813 1137 816 Ἴ
1170 733 1292 808 plicent
1306 732 1469 808 flagitium
1483 733 1650 796 iteratum.

321 839 418 902 quam
438 825 525 902 quod
543 824 691 886 veridica
711 826 918 902 consessione
940 844 1006 888 non
1031 843 1137 905 pan-2
1208 829 1282 890 Alio
1312 845 1440 906 quoque
1470 832 1633 906 tempore,
1662 828 1783 888 mulier
1812 827 1960 905 quaedam

319 921 389 985 das.
418 921 547 984 Reddet
579 921 639 1002 tibi
668 923 828 986 Dominus
861 924 960 986 hodie
994 925 1112 997 ricem,
1166 925 1302 998 nobilis,
1325 929 1393 991 Deo
1417 925 1547 994 devota,
1570 925 1662 988 venit
1682 925 1723 986 ad
1747 926 1913 996 sanctum,
1929 927 1961 986 ut

315 1019 476 1094 quoniam
508 1018 601 1080 tanta
634 1019 809 1081 devotione
840 1036 921 1082 suos
949 1037 1136 1103 pauperes
1167 1038 1265 1084 suum
1286 1022 1319 1083 ei
1342 1023 1526 1100 explicaret
1546 1022 1709 1094 dolorem,
1724 1037 1765 1082 ac
1779 1021 1960 1084 remedium

315 1113 703 1194 susceptsn.,acquievit
722 1118 879 1180 continuo
893 1117 946 1178 vir
961 1118 1018 1179 ille
1038 1133 1137 1185 ser-2
1169 1119 1364 1196 postularet.
1390 1117 1541 1182 Habebat
1570 1119 1703 1196 quidem
1728 1117 1838 1181 uirum
1867 1117 1960 1182 ualde

317 1211 474 1276 monibus
493 1213 620 1290 sancti;
647 1212 804 1292 socioque
827 1214 933 1290 ipsius
957 1214 1114 1280 uniuersa
1169 1214 1347 1288 crudelem,
1365 1231 1462 1292 quern
1479 1215 1710 1276 adversarium
1724 1214 1915 1290 petiebatur
1928 1214 1960 1276 in

319 1310 456 1386 peccata
478 1308 1115 1388 111110111εεὶ016161636111111101111
1169 1312 1306 1374 servitio
1329 1311 1471 1387 Christi3
1499 1311 1628 1374 611160
1653 1310 1817 1387 petebata
1833 1312 1958 1386 sancto,

321 1404 452 1468 domum
468 1420 573 1476 suam,
589 1408 622 1466 et
645 1405 687 1464 ad
709 1407 848 1468 mortem
869 1406 1113 1486 suscipiendam
1169 1410 1332 1484 quatenus
1355 1410 1469 1470 oraret
1492 1423 1552 1486 pro
1575 1407 1646 1479 illo,
1663 1409 1699 1470 ut
1718 1423 1782 1471 sua
1802 1410 1892 1470 Deus
1906 1423 1961 1470 cor

319 1503 534 1580 sequentum
547 1500 663 1574 valuit,
676 1503 887 1580 praepararit.
900 1504 1114 1566 Intraverunt
1135 1553 1136 1558 ,
1167 1504 1272 1582 ipsius
1294 1505 1488 1583 dignaretur
1509 1504 1663 1568 emollire
1683 1504 1872 1568 clementia.
1889 1507 1960 1582 lpse

318 1599 450 1662 tandem
463 1615 622 1671 mensam,
634 1601 668 1660 et
680 1599 915 1678 incipientibus
928 1599 1005 1660 aliis
1017 1615 1114 1663 man·
1168 1617 1259 1671 1610,
1277 1600 1340 1662 hoc
1355 1601 1506 1672 audiens,
1523 1600 1571 1662 ait
1585 1601 1635 1662 illi
1647 1622 1655 1660 ι
1669 1600 1761 1662 Vade
1773 1617 1853 1662 cum
1868 1616 1959 1680 pace,

318 1695 453 1768 ducere,
479 1695 600 1774 hospes
621 1695 729 1758 subito
754 1695 908 1772 spiritum
928 1695 1110 1770 exhalarit,
1167 1695 1394 1760 indubitanter
1416 1697 1595 1774 expectans
1610 1696 1650 1758 de
1665 1696 1737 1758 viro
1759 1698 1816 1758 tuo
1835 1711 1960 1757 conso-

315 1792 562 1870 juxtaverbum
579 1792 1112 1869 hominisbeirepentinamorle
1167 1793 1325 1854 lationem
1354 1793 1415 1856 tibi
1448 1793 1490 1854 16
1518 1793 1670 1870 proximo
1705 1791 1898 1856 affuturam.
1926 1794 1962 1854 Et

317 1889 480 1954 sublatus.
507 1888 626 1966 sicque
650 1887 772 1950 iactum
792 1890 853 1962 est,
874 1888 1111 1965 hospitalitatis
1166 1889 1288 1966 adjecit
1304 1906 1311 1949 :
1327 1890 1425 1952 Dices
1441 1889 1530 1951 6161
1542 1891 1636 1968 parte
1651 1891 1711 1952 Dei
1725 1891 1759 1950 et
1772 1905 1858 1960 mea,
1874 1890 1962 1970 qnod

317 1987 427 2062 gratia
452 1987 672 2062 promerente,
690 1985 996 2063 ut,juxtaverbu1n
1018 1987 1111 2048 reri·
1165 2001 1255 2049 nunc
1283 1987 1334 2048 est
1360 1987 1490 2062 tempus
1522 1987 1725 2058 clementiae,
1752 1987 1960 2062 postmodum

317 2083 407 2155 tatis,
424 2083 618 2161 prophetam
639 2082 805 2160 recipiens
828 2083 1012 2146 mercedem
1031 2099 1111 2161 pro·
1164 2082 1344 2160 equitatis.
1361 2083 1596 2149 Benedictione
1618 2083 1765 2160 accepta,
1780 2084 1962 2145 revertitur

316 2179 426 2256 phetae
446 2180 623 2256 acciperet,
640 2179 717 2239 dum
739 2180 920 2257 persancti
942 2181 1008 2242 riri
1028 2196 1111 2258 pro·
1165 2178 1296 2250 mulier,
1313 2180 1442 2242 invenit
1466 2181 1587 2253 virum,
1610 2180 1785 2244 denuntiat
1807 2179 1959 2242 verbum.

316 2275 558 2340 nuntiationem
567 2276 795 2354 propheticam
804 2276 900 2340 miles
909 2277 1111 2340 illederotus
1166 2275 1292 2340 Cecidit
1322 2292 1423 2354 super
1454 2291 1530 2338 eum
1561 2277 1707 2356 Spiritus
1736 2279 1899 2350 munus,
1930 2279 1961 2338 et
2024 2323 2025 2332 ,

317 2371 383 2434 sibi
413 2375 530 2434 contra
554 2373 671 2436 mortis
695 2373 930 2436 subitationem
955 2373 1109 2451 prouidit,
1165 2387 1287 2433 norum
1322 2373 1445 2436 factum
1474 2373 1515 2436 de
1542 2374 1658 2446 reteri,
1686 2373 1737 2434 sic
1771 2373 1853 2437 lacit
1884 2390 1960 2436 cnm

317 2470 492 2548 quatenns,
515 2469 629 2543 armis,
648 2471 850 2548 poenitentiae
881 2470 1109 2550 praemunitus,
1166 2469 1421 2534 mansuetudine
1444 2470 1645 2548 respondere
1669 2492 1677 2530 ε
1703 2471 1855 2536 Domina.
1881 2486 1958 2532 ser-

317 2567 511 2646 perpetuam
543 2565 790 2652 damnationem
815 2567 987 2640 evaderet,
1014 2568 1049 2630 et
1076 2566 1111 2631 in
1165 2566 1296 2629 viamus
1317 2567 1468 2639 Domino,
1489 2567 1521 2630 et
1544 2567 1712 2630 salvemus
1734 2568 1864 2632 animas
1881 2584 1962 2630 nos-

318 2665 445 2724 aeterna
459 2661 674 2724 tabernacula
686 2662 851 2726 introiret.
1165 2663 1246 2722 tras.
1263 2663 1429 2726 suadente
1453 2663 1556 2741 igitur
1573 2667 1692 2726 sancta
1714 2679 1829 2736 uxore,
1848 2665 1960 2743 pluri-

357 2761 518 2834 Tempore
542 2773 606 2836 quo
628 2758 680 2818 111
702 2759 835 2822 sanctus
858 2757 960 2821 Reate
978 2757 1112 2838 jacebat
1164 2757 1226 2818 bus
1247 2759 1344 2820 annis
1369 2759 1519 2822 coelibem
1543 2760 1647 2822 vitam
1671 2761 1819 2836 agentes,
1842 2761 1961 2824 eodem

319 2855 487 2927 infirmus,
523 2853 773 2930 praebendarius
808 2853 942 2934 quidam
977 2855 1110 2918 nomino
1165 2853 1218 2914 die
1233 2855 1329 2916 ambo
1344 2856 1386 2918 ad
1399 2856 1576 2918 Dominum
1591 2857 1830 2932 migraverunt

211 2996 215 3010 .
319 2952 464 3026 Gedeon,
481 2951 630 3014 lubricus
652 2954 686 3012 et
701 2950 900 3022 mundanus,
917 2950 1122 3014 infirmitate·
1204 2951 1358 3014 Miranda
1376 2953 1516 3016 certain
1535 2953 1608 3015 viro
1633 2954 1691 3014 Dei
1715 2953 1853 3032 spiritus
1876 2971 1961 3032 pro-

316 3049 412 3128 grari
427 3049 611 3126 correptus,
627 3048 748 3110 lectulo
775 3045 953 3120 decubans,
971 3063 1046 3110 cum
1067 3049 1108 3110 ad
1164 3048 1287 3124 phetici
1300 3041 1419 3122 uirtus,
1436 3065 1501 3132 qna
1520 3051 1553 3112 et
1567 3049 1724 3113 membris
1734 3053 1805 3130 jam
1825 3053 1961 3114 arenti-

317 3163 394 3208 eum
404 3145 673 3216 fuissetdelatus,
685 3144 871 3224 lacrymose
883 3143 1024 3222 rogabat
1034 3161 1109 3209 cnm
1163 3143 1224 3206 hus
1239 3145 1436 3210 restituebat
1456 3147 1604 3224 vigorem
1620 3149 1654 3208 et
1667 3147 1760 3208 duris
1780 3148 1961 3224 imprime-

317 3242 415 3304 simul
427 3240 623 3312 astantibus,
634 3243 670 3302 ut
680 3241 721 3302 ab
732 3242 804 3322 ipso
815 3241 924 3303 crucis
934 3241 1108 3316 signaculo
1162 3239 1220 3302 bat
1251 3241 1406 3305 cordibus
1436 3243 1596 3324 pietatem
1626 3264 1634 3304 ε
1665 3259 1855 3325 quanquam
1894 3261 1961 3306 non
2024 3241 2025 3252 ’

318 3338 520 3414 signaretur.
533 3337 581 3400 11
596 3353 694 3416 quern
707 3336 764 3398 ille
777 3359 785 3397 ι
798 3338 877 3401 Cum
887 3336 1013 3402 rixeris
1027 3337 1108 3398 olim
1163 3337 1274 3400 minus
1295 3339 1444 3414 ejusdem
1459 3339 1597 3416 spiritus
1610 3340 1655 3402 sit
1669 3339 1832 3418 stupenda
1846 3341 1964 3418 limpi-

317 3433 498 3496 secundum
532 3433 698 3522 desideria
724 3433 850 3508 carnis,
881 3449 947 3496 non
981 3434 1108 3516 ueritus
1161 3433 1353 3512 ditesque
1381 3435 1431 3497 sic
1454 3435 1641 3498 futurorum
1666 3437 1962 3514 praecognoscebat

314 3531 441 3608 judicia
464 3531 541 3604 Dei,
572 3529 735 3608 quomodo
762 3531 795 3592 te
821 3545 920 3592 cruce
947 3530 1109 3608 signahol
1162 3532 1333 3604 eventum,
1359 3533 1397 3593 ut
1418 3532 1519 3594 etiam
1549 3531 1828 3597 conscientiarum
1856 3550 1959 3598 scru-

315 3631 440 3692 Verum
455 3627 590 3704 propter
599 3627 735 3689 1610111
745 3625 1020 3696 intercedentium
1031 3643 1108 3710 pre-
1162 3627 1291 3690 taretnr
1312 3643 1484 3702 arcanum,
1503 3629 1599 3710 quasi
1622 3629 1709 3694 alter
1729 3631 1869 3694 Elisaeus
1895 3631 1959 3692 du-

316 3741 384 3798 ces,
401 3723 828 3802 signotecruoissignabo,
845 3723 1108 3790 111101111ηοῦ0-
1163 3722 1282 3802 plicam
1306 3725 1387 3786 Eliae
1411 3725 1567 3804 spiritum
1588 3733 1761 3790 assecutus
1784 3724 1845 3806 (l).
1871 3729 1959 3790 Nam

315 3823 409 3884 mini.
422 3823 471 3884 Tu
484 3822 596 3883 tamen
609 3821 736 3886 scitote
749 3820 906 3900 graviora
918 3836 1105 3900 passurum,
1162 3836 1237 3881 curn
1253 3821 1349 3882 Senis
1363 3822 1436 3884 viro
1455 3821 1586 3884 cuidam
1607 3822 1673 3884 sibi
1687 3819 1848 3885 familiari
1865 3841 1960 3904 quaa-

315 3919 345 3982 si
364 3919 405 3980 ad
424 3917 584 3979 vomitum
606 3916 748 3978 redieris
771 3917 942 3980 liberatus.
969 3917 1108 3998 Propter
1162 3915 1237 3977 dam
1259 3919 1500 3993 superventura
1525 3917 1670 3980 finaliter
1684 3920 1910 3996 predixisset,
1928 3923 1961 3984 et

315 4017 404 4078 enim
418 4017 589 4092 peccatum
605 4013 866 4090 ingratitudinis,
889 4029 1021 4090 semper
1043 4030 1106 4092 pe·
1161 4015 1214 4078 rir
1234 4013 1293 4075 ille
1309 4013 1435 4090 peritus
1451 4012 1506 4096 (de
1525 4031 1589 4097 quo
1607 4031 1710 4092 supra
1728 4017 1854 4079 mentio
1869 4017 1960 4080 iacta

312 4116 387 4190 jora
420 4111 586 4188 prioribus
618 4109 818 4174 inferuntur.
857 4111 959 4186 Signo
995 4111 1107 4190 itaque
1162 4115 1222 4184 est,
1239 4109 1380 4186 quotide
1403 4110 1584 4188 scripturis
1607 4126 1681 4172 curn
1703 4127 1742 4174 60
1765 4111 1963 4178 conterebat

316 4208 425 4270 crucis
440 4221 627 4284 supereum
643 4205 1108 4283 lacto,statim,quicontrac·
1162 4203 1355 4290 aliquando)
1381 4206 1433 4266 his
1459 4207 1601 4278 auditis,
1630 4206 1671 4270 ab
1698 4208 1814 4273 eodem
1840 4211 1961 4272 sancto
2024 4283 2025 4290 ἵ

314 4304 368 4364 tus
383 4303 548 4380 jacuerat,
564 4301 711 4364 surrexit
730 4317 852 4376 sanus,
869 4304 902 4367 et
921 4303 956 4364 in
975 4303 1107 4368 laudern
1161 4305 1255 4379 patre
1274 4301 1455 4366 dubitando
1482 4303 1700 4385 perquireret,
1723 4319 1766 4364 an
1789 4304 1862 4366 haec
1885 4307 1963 4383 ipse

315 4399 375 4462 Dei
397 4413 614 4479 prorumpens
631 4417 638 4457 ε
655 4389 735 4474 Ego,
749 4398 869 4474 inquit,
887 4415 960 4461 snm
982 4398 1107 4464 libere·
1161 4399 1311 4470 dixisset,
1335 4415 1409 4476 quae
1432 4399 1525 4462 illius
1549 4400 1615 4465 riri
1638 4399 1801 4464 relatione
1823 4417 1961 4478 cogno·-

314 4499 379 4560 tus.
405 4495 627 4563 insonuerunt
647 4495 758 4561 autem
784 4510 860 4558 ossa
879 4511 997 4560 renum
1021 4499 1105 4579 ejus,
1160 4495 1278 4559 rorat:
1296 4510 1362 4556 non
1381 4495 1489 4560 solum
1512 4511 1549 4558 se
1570 4496 1630 4557 illa
1649 4495 1776 4560 dixisse
1795 4501 1960 4570 asseruit,

315 4593 526 4658 audientibus
541 4590 680 4665 cunctis,
692 4591 796 4659 veluti
811 4607 885 4657 curn
901 4609 1001 4656 manu
1016 4593 1106 4674 ligna
1160 4607 1275 4653 rerum
1297 4592 1397 4654 etiam
1421 4593 1585 4673 querenti
1614 4591 1761 4656 alienum
1786 4599 1961 4668 eventum,

290 4711 292 4719 ⁸
315 4693 404 4754 sicca
421 4689 632 4766 tranguntur.
649 4686 769 4751 Paucis
784 4689 894 4755 autom
915 4689 1106 4771 interlapsis
1160 4688 1331 4766 proprium
1364 4688 1491 4756 exitum
1523 4687 1751 4766 prophetando
1784 4692 1960 4766 praedixit.

314 4787 529 4868 temporibus,
542 4785 602 4848 Dei
615 4785 746 4858 oblitus,
760 4801 879 4871 corpus
889 4787 1105 4868 impudicitiae
1161 4784 1251 4858 Quod
1282 4784 1317 4845 nt
1347 4785 1471 4846 certius
1504 4784 1596 4846 cordi
1624 4789 1697 4862 ejus
1728 4785 1960 4864 imprimeret,

314 4884 468 4946 reddidit.
486 4884 632 4960 Cumque
645 4896 719 4946 sero
735 4882 876 4965 quodam
892 4885 1058 4948 oranassst
1072 4883 1106 4946 in
1160 4881 1334 4958 quemdam
1350 4881 1513 4944 secretum
1528 4881 1739 4947 conscientiae
1757 4883 1851 4946 illius
1866 4900 1965 4950 scru-

314 4980 411 5042 domo
446 4978 617 5056 cujusdam
652 4979 827 5052 canonici,
857 4980 1020 5058 nocteque
1047 4979 1105 5044 illa
1160 4978 1290 5054 pulum,
1316 4992 1413 5054 quem
1443 4977 1528 5039 nulli
1555 4977 1680 5040 viventi
1710 4979 1764 5042 rir
1795 4981 1963 5057 praelatus

314 5077 474 5139 dormiret
488 5074 622 5146 ibidem,
644 5075 752 5138 subito
775 5091 875 5156 super
892 5091 1005 5140 omnes
1030 5091 1106 5138 cor·
1159 5075 1381 5151 expresserat,
1406 5073 1606 5142 mirabiliter
1632 5075 1813 5138 revelando
1843 5079 1962 5158 expli-

313 5175 381 5236 ruit
394 5175 514 5238 tectum
529 5172 656 5234 domus.
674 5172 809 5234 caeteris
828 5174 938 5234 autem
961 5173 1106 5238 6111611-
1160 5172 1242 5242 cuit,
1276 5172 1309 5233 et
1336 5169 1515 5232 salubriter
1543 5171 1746 5235 consulendo
1776 5175 1960 5238 reserarit.
2024 5203 2025 5206 ¹

311 5270 401 5334 tibus
424 5273 572 5340 mortem,
597 5267 688 5330 solus
709 5267 765 5333 ille
787 5269 888 5333 miser
902 5269 1104 5351 interceptus
1148 5253 1206 5330 ’11
1235 5283 1375 5345 quorum
1407 5267 1553 5333 omnium
1592 5267 1780 5331 firmitatem
1811 5271 1959 5344 accedit,

313 5369 412 5445 atque
433 5365 651 5451 interemptus
666 5367 727 5430 est.
743 5367 836 5430 lusto
856 5365 958 5450 igitur
972 5367 1031 5430 Dei
1046 5369 1104 5443 ju·
1158 5363 1244 5442 quod
1259 5365 1312 5425 vir
1325 5363 1383 5424 ille
1398 5361 1588 5440 religiosus,
1605 5365 1691 5432 sicut
1706 5365 1829 5428 Christi
1845 5364 1963 5433 samu-

312 5465 399 5548 dicio
420 5463 507 5526 tacta
534 5463 610 5528 sunt
635 5461 817 5527 novissima
843 5463 988 5527 hominis
1011 5463 1103 5525 illius
1159 5461 1211 5522 lus
1227 5461 1256 5521 ei
1273 5459 1439 5538 praedixit,
1453 5461 1503 5522 sic
1519 5457 1937 5529 finaliteroonsummavit.

349 5571 390 5649 (1)
410 5577 448 5636 lV
464 5577 546 5647 fleg„
560 5589 589 5630 11.
