4152 6388
114 289 178 352 313
642 297 750 360 PARS
773 296 976 362 SECUNDA.
992 331 1033 346 -
1047 301 1241 365 REGULAE.

1704 301 1764 378 aii

118 449 336 526 Psalterium,
351 453 591 532 quinquaginta
611 459 778 535 Psalmos3
795 459 828 522 et
844 459 916 521 illi·
990 465 1040 524 De
1053 464 1204 527 vitandis
1217 467 1338 544 ttttptts
1350 437 1501 545 intense,
1513 471 1547 536 et
1558 486 1638 536 oum
1651 477 1741 537 otiis.
1839 449 1844 456 ’

116 549 221 610 tereti
243 549 380 610 totidem
404 553 515 614 Pater
528 556 658 628 noster,
675 555 756 617 etta
773 556 837 617 fine
851 573 916 620 ou·

112 645 254 722 juslibet
282 650 447 720 Requiem
483 651 664 727 oeterrtnm,
694 653 842 732 adjiciat.
877 656 918 717 st

118 743 281 820 posthaec
297 743 384 806 intra
401 761 536 821 annum,
550 765 611 826 pro
627 750 767 812 fratrum
781 753 814 814 et
827 768 917 813 soro·
1011 747 1123 811 Vitent
1144 751 1283 828 insuper
1303 752 1424 815 fratres
1449 756 1482 817 et
1505 772 1649 832 sorores,
1666 762 1764 837 Juxta

116 855 194 901 rum
210 842 279 903 tam
294 843 441 904 virorum
458 861 555 922 quam
565 847 799 910 Defunctorum
810 850 917 913 salute
972 859 1081 919 posse,
1097 845 1206 922 iitigIa
1222 847 1308 910 inter
1323 865 1373 926 se;
1391 851 1461 925 illa,
1478 853 1507 913 si
1520 855 1676 916 suscitari
1690 873 1766 918 oon·
1786 891 1790 908 .

115 940 188 1000 tres
201 939 322 1000 missas
337 939 461 1004 saciant
473 943 648 1006 celebrari.
664 947 725 1019 Qui
735 963 815 1008 vero
823 948 916 1024 psal·
972 941 1096 1017 tigerit,
1122 943 1265 1006 sollicite
1299 947 1484 1010 dirimendo
1515 972 1522 1010 ε
1551 953 1699 1030 alioquin
1725 955 1765 1016 de

115 1036 242 1096 terium
269 1038 444 1110 sciverint,
472 1041 555 1102 iilud
590 1043 717 1115 dicant,
744 1046 776 1107 et
805 1046 917 1107 caeteri
970 1041 1045 1114 jure
1070 1056 1181 1101 coram
1209 1042 1267 1104 illo
1295 1046 1528 1122 respondeant,
1554 1051 1640 1126 apud
1668 1067 1765 1129 quem

118 1134 315 1195 Orationem
344 1138 550 1200 Dominicam
577 1142 701 1202 centies
724 1142 835 1204 dicere
850 1159 916 1204 non
973 1137 1118 1212 p0t0⁸t³8
1134 1139 1452 1217 residett'udissfflttfl·

1182 627 1427 692 CAPITULUM
1447 633 1548 693 XVII.

117 1231 286 1306 omittant,
300 1235 464 1308 liconiam
486 1238 655 1300 (aternam
670 1239 704 1300 in
721 1240 787 1302 fine
800 1244 917 1319 cnjus-

117 1328 204 1392 lihet
217 1330 374 1393 addituri.

394 1509 445 1566 De
460 1507 643 1569 ministris.

353 1701 597 1764 CAPITULUM
617 1705 686 1765 XV.

163 1849 351 1912 Ministeria
374 1867 505 1929 quoque
532 1868 572 1914 ac
600 1854 668 1914 alia
695 1853 817 1929 officIa,
846 1871 919 1932 quae

119 1949 301 2025 praesentis
322 1947 474 2010 formulae
496 1951 600 2011 series
623 1951 790 2028 exprimit,
810 1954 919 2030 posita

119 2045 265 2122 quisquo
278 2045 342 2106 sihi
360 2047 477 2108 devote
490 2047 662 2124 suscipiat,
676 2050 834 2126 curetque
844 2049 921 2111 tide·

118 2143 202 2204 liter
228 2159 397 2205 exercere.
419 2143 572 2206 Officium
598 2148 708 2207 autem
731 2147 918 2224 qu'uslibet,

119 2243 210 2302 certi
229 2241 388 2318 temporis
405 2242 513 2319 spatio
532 2242 704 2305 limitetur.
719 2244 839 2304 Nullus
852 2245 919 2306 mi-

118 2339 232 2400 nister
245 2339 439 2401 instituatur
453 2341 494 2400 ad
509 2340 622 2412 vitam,
640 2341 758 2418 atejus
774 2342 921 2404 ministe-

119 2437 213 2498 rium
229 2439 356 2498 certum
368 2438 498 2514 tempus
511 2437 778 2515 comprehendat.
854 2511 856 2518 Ι

119 2649 919 2746 Deoisttationeetcorrectionedetorquentium.

346 2845 590 2908 CAPITULUM
615 2846 701 2908 XVI.

164 2995 214 3057 Ad
239 2995 312 3058 baec
333 2995 488 3068 ministri,
506 2997 538 3058 et
563 2995 684 3058 tratres
712 3012 751 3058 ec
771 3011 920 3072 sorores,

119 3093 271 3156 civitatis
292 3094 326 3155 et
348 3093 611 3168 looicujuslibet,
632 3093 674 3155 ad
695 3095 922 3157 visitationem

121 3205 349 3264 communem,
377 3191 413 3251 in
437 3190 549 3268 aliquo
571 3191 644 3254 ioco
668 3191 837 3268 religioso,
867 3193 922 3254 vel

120 3287 282 3360 ecclesia,
309 3285 365 3347 ubi
389 3285 499 3348 locum
525 3287 716 3363 hujusmodi
745 3288 923 3364 contigerit

120 3385 255 3458 deesse,
272 3385 482 3458 conveniant,
502 3385 534 3445 et
548 3384 755 3446 visitatorem
776 3385 923 3448 habeant

120 3482 345 3551 sacerdotem,
358 3483 414 3559 qui
427 3483 570 3560 alicujus
584 3483 775 3559 approbate
791 3483 923 3560 religio-

120 3581 181 3641 nis
197 3581 331 3654 existat,
344 3581 464 3658 quique
473 3581 541 3640 illis
556 3579 597 3641 de
610 3581 796 3641 commissis
808 3597 921 3642 exces-

122 3678 221 3740 sibus
235 3677 389 3755 injungat
409 3679 638 3755 poenitentiam
653 3678 845 3750 salutarem,
860 3693 922 3740 nec

122 3777 238 3855 quivis
250 3776 337 3838 alius
351 3777 456 3853 possit
475 3777 523 3837 eis
547 3775 737 3852 hujusmodi
755 3775 923 3838 visitatio-

122 3873 333 3936 nisotdcium
341 3871 510 3935 exhibere.
519 3873 715 3951 Hujusmodi
727 3873 923 3934 autemvisi·

122 3971 266 4035 tationis
279 3971 425 4032 officinm
440 3970 542 4032 semel
557 3970 756 4032 exerceatur
769 3970 805 4031 in
819 3985 920 4044 anno,

123 4069 195 4131 nisi
210 4057 534 4145 necessitate'aliqua
549 4067 709 4130 suadente
729 4065 831 4129 fuerit
848 4066 923 4145 plu·

122 4167 197 4229 ries
210 4165 373 4228 iacienda.
391 4165 641 4241 incorrigibiles
655 4180 735 4227 vero
748 4180 788 4226 ac
801 4164 922 4226 inobe-

124 4264 255 4325 dientes
275 4263 413 4325 monitio
433 4261 521 4324 trina
542 4262 735 4340 praeveniat.
757 4263 819 4335 Qui
836 4263 865 4323 si
887 4277 923 4324 se

125 4361 298 4436 corrigere
312 4375 378 4421 non
394 4359 595 4434 curaverint,
609 4360 650 4421 de
663 4359 768 4436 ipsius
782 4374 924 4435 congre-

125 4457 274 4536 gationis
300 4457 467 4519 consortio
493 4457 704 4534 expellantur
726 4457 862 4519 omnino
883 4456 923 4518 de

127 4555 272 4619 oonsilio
286 4554 515 4617 discretorum.

974 1307 1138 1384 Qualiter,
1154 1311 1188 1371 ei
1197 1325 1264 1384 per
1278 1325 1361 1384 quos
1375 1315 1413 1373 tn
1427 1314 1645 1377 abstinentiis
1657 1319 1765 1392 possit

1266 1412 1474 1484 dispensari.

1179 1557 1423 1621 GAPITULUM
1443 1563 1560 1624 XVIII.

1015 1679 1186 1742 Ordinarii
1207 1683 1318 1744 autem
1342 1683 1510 1759 locorum,
1532 1686 1586 1747 vel
1612 1686 1767 1752 visitator

975 1791 1049 1836 curn
1065 1775 1223 1839 iratribus
1239 1779 1272 1840 et
1286 1780 1456 1841 sororibus
1468 1782 1634 1844 universIs
1644 1785 1680 1845 in
1695 1785 1768 1846 abs·

974 1873 1137 1949 tinentiis,
1149 1876 1302 1953 jejuniis,
1320 1879 1353 1938 et
1366 1878 1618 1940 austeritatibus
1633 1883 1710 1942 aiiIs
1725 1898 1768 1944 ex

975 1987 1077 2032 causa
1092 1973 1252 2049 legitima,
1269 1990 1344 2036 cum
1359 1975 1518 2052 expedire
1535 1977 1691 2054 viderint,
1707 1996 1769 2056 po-

977 2071 1087 2131 terunt
1102 2069 1308 2148 dispensare.
1657 2069 1662 2078 '

1000 2239 1093 2304 Quod
1106 2240 1262 2300 ministri
1275 2253 1396 2301 eornm
1412 2228 1616 2316 amnisestos
1628 2249 1745 2320 cuipas

1167 2338 1369 2398 deottnttent
1390 2339 1576 2401 visitatori.

1196 2505 1441 2568 CAPITULUM
1461 2509 1549 2568 XIX.

1016 2626 1163 2688 Ministri
1177 2643 1257 2690 vero
1272 2628 1466 2691 manifestas
1490 2627 1631 2692 fratrum
1654 2632 1688 2694 et
1710 2649 1770 2694 so-

976 2740 1090 2786 rorum
1104 2725 1218 2802 culpas
1230 2725 1398 2788 visitatori
1413 2727 1610 2790 denuntient
1624 2730 1769 2806 punien-

977 2821 1047 2883 das.
1069 2823 1109 2883 nt
1135 2822 1164 2883 si
1187 2823 1362 2900 quIsquam
1388 2822 1628 2901 incorrigibilis
1652 2825 1769 2900 tuerit,

977 2920 1051 2998 post
1072 2920 1169 2982 trinae
1190 2919 1427 2982 admonitionis
1451 2921 1680 2984 instantiama
1702 2923 1769 2984 mi-

976 3017 1092 3079 nistris
1112 3017 1153 3078 de
1177 3017 1397 3079 discretorum
1416 3017 1557 3080 fratrum
1581 3019 1770 3097 aliquorum

977 3112 1117 3174 consilio
1132 3113 1297 3175 visitatori
1313 3114 1484 3175 nuntietur
1498 3114 1617 3189 eidem,
1638 3115 1679 3176 de
1697 3115 1771 3177 tra-

975 3209 1143 3272 ternitatis
1163 3211 1331 3272 consortio
1353 3210 1547 3288 abjicendus
1571 3213 1613 3274 ab
1634 3214 1721 3290 ipso,
1736 3215 1771 3275 et

976 3309 1012 3369 in
1032 3308 1290 3384 congregatione
1309 3310 1518 3386 postmodum
1536 3309 1768 3386 publicandus.

997 3486 1151 3553 oaatoer
1164 3489 1202 3548 tn
1212 3488 1390 3561 proedwits
1404 3501 1505 3550 ωηο
1523 3489 1692 3565 obtinetur
1704 3491 1753 3549 od
1771 3483 1774 3503 ²

1201 3588 1336 3657 cuipam
1350 3586 1544 3648 mortalem.

1204 3750 1448 3812 CAPITULUM
1469 3751 1541 3812 XX.

1016 3873 1179 3934 Ceterum
1197 3872 1233 3932 in
1253 3872 1436 3948 praemissis
1459 3872 1622 3947 omnibus,
1639 3871 1771 3950 adquae
1842 3921 1844 3928 .

976 3968 1098 4031 tratres
1112 3970 1145 4031 et
1157 3983 1289 4030 sorores
1304 3969 1404 4046 hujus
1423 3969 1557 4031 Ordinis
1577 3985 1644 4032 non
1659 3984 1702 4032 ex
1719 3969 1773 4030 di-

976 4067 1065 4130 vinis
1077 4065 1264 4144 praeceptis,
1279 4067 1333 4129 vel
1352 4067 1486 4129 statutIs
1499 4068 1655 4129 tenentur
1669 4066 1774 4128 ecole-

977 4164 1048 4238 siae,
1065 4164 1193 4225 nullum
1212 4165 1360 4241 ipsorum
1382 4164 1423 4226 ad
1447 4165 1619 4226 mortalem
1639 4165 1772 4242 culpam

976 4262 1129 4325 volumus
1147 4261 1303 4337 obIIgari3
1330 4261 1389 4323 sed
1408 4261 1598 4340 impositam
1619 4261 1682 4322 sibi
1697 4277 1772 4339 poe-

977 4359 1153 4422 nitentiam
1199 4373 1259 4436 pro
1300 4359 1580 4436 transgressionis
1631 4371 1774 4420 excessu

978 4457 1129 4534 prompta
1148 4455 1337 4518 bumilitate
1362 4457 1514 4536 recipiat,
1540 4458 1573 4520 et
1592 4455 1775 4520 efficaciter

978 4554 1110 4616 studeat
1123 4553 1316 4630 adimplere.
