4118 6390
346 242 438 334 ‘1227
800 252 833 310 S.
861 249 1038 326 ΑΝΤΟΝΙΙ
1068 247 1255 312 PADUANI
1286 248 1424 312 OPERA
1453 251 1601 336 omnm.
1882 259 1929 324 lm

360 408 508 474 Galaadt
531 411 590 475 aut
612 410 760 480 medicus
788 426 855 474 non
881 413 932 476 est
958 409 1023 479 ihil
1047 415 1156 486 Quare
1211 424 1280 469 suae
1301 425 1417 472 vocem
1443 409 1577 471 virtutis
1601 409 1662 492 (3),
1687 413 1719 474 et
1738 416 1933 486 suscitabitcor·

359 505 462 582 igitur
476 522 542 568 uon
557 509 608 568 est
627 507 768 582 obducta
788 509 930 571 cicatrix
950 510 1027 580 tiliae
1042 511 1155 588 populi
1211 521 1291 582 pora
1330 505 1371 565 de
1404 509 1642 570 monumentis.
1684 511 1771 573 Unde
1808 518 1932 582 Ezechielis
1982 515 1983 572 ἶ

359 604 481 664 meit»
503 603 696 666 Admiratur
718 607 893 680 teremias,
915 607 1078 683 quomodo
1103 607 1155 668 ci·
1211 601 1309 681 (37,4
1329 601 1370 662 ad
1392 602 1425 680 6)
1446 625 1454 663 :
1478 621 1495 664 c
1517 607 1599 666 Ossa
1620 607 1714 670 arida
1731 610 1828 672 audite
1844 617 1932 679 verbm
1982 595 1983 656 1

359 702 467 763 catrix
497 703 625 778 peccati
649 704 684 762 in
714 704 835 784 populo
864 720 929 764 non
958 704 1154 777 obducatur,
1210 699 1353 760 Domini.
1372 703 1450 760 Haec
1468 701 1549 764 dicit
1572 706 1660 764 Deus
1680 706 1799 768 ossibus
1812 708 1854 770 his
1868 717 1934 776 :Ecce

360 801 393 858 et
405 798 546 860 vulnera
562 803 803 872 noncurentur,
817 817 891 862 cum
901 802 944 864 sit
955 801 1000 862 ibi
1011 803 1154 880 optimus
1209 811 1270 870 ego
1285 797 1551 861 intromittamin
1566 817 1625 862 VOS
1638 803 1798 879 spiritum,
1811 809 1838 866 θ)
1848 809 1933 880 little

359 895 519 969 medicus,
537 897 665 959 scilicet
678 899 842 972 Christus,
858 899 1155 972 etmedicinaeitl-
1209 895 1248 956 Et
1271 892 1355 954 dabo
1376 911 1478 972 super
1497 913 1556 958 vos
1584 914 1716 972 nervos,
1738 902 1768 962 θῑ
1786 919 1935 968 tuttltttclt
1982 945 1983 982 t

358 1009 432 1066 cax,
460 995 572 1056 resina
602 994 838 1070 terebinthina,
868 1013 941 1072 quae
965 998 1018 1058 est
1035 997 1154 1056 melior
1209 989 1329 1058 ,faciam
1344 992 1380 1052 in
1396 1009 1455 1054 vcs
1471 1010 1603 1067 carnes,
1625 1000 1658 1059 et
1679 1001 1933 1074 superextendanin
1982 985 1983 1074 ζ

357 1091 446 1154 inter
458 1093 602 1165 ceterae,
617 1094 754 1168 sangnis
769 1093 925 1154 videlicet
935 1095 952 1154 J
956 1108 1014 1154 esu
1029 1092 1153 1154 Christi
1207 1086 1302 1148 vohis
1315 1089 1435 1162 cutem,
1452 1094 1486 1154 et
1510 1092 1595 1154 dabo
1612 1094 1710 1156 vobis
1725 1095 1935 1172 spiritumelvi-
1982 1087 1983 1132 1

355 1190 472 1250 valens
496 1190 537 1250 ad
570 1190 735 1254 curandas
763 1189 895 1261 animae,
933 1190 967 1252 et
1002 1190 1151 1266 corporis
1208 1185 1936 1272 vetissdltinira(Ibid.v.9):‹Aquatuorven·

355 1287 582 1362 aegritudines.
598 1291 708 1362 Quare
722 1303 801 1362 ergo
816 1303 882 1350 non
897 1287 1035 1350 sanatur
1044 1287 1152 1350 omnis
1206 1281 1249 1341 tis
1259 1284 1334 1344 coeli
1348 1285 1426 1351 veni
1439 1286 1631 1362 spiritus,et
1641 1289 1770 1352 insuffla
1784 1293 1936 1368 superlatet·

355 1384 545 1460 iufirmitas,
560 1401 634 1446 cum
651 1385 726 1446 talis
740 1385 783 1445 sit
795 1385 981 1446 medicinat
1207 1378 1310 1442 lectos
1335 1381 1429 1450 istos,
1452 1384 1486 1445 et
1506 1385 1721 1446 reviviscant.
1735 1404 1752 1446 s
1766 1390 1882 1450 Etlsaiae
1894 1390 1934 1466 (et,
1982 1405 1983 1448 1

396 1483 478 1557 Item
500 1483 535 1545 in
555 1483 671 1544 eodem
685 1481 749 1560 (51,
766 1484 800 1562 8)
827 1504 834 1542 :
856 1499 875 1544 c
895 1482 1029 1554 Ulutate
1050 1498 1151 1560 super
1206 1475 1937 1562 19):cldxpergiscimini,etlaudate,quihabila

354 1595 441 1654 eam,
462 1580 569 1644 tollite
593 1581 739 1643 resinam
771 1581 813 1642 ad
839 1580 985 1642 dolorem
1009 1583 1093 1656 ejus,
1121 1580 1149 1640 si
1204 1574 1301 1636 tisin
1328 1577 1488 1653 pulvere;
1516 1579 1594 1656 quia
1619 1581 1936 1644 roslucisrcsluus.t
1982 1567 1983 1580 ¹

354 1678 439 1737 torte
454 1680 601 1738 sanetur.
619 1696 637 1738 t>
652 1680 721 1740 Hoc
745 1677 825 1738 dicit
848 1681 935 1738 Deus
954 1678 1102 1755 Angelis
1117 1679 1150 1740 et
1207 1671 1336 1744 Pulvis,
1366 1674 1421 1750 qui
1447 1675 1562 1738 aridus
1578 1679 1639 1749 est,
1651 1681 1683 1738 et
1706 1679 1741 1738 in
1760 1695 1792 1740 se
1808 1680 1937 1758 dispersus,
1982 1743 1983 1756 ,

354 1775 628 1850 praedicatoribus
653 1777 809 1851 tanquam
832 1775 968 1836 medicis
995 1777 1030 1835 in
1047 1775 1148 1835 verbo
1205 1770 1290 1830 solet
1302 1771 1483 1849 compingi,
1496 1774 1529 1834 ct
1543 1775 1726 1844 coadunari
1740 1779 1937 1852 permuniit
1982 1757 1983 1840 1

353 1871 414 1931 1)θί
443 1871 649 1934 curantibus
677 1875 715 1934 ut
743 1872 820 1950 quta
849 1872 1001 1934 homines
1031 1873 1149 1934 nolunt
1204 1881 1356 1942 corpore,
1374 1869 1659 1944 quaearidasussb
1677 1874 1711 1934 θῑ
1731 1873 1939 1952 dispereamu-

353 1953 476 2038 csstrari‚
506 1969 709 2044 respondent
737 1969 855 2044 angeli
881 1985 889 2024 ε
912 1970 1147 2030 «curavimus
1204 1963 1385 2041 tingentur
1409 1965 1444 2038 (Π
1465 1969 1724 2052 Γθὲῑῑΐΐθῦῑίθῐὶθ·
1755 1972 1811 2032 Sed
1836 1971 1937 2048 iulain

353 2065 566 2140 Babylonem,
586 2067 618 2126 et
631 2081 696 2126 non
712 2067 763 2127 est
778 2068 894 2127 sanata
908 2065 990 2144 (ter.
1009 2069 1060 2138 51,
1075 2066 1145 2144 9),»
1203 2061 1432 2144 compactione
1453 2064 1601 2140 pulveris
1631 2067 1757 2148 aliquid
1787 2069 1940 2128 extrinsecus

350 2161 445 2238 quasi
461 2161 591 2224 dicant:
606 2163 680 2223 Non
703 2165 752 2223 est
772 2163 889 2224 vitium
905 2163 998 2236 artis,
1013 2164 1066 2224 vel
1083 2179 1143 2225 re·
1203 2171 1262 2232 lter
1285 2172 1396 2220 rorem
1420 2159 1554 2222 additur
1571 2184 1578 2222 :
1595 2179 1637 2224 ne
1659 2165 1747 2225 idem
1769 2165 1801 2224 in
1819 2180 1940 2225 resurret-

351 2261 434 2321 sinae
449 2281 457 2320 s
471 2260 528 2320 sed
542 2261 619 2336 qnia
631 2262 846 2322 contemnunt
858 2249 1004 2322 obedire.
1021 2263 1147 2338 etpost
1201 2253 1291 2313 lione
1306 2254 1461 2317 Videatur
1476 2258 1560 2328 ficri,
1575 2263 1671 2324 caute
1684 2261 1875 2338 adjungitur:
1888 2261 1940 2332 Olli

351 2357 503 2420 subditur
520 2380 527 2419 :
545 2375 563 2418 c
578 2359 852 2434 Derelinquamus
871 2375 956 2430 eam,
969 2363 1001 2420 et
1017 2375 1143 2430 eamus,
1201 2365 1256 2412 1⁸08
1272 2351 1357 2418 lucis
1372 2368 1428 2414 cos
1445 2356 1531 2416 tuus.
1550 2357 1643 2420 Sicut
1661 2360 1750 2420 enim
1767 2376 1819 2438 per
1830 2358 1939 2420 lucenti

350 2449 577 2534 unusquisque
593 2456 626 2515 in
640 2457 762 2517 terram
780 2472 908 2526 suam)
919 2455 958 2516 ad
974 2456 1144 2532 proprium
1200 2448 1287 2508 vitro
1309 2448 1441 2512 lucente
1461 2453 1546 2517 niltil
1561 2456 1784 2518 extrinsecum
1794 2457 1940 2518 commiste·

349 2555 517 2626 videlicet,
534 2554 797 2615 etdomesticum
820 2553 1000 2630 negotium.
1024 2555 1143 2615 Eccle-
1200 2545 1254 2606 tur
1270 2563 1277 2606 2
1296 2548 1536 2636 Sicsemetipsa
1560 2554 1861 2632 redintegrabuntur
1880 2569 1940 2613 asro

349 2653 477 2716 siaslici
503 2653 568 2731 (38,
591 2651 648 2732 7):
667 2655 734 2715 ‹ln
761 2651 814 2716 bis
834 2667 956 2714 curans
979 2651 1145 2727 mitigabit
1198 2645 1359 2724 creatore.
1374 2647 1468 2709 Unde
1480 2649 1542 2712 tob
1557 2649 1622 2728 (tt,
1639 2651 1672 2730 i)
1692 2674 1699 2712 :
1717 2649 1943 2728 «Lignumbalet

349 2746 508 2823 dolorem,
531 2752 564 2812 et
587 2749 829 2826 unguentarius
854 2748 954 2810 faciet
974 2749 1144 2825 pigmenta
1174 2749 1175 2752 ’
1198 2755 1288 2818 sltem
1308 2743 1545 2820 :sipraecisum
1567 2747 1679 2820 tuerit,
1698 2766 1824 2811 rursum
1837 2748 1940 2812 virescit,

349 2847 535 2917 suavitatis,
550 2849 583 2910 et
595 2848 768 2912 unctiones
777 2846 932 2912 conficiet
945 2846 1111 2912 sanitatis.
1124 2863 1143 2906 s
1197 2841 1230 2901 et
1244 2839 1328 2905 remi
1347 2843 1418 2926 eius
1441 2844 1617 2920 pullulant.
1634 2865 1653 2907 a
1673 2849 1813 2924 Lignum
1822 2847 1847 2906 sl
1859 2843 1941 2922 prati·

347 2947 384 3006 in
414 2945 603 3006 hominibus
632 2945 764 3022 quidem
788 2947 999 3020 peccam-qm
1031 2944 1142 3006 uicem
1197 2951 1269 2996 suin
1285 2939 1396 3006 luerit.
1414 2939 1942 3022 scilicetcorpusltomtuis.silneril

347 3042 531 3104 vulneratis
546 3046 633 3104 Deus
649 3043 815 3117 mitigavit
843 3041 1004 3114 dolorem,
1021 3045 1140 3104 conte·
1196 3049 1256 3108 per
1271 3038 1409 3100 mortem
1434 3041 1622 3116 praecisum,
1647 3059 1743 3118 spem
1762 3041 1941 3102 lrabetresur-

345 3139 449 3203 tendo
462 3142 623 3211 aromata,
646 3141 732 3202 sicut
756 3139 1013 3216 pigmentarius)
1030 3138 1139 3200 undet
1195 3133 1369 3214 rectionis,
1383 3136 1461 3214 quta
1477 3152 1610 3199 rursum
1625 3139 1765 3200 virescit
1779 3139 1810 3198 in
1823 3149 1942 3198 resurrec-

345 3253 363 3295 tt
378 3237 583 3298 Attritnsest
594 3239 729 3311 propter
749 3237 876 3298 scelera
889 3238 1015 3307 nostra,
1032 3238 1065 3298 et
1077 3237 1141 3298 dis·
1195 3229 1296 3290 tione.
1309 3234 1353 3306 et
1365 3233 1428 3308 «si
1443 3237 1592 3298 senuerit
1602 3237 1637 3299 in
1647 3237 1741 3301 terra
1753 3237 1843 3298 radix
1853 3238 1914 3310 ejus.
1924 3231 1943 3289 et

346 3333 469 3408 ciplina
486 3333 579 3409 pacis
602 3337 723 3395 nostrae
748 3348 849 3408 super
869 3349 958 3404 eum,
979 3337 1076 3410 cujus
1091 3332 1144 3412 (1),
1194 3325 1230 3385 in
1245 3328 1385 3404 pulvere
1395 3333 1547 3398 mortuus
1560 3333 1660 3395 tuerit
1674 3335 1811 3394 truncus
1828 3325 1941 3399 illiceat

343 3429 451 3492 livore
479 3430 590 3497 sanati
613 3445 726 3492 sumus
750 3429 815 3509 (53,
830 3429 874 3508 5).
897 3435 997 3494 Amos
1015 3431 1051 3494 in
1074 3431 1139 3492 line
1194 3423 1329 3493 odorem
1347 3441 1443 3503 actiae
1466 3429 1679 3506 germinabit,
1703 3429 1839 3493 etfacict
1856 3439 1943 3490 consu

343 3526 456 3606 (9,11)
475 3549 483 3589 t
500 3530 571 3589 ‹In
595 3528 650 3588 die
672 3528 730 3589 illa
749 3528 917 3590 suscitabo
938 3527 1139 3590 tabernacu·
1194 3522 1289 3596 tuest
1303 3538 1378 3586 cum
1394 3524 1536 3601 pritnum
1551 3526 1740 3603 plantatum
1759 3530 1809 3588 est
1825 3523 1942 3603 (little

341 3627 409 3686 lum
439 3627 555 3697 David,
585 3626 672 3703 quod
703 3626 835 3698 cecidit,
864 3629 898 3688 et
927 3627 1140 3690 reaedificabo
1192 3619 1257 3678 Set
1270 3617 1316 3695 9).
1331 3637 1350 3679 tt
1364 3620 1413 3680 Ad
1427 3621 1562 3688 odorem
1577 3624 1670 3695 dicit,
1690 3639 1759 3685 1¹0ss
1770 3625 1808 3685 td
1822 3619 1943 3684 connir-

340 3724 515 3799 aperturas
553 3739 723 3785 murorum
762 3727 848 3801 ejus,
890 3726 923 3788 et
968 3740 1019 3796 ea,
1063 3741 1136 3801 quae
1171 3713 1317 3784 .li⁰1¹0ffl
1347 3731 1455 3798 acute,
1484 3720 1562 3796 quia
1588 3721 1634 3782 ita
1659 3721 1871 3798 reparabitur,
1886 3711 1942 3794 (1⁰⁰⁶

342 3823 550 3894 corruerant,
606 3820 813 3892 instaurabo,
851 3824 886 3884 et
925 3821 1136 3884 reaedificabo
1191 3811 1281 3884 nibil,
1291 3814 1518 3884 extrinsecum
1529 3816 1783 3882 admiscebitur.

341 3935 416 3980 eum
430 3916 490 3997 (2).
506 3937 525 3979 s
539 3921 575 3980 In
592 3919 645 3983 die
657 3919 869 3993 illa,scilicet¹
879 3920 1135 3981 resurrectionis

339 4017 475 4088 Gltristi,
495 4016 577 4079 dicit
597 4019 684 4077 Deus
704 4017 815 4090 Pater,
838 4017 1007 4078 suscitabo
1029 4017 1136 4079 taber
1431 3993 1574 4058 SERMO
1596 3993 1750 4058 CCLXH·

338 4115 451 4270 ἕψω
476 4113 598 4186 David'
628 4113 867 4224 idestfm’puf.
882 4115 1009 4176 Christi
1033 4131 1135 4224 mn„
1190 4166 1314 4236 Qualiter
1328 4167 1405 4224 Deus
1424 4167 1688 4240 probethomlnem
1704 4167 1944 4243 pertrtbdattoneu

351 4215 445 4280 ortis,
462 4213 499 4272 ot
508 4213 644 4286 aspectu
656 4211 999 4320 desiderabilis,qnod
1016 4211 1136 4274 cecidit
1224 4263 1253 4310 et
1270 4253 1399 4330 increpat
1418 4271 1469 4329 per
1487 4255 1624 4327 dolorem,
1642 4265 1672 4315 et
1689 4259 1836 4331 cognoscit
1845 4251 1943 4322 Ml„

259 4376 261 4380 .
337 4324 399 4386 ΡΘ)
436 4309 618 4370 mrtem*
646 4311 685 4370 Et
713 4309 923 4370 maedfflfflb‘)
958 4311 1134 4386 apertum
1225 4343 1346 4414 qualiter
1372 4344 1540 4417 interroget,
1570 4351 1598 4402 et
1630 4345 1821 4419 interrogabit
1848 4345 1872 4400 in
1896 4335 1944 4412 judi·

335 4421 507 4468 murorum
528 4409 640 4482 ejus.»
655 4409 720 4466 Per
743 4407 1026 4468 resurrectionem
1044 4407 1133 4468 enim
1224 4431 1279 4488 olo.

336 4505 458 4566 Christi
475 4504 581 4576 lirina,
599 4506 631 4566 et
645 4506 735 4574 certa
750 4519 825 4580 spes
838 4503 916 4566 data
930 4507 981 4566 est
995 4506 1132 4580 sanctis,
1982 4549 1983 4560 ,

335 4602 484 4679 quisunt
505 4602 659 4662 aediilcati
670 4602 704 4662 in
721 4601 884 4675 Ecclesia,
900 4602 988 4678 quod
1008 4602 1132 4664 resedi«-
1189 4605 1305 4666 Prota
1318 4616 1389 4674 mc,
1402 4601 1619 4683 Demittett).
1633 4605 1667 4666 et
1682 4608 1773 4668 sotto
1781 4620 1840 4666 cor
1849 4607 1945 4662 tantm?

334 4699 523 4760 ilcabuntur
542 4701 575 4760 et
595 4699 660 4775 ipsi
680 4714 739 4774 per
756 4700 1036 4760 resurrectionem
1049 4715 1138 4775 gen-2.
1228 4699 1634 4786 interroganae„etcoqtt
1654 4703 1861 4770 seesemttqa
1870 4704 1944 4758 ment·
1982 4689 1983 4722 ³

334 4797 477 4941 {nattam
500 4797 532 4858 et
550 4811 601 4870 ea,
624 4811 697 4872 quae
724 4798 931 4864 corrnerunt,
953 4797 1130 4858 instaura·
1229 4795 1338 4874 (Psal.
1354 4798 1424 4872 138,
1437 4796 1506 4876 33.)

359 4895 402 4938 un
420 4894 471 4938 ur.

372 4976 529 5053 Sequitur
546 4995 553 5034 :
570 4975 616 5036 nt
636 4977 746 5036 adtira
767 4976 881 5048 tectam
902 4989 991 5048 sum.
1007 4977 1134 5037 Resur-
1228 4972 1354 5036 Probat
1369 4967 1621 5058 tentationibus,
1632 4977 1714 5057 quia
1726 4973 1880 5042 scitillud,
1891 4961 1946 5044 qnod

331 5073 421 5144 nexit
443 5072 608 5145 cbristus,
633 5073 666 5132 et
689 5071 799 5134 adhuc
820 5087 894 5134 cnm
917 5073 1017 5137 Patre
1036 5073 1132 5146 estin
1188 5071 1309 5134 dicitur
1335 5072 1371 5132 iu
1395 5072 1631 5147 Ecclesiastico
1649 5074 1695 5154 (6,
1713 5076 1748 5155 7)
1767 5065 1945 5146 ,septetum
1982 5115 1983 5150 ,

333 5170 469 5231 dextera
486 5173 569 5246 ejus,
588 5169 716 5230 scilicet
732 5169 894 5243 occultus,
912 5170 1016 5231 donec
1029 5171 1133 5230 mani·
1187 5174 1349 5242 ansteum,
1364 5174 1402 5230 tn
1415 5172 1603 5234 tentatione
1617 5177 1800 5244 possideas
1815 5169 1858 5249 (5)
1868 5155 1946 5228 eterni?

331 5265 582 5328 testorideatur
596 5266 785 5341 injudicio,
798 5267 931 5343 quando
950 5266 1043 5330 dabit
1057 5271 1131 5331 voci
1188 5271 1227 5330 Et
1243 5268 1278 5327 in
1311 5266 1427 5328 eodem
1452 5265 1495 5346 (t,
1513 5267 1566 5346 18)
1581 5289 1588 5328 ε
1605 5285 1624 5328 c
1640 5271 1677 5331 tn
1709 5269 1882 5342 tentatione
1898 5271 1946 5321 tlt·

370 5417 413 5485 (l)
429 5415 515 5486 Vulg.
533 5429 540 5468 :
556 5421 584 5469 et
596 5413 687 5472 livore
699 5412 772 5486 ejus.
1224 5416 1266 5488 (d)
1286 5416 1370 5488 Vulg.
1388 5433 1396 5474 :
1413 5417 1498 5473 Deus.

370 5487 410 5558 (2)
433 5485 517 5556 Vulg.
535 5500 542 5540 :
560 5483 638 5540 illud.
1225 5487 1269 5560 (ὅ)
1286 5487 1368 5559 Vulg.
1386 5486 1531 5558 :posside

365 5557 405 5628 (3)
421 5556 497 5614 Psal.
513 5555 558 5624 67,
583 5553 627 5611 tt.
