4152 6388
319 279 382 344 aa

750 281 783 342 S.
806 280 1026 344 anatem
1048 281 1279 342 assistens
1297 281 1529 344 oensem

1912 283 1978 342 240

318 439 632 504 commendavimus.
647 439 797 504 Aliarum
812 441 1012 510 litterarum,
1027 456 1110 516 quas
1165 440 1326 500 terantur.
1342 443 1382 501 Et
1396 441 1426 500 si
1440 441 1503 501 hoc
1515 457 1583 501 non
1596 439 1756 512 feceritis,
1771 439 1894 502 sciatis
1911 457 1977 502 vos

318 537 415 598 vohis
438 539 543 608 mido,
570 541 604 598 ut
627 554 685 598 eas
713 537 799 598 oeus
820 538 1110 612 girhernatorihus,
1165 555 1277 598 coram
1300 541 1441 598 [semino
1462 542 1530 600 Deo
1549 541 1662 600 vestm
1681 542 1762 600 lesu
1779 539 1922 599 Christo
1939 539 1977 597 in
2060 617 2061 624 ἵ

318 634 511 696 consulibus
524 637 558 696 et
575 633 773 704 rectoribus,
793 637 828 696 et
845 637 881 694 in
895 635 1016 710 quihus
1031 651 1113 694 con-
1165 635 1220 694 die
1230 637 1349 710 judicii
1369 636 1509 696 reddere
1529 638 1705 698 rationem.
1715 639 1788 697 Hoc
1802 636 1974 712 scriptum

318 731 453 800 eaeor,
471 733 507 792 ut
521 731 733 808 publicentur
746 747 806 808 per
827 733 967 808 populos
986 735 1021 792 et
1039 733 1113 807 pla·
1164 732 1591 808 qniapudseretinnerint
1603 735 1638 793 et
1647 731 1910 793 observaverint
1928 731 1975 790 il·
2060 751 2061 774 ³

317 829 389 892 teas
405 829 465 892 uei
485 827 613 900 hedes,
629 828 730 890 tacite
747 829 860 890 statim
879 830 984 888 multa
996 844 1113 889 exem-

318 925 425 1002 plaria
439 927 474 988 et
492 925 619 1002 copias,
643 929 679 988 et
699 941 776 986 cnm
796 939 918 1000 mgna
938 925 1112 1001 diligentia

318 1037 378 1084 aas
393 1022 553 1100 porrigite
567 1021 637 1084 illis
653 1021 775 1100 quihus
785 1021 929 1084 debeam
941 1021 1028 1082 dari.
1044 1023 1113 1082 va-

322 1117 389 1182 lete
401 1119 439 1182 in
452 1118 605 1182 Domiuo

567 1333 769 1396 artemia
788 1335 857 1394 xv.

457 1467 508 1526 Ad
526 1471 732 1540 papauerum
754 1467 907 1526 rectores
918 1461 977 1542 (l).

321 1593 456 1652 llortatur
466 1593 589 1668 judices,
601 1602 630 1652 et
644 1595 692 1667 qui
706 1602 830 1666 presunt
844 1595 873 1650 in
889 1595 1011 1666 populis,
1025 1599 1056 1649 ut
1069 1607 1113 1648 sc·

354 1683 445 1756 pista
466 1697 560 1740 aarum
584 1691 760 1739 woccaram
783 1681 1038 1748 sellicitualueme
1053 1682 1114 1736 suis

355 1773 513 1844 pteulteaut
534 1773 668 1838 reetilms,
687 1777 717 1826 et
736 1771 856 1842 populus
871 1771 924 1826 sihi
942 1770 1113 1826 commissos

356 1857 392 1916 etl
406 1861 457 1916 llei
468 1859 581 1916 laudem
592 1859 723 1915 invitent.

362 1985 535 2046 Universis
552 1984 769 2060 potestatibus
782 1987 817 2044 et
835 1983 1038 2053 consulibus,
1059 1985 1114 2059 ju-

321 2079 461 2152 dicibus,
477 2083 576 2156 alque
597 2080 782 2142 recursibus
798 2080 919 2156 ubique
933 2081 1111 2150 terrarum,

320 2181 421 2256 atque
430 2177 583 2238 omuibus
591 2177 667 2238 aliis
682 2177 723 2238 ad
733 2195 817 2256 quos
826 2179 898 2238 istae
910 2179 1029 2238 litterae
1040 2193 1113 2254 per·

321 2276 487 2346 venerint,
516 2275 620 2336 trater
639 2277 839 2336 Franciscus
860 2279 971 2336 vester
993 2275 1028 2335 in
1048 2278 1114 2336 Do-

320 2373 411 2434 mino
426 2387 554 2443 servus,
571 2371 730 2448 parvulus
749 2387 790 2432 ac
812 2372 1000 2448 despectus,
1021 2372 1114 2432 salu-

318 2470 386 2532 tem
401 2469 435 2532 et
446 2485 559 2546 pacem
576 2469 730 2530 omnihus
745 2469 838 2530 vohis
853 2472 983 2546 optans.

359 2566 574 2628 Considerate
589 2569 623 2626 et
636 2567 756 2636 videte,
772 2567 930 2642 quoniam
943 2566 1014 2627 dies
1030 2581 1114 2626 mor-

321 2663 365 2724 tis
377 2663 633 2740 appropinquat.
653 2665 745 2737 Rogo
760 2679 840 2738 ergo
851 2679 910 2722 vos
924 2679 999 2722 cum
1015 2679 1114 2723 reve·

323 2760 446 2831 rent'ta,
476 2761 563 2820 sicut
584 2776 729 2836 possum,
753 2775 794 2820 ne
817 2761 1064 2836 proptercuras
1081 2763 1115 2820 et

323 2856 567 2918 sollicitudines
590 2857 689 2932 huius
712 2855 839 2928 seculi,
864 2872 947 2932 quas
971 2856 1114 2928 hahetis,

322 2955 497 3018 Dominum
512 2954 673 3016 oblivioni
688 2954 840 3024 tradatis,
861 2955 895 3015 el
912 2969 932 3014 a
950 2955 1114 3016 mandatis

322 3053 395 3130 elus
419 3052 612 3124 declinetis;
635 3052 713 3130 qula
739 3067 854 3113 omues
881 3052 931 3112 illi
957 3053 1113 3128 quicum

322 3150 482 3212 oblivioni
497 3151 642 3220 tradunt,
659 3151 723 3211 eta
745 3149 909 3210 mandatis
926 3153 997 3227 ejus
1009 3151 1115 3211 decli-

323 3250 415 3318 nant,
431 3247 596 3308 maledicti
608 3249 696 3317 sunt,
711 3247 744 3308 et
758 3247 799 3306 ah
812 3262 851 3308 eo
867 3245 1027 3308 oblivioni
1044 3249 1115 3308 tra-

324 3344 460 3418 dentur;
474 3347 592 3406 etcum
609 3345 738 3406 venerit
752 3343 822 3404 dies
839 3345 968 3412 mortis,
989 3346 1111 3416 omnia,

323 3457 398 3520 quas
413 3441 572 3520 putabant
588 3441 722 3512 hahere,
737 3440 932 3503 auferentur
947 3441 988 3502 ah
1001 3443 1066 3516 eis;
1082 3446 1115 3504 et

323 3541 447 3620 quanto
457 3539 677 3617 sapientiores
690 3541 724 3600 et
737 3539 939 3616 potentiores
949 3538 1114 3602 luerintin

322 3637 386 3702 hoc
400 3638 535 3709 saeculo,
549 3639 641 3700 lauto
656 3640 784 3716 majora
799 3638 962 3700 tormenta
975 3639 1115 3700 sustine·

321 3735 404 3798 hunt
417 3736 452 3798 lu
467 3733 609 3798 interno.
628 3735 721 3797 Unde
739 3734 880 3796 lirtniter
901 3735 1039 3797 consulo
1054 3751 1116 3796 vo-

321 3831 373 3896 hls
394 3833 537 3896 dominis
557 3833 651 3905 meis,
674 3834 709 3895 ut
723 3831 812 3894 omni
831 3847 912 3894 cura
938 3834 971 3894 et
987 3833 1116 3894 sollici-

320 3930 435 3994 tudine
457 3930 665 4008 posthabitis,
682 3931 928 3992 sanctissimum
940 3925 1063 4008 ‘corpus
1083 3933 1115 3992 et

321 4029 771 4103 sanctissimumsanpuiuem
781 4028 911 4088 Domini
921 4029 1115 4090 nostrilesu

199 4115 205 4130 '
322 4126 445 4188 Christi
461 4127 494 4186 in
511 4129 583 4202 eJ'us
597 4127 712 4186 sancta
727 4126 1041 4187 commemoratione
1056 4125 1116 4187 he-

272 4255 277 4265 ·
322 4221 1115 4300 nipnerecipiatis.attentumuonoreminponi-

322 4320 400 4398 pnlo
417 4319 508 4380 vobis
524 4319 711 4388 commisso,
725 4319 862 4380 homino
875 4319 1065 4393 contemtia,
1080 4325 1116 4384 ut

322 4416 470 4496 quullbet
484 4431 559 4478 sero
574 4417 796 4478 annuncietur
812 4432 872 4494 per
889 4418 1042 4480 nuntium
1062 4423 1114 4480 vel

323 4531 382 4594 per
397 4513 485 4578 allud
503 4514 646 4588 stonum,
662 4529 726 4592 quo
740 4514 957 4592 omnipotenti
975 4516 1114 4577 Domino

321 4616 389 4678 heo
401 4613 443 4676 ah
459 4613 615 4674 universo
628 4611 749 4690 populo
762 4610 877 4674 laudes
894 4614 927 4676 et
938 4613 1054 4690 gratiae
1066 4629 1115 4674 re-

358 4753 400 4828 ll)
427 4755 521 4812 lluum
552 4753 661 4826 occepit
689 4751 773 4826 hujus
807 4753 939 4826 Epistole
970 4753 1114 4824 exemplar

323 4826 481 4898 lllsponum
502 4827 533 4884 P.
559 4826 651 4882 Lucus
680 4837 695 4880 s
722 4823 856 4896 predicto
878 4825 1012 4897 religioso
1040 4825 1112 4881 viro.

319 4895 404 4954 Allud
417 4896 444 4952 el
459 4896 580 4952 octurrlt
596 4895 726 4954 Latinum
742 4893 815 4966 apud
834 4895 922 4952 lllusl.
939 4903 967 4953 et
981 4909 1113 4952 reveren·

321 4965 432 5024 dlssim,
450 4969 481 5022 ll.
498 4967 677 5022 l‘ruuciscum
690 4967 855 5038 Goucagem
876 4967 903 5022 in
918 4981 970 5022 suo
989 4965 1022 5020 dc
1045 4967 1109 5022 Ovi-

321 5038 384 5108 ptuc
405 5037 602 5094 l'rcoctsmno
632 5037 784 5108 llcltpiouts
803 5037 885 5106 llhro,
913 5037 940 5092 tu
968 5037 1112 5106 provincia

326 5107 491 5178 Aragoultu,
510 5108 536 5164 iu
555 5107 702 5178 principio.
721 5107 874 5179 Hoc‚quod
892 5108 1013 5179 aprime
1028 5108 1110 5164 inni·

322 5175 381 5234 luto
398 5177 486 5234 lttrtoe
498 5177 648 5248 discrepat,
665 5177 786 5250 suhjlcit.

357 5249 397 5318 lt)
414 5250 556 5316 tluavttum
585 5263 619 5304 ex
644 5247 697 5304 hae
723 5248 900 5305 breviuscula
935 5254 962 5303 et
991 5247 1112 5319 simplici

321 5319 446 5392 Eplstolu
472 5319 537 5375 votui
554 5319 699 5388 colligere,
723 5321 789 5384 heo,
804 5318 879 5374 beati
893 5319 944 5374 vul
957 5319 1051 5374 soclus
1067 5319 1110 5374 in·

321 5391 424 5458 litetur,
442 5403 456 5446 o
471 5389 592 5460 lunulam
610 5404 710 5461 passus
736 5397 779 5445 est
798 5389 914 5459 spiritus
940 5389 1109 5446 molestiam.

322 5465 411 5530 Queut
427 5467 457 5518 ut
471 5461 597 5516 suevltev
618 5458 704 5516 velutl
723 5467 849 5516 matema
866 5459 1056 5516 teneritudine
1071 5461 1112 5516 vir

320 5539 437 5589 suuutus
448 5531 587 5598 lustravit,
603 5535 631 5586 et
648 5529 675 5586 lu
692 5530 827 5602 religioso
848 5529 942 5601 aliquo
956 5531 1112 5588 cenobiale

321 5601 355 5662 ml
379 5603 482 5662 attlme
508 5601 631 5674 quictem
651 5599 779 5672 reliqult3
796 5601 899 5658 timens
919 5607 1027 5658 satane
1040 5609 1112 5660 astu-

1166 828 1235 896 lnd,
1247 845 1269 890 a
1284 829 1424 889 Domino
1432 831 1503 890 Deo
1516 845 1554 890 se
1565 829 1721 890 noverint
1729 829 1949 892 benedictos.

1406 999 1612 1059 armona
1630 1001 1717 1059 XVI.

1335 1125 1389 1182 Ad
1406 1123 1560 1194 fratrem
1572 1125 1723 1184 Leonem
1737 1119 1800 1201 (2).

1237 1251 1375 1308 ereans
1393 1251 1522 1308 subditos
1535 1251 1636 1326 diligat
1654 1259 1685 1308 ut
1697 1261 1790 1309 mater
1805 1251 1893 1309 lilios.

1206 1377 1324 1436 Frater
1340 1377 1535 1448 1eo,lraler
1553 1377 1753 1440 Franciscus
1771 1379 1851 1438 tuus
1872 1377 1975 1438 salu-
2060 1423 2061 1428 η

1166 1475 1231 1532 tem
1246 1477 1280 1534 et
1294 1491 1421 1550 pacem.

1206 1573 1256 1630 Ita
1282 1571 1356 1631 dico
1383 1571 1455 1642 tihi,
1482 1571 1533 1631 tili
1558 1571 1615 1642 mi,
1633 1572 1720 1632 sicut
1743 1573 1869 1646 mater;
1885 1572 1973 1648 quia

1167 1669 1279 1728 omnia
1294 1669 1407 1738 verba,
1422 1687 1496 1744 quae
1510 1670 1657 1729 diximus
1677 1671 1712 1729 in
1730 1671 1799 1742 via,
1815 1669 1976 1730 breviter

1168 1765 1200 1823 in
1213 1765 1274 1824 hoc
1286 1766 1386 1825 verho
1397 1767 1538 1841 dispono
1549 1769 1582 1826 et
1593 1767 1793 1828 consilioEt
1804 1768 1835 1827 si
1850 1771 1974 1844 postea

1167 1865 1296 1938 oportet
1323 1867 1458 1939 propter
1484 1864 1662 1924 consilium
1687 1865 1805 1924 venire
1833 1863 1878 1923 ad
1903 1879 1971 1935 me,

1166 1961 1214 2020 ita
1235 1960 1376 2020 consilio
1393 1961 1465 2020 tihi.
1480 1963 1517 2020 ln
1530 1977 1739 2038 quocumque
1751 1961 1852 2022 modo
1868 1962 1973 2021 vide·

1166 2061 1222 2118 tur
1236 2057 1295 2118 tihi
1311 2058 1443 2134 placere
1458 2059 1599 2119 homino
1613 2061 1694 2129 Deo,
1707 2061 1741 2121 et
1768 2058 1870 2134 sequi
1886 2074 1973 2118 ves-

1166 2155 1249 2229 tigia
1270 2157 1304 2214 et
1328 2157 1558 2231 paupertatem
1579 2172 1686 2226 suam,
1710 2155 1844 2216 [aciatis
1862 2153 1975 2233 llaec:

1169 2251 1284 2332 saclas]
1315 2269 1391 2312 cum
1411 2251 1644 2312 benedictione
1671 2253 1805 2313 Domini
1829 2252 1905 2323 Dei,
1939 2255 1974 2312 et
2060 2261 2061 2264 ’

1167 2365 1240 2410 mea
1256 2349 1456 2410 ohedientia.
1479 2353 1519 2409 Et
1539 2351 1567 2408 si
1583 2349 1646 2410 tihi
1666 2352 1717 2410 est
1736 2349 1973 2410 necessarium

1168 2451 1302 2522 propter
1317 2448 1463 2506 animam
1486 2449 1587 2517 tuam,
1609 2446 1785 2507 eulaliam
1804 2446 1971 2506 consola-

1168 2543 1292 2603 tionem
1308 2547 1410 2612 tuam,
1425 2547 1457 2603 et
1474 2543 1535 2611 vis,
1552 2545 1618 2604 Leo
1635 2544 1691 2616 mi,
1708 2544 1827 2604 venire
1840 2543 1886 2604 ad
1902 2559 1970 2614 me,

1169 2641 1256 2700 veni.
1269 2641 1351 2702 l'ale
1367 2641 1402 2700 in
1418 2641 1560 2700 christu.

1365 2811 1568 2870 EPISTOLA
1588 2811 1680 2870 XVII
1701 2806 1762 2889 (3).

1200 2934 1253 2994 Ad
1269 2935 1442 2992 doctinam
1452 2936 1616 2994 Jccchcm
1626 2937 1668 2994 de
1685 2935 1936 3008 septenaouss.

1169 3064 1272 3120 Paucis
1293 3061 1396 3119 diebus
1414 3071 1568 3134 antequam
1585 3071 1746 3121 cruentum
1765 3063 1914 3122 clauderet
1935 3066 1968 3121 B.

1204 3160 1285 3223 peter
1298 3159 1476 3223 mortemque
1493 3153 1553 3225 jam
1567 3169 1626 3224 prae
1640 3152 1749 3210 loribus
1768 3153 1919 3221 institisse,
1933 3167 1970 3209 ex

1205 3242 1255 3296 llei
1271 3240 1444 3296 revelatione
1458 3249 1537 3297 certo
1551 3243 1656 3308 sciens,
1668 3239 1878 3300 nobilissimam
1891 3240 1970 3298 hanc

1204 3336 1363 3386 matronam
1383 3328 1616 3400 praemonendam
1635 3329 1784 3402 judicavit,
1800 3338 1829 3388 et
1851 3331 1879 3386 si
1902 3345 1969 3402 que

1203 3418 1333 3490 exequiis
1343 3425 1423 3474 ersnt
1433 3419 1608 3487 necessarie,
1620 3419 1656 3475 ah
1670 3418 1773 3475 eadem
1788 3420 1923 3492 postulat.

1208 3542 1515 3614 Dominaelacobae,
1541 3559 1648 3604 servae
1666 3544 1832 3605 altissimi
1860 3544 1967 3606 irater

1169 3641 1368 3702 Franciscus
1384 3642 1607 3716 pauperculus
1620 3644 1701 3704 Jesu
1713 3641 1849 3713 Christi,
1867 3642 1966 3702 salu-

1171 3741 1235 3800 tem
1247 3741 1281 3800 et
1290 3739 1483 3800 societatem
1492 3739 1636 3815 Spiritus
1645 3739 1758 3800 Sancti
1769 3740 1805 3800 in
1820 3740 1964 3800 Domino

1168 3835 1400 3896 JesuChristo.

1210 3932 1304 3994 Scias
1319 3932 1506 4004 carissima,
1523 3933 1610 4010 qnod
1629 3931 1713 3992 mihi
1727 3933 1880 3995 Christus
1904 3934 1965 3994 he-

1170 4029 1320 4091 nedictus
1332 4045 1391 4106 per
1401 4045 1494 4090 suam
1509 4031 1652 4104 gratiam
1662 4031 1739 4092 vitae
1750 4045 1834 4090 meae
1847 4033 1965 4091 termi-

1169 4143 1248 4186 num
1273 4127 1419 4188 lnturum
1445 4127 1480 4186 in
1507 4127 1658 4204 proximo
1678 4127 1852 4189 revelavit.
1874 4131 1966 4198 Qua-

1170 4226 1303 4300 propter
1328 4225 1357 4284 si
1368 4225 1419 4288 vis
1434 4224 1586 4284 invenire
1599 4241 1651 4284 me
1664 4225 1788 4296 vivum,
1805 4225 1889 4286 visis
1911 4226 1964 4286 his

1170 4321 1299 4393 litteris,
1316 4320 1357 4382 ad
1372 4323 1528 4382 Sanctam
1541 4323 1683 4382 Mariam
1695 4321 1735 4384 de
1749 4322 1889 4398 Angelis
1904 4339 1965 4384 ve-

1169 4419 1242 4478 nire
1265 4418 1398 4480 festina.
1424 4420 1509 4479 Nam
1534 4419 1563 4478 si
1598 4421 1674 4495 post
1708 4419 1795 4481 diem
1826 4419 1963 4482 Sahhati

1169 4517 1312 4588 veneris,
1327 4532 1378 4578 me
1389 4517 1501 4578 vivum
1516 4518 1668 4578 invenire
1684 4533 1750 4578 non
1765 4519 1909 4593 poteris3
1929 4521 1964 4578 et

1169 4615 1263 4690 porta
1290 4615 1400 4675 tecum
1428 4627 1574 4690 pannum
1598 4614 1650 4674 vel
1662 4615 1822 4686 cilicium,
1845 4616 1879 4675 in
1897 4631 1962 4692 quo

1168 4755 1232 4821 tias,
1242 4760 1271 4810 et
1281 4753 1407 4811 absentis
1418 4753 1467 4811 lllli
1480 4754 1646 4826 periculum,
1657 4753 1773 4811 hiscum
1783 4755 1878 4812 verbis
1888 4771 1963 4812 com-

1169 4826 1301 4907 pellevit.¹
1311 4825 1403 4908 Ipsius
1414 4826 1557 4906 Francisci
1572 4839 1659 4908 manu
1680 4835 1796 4882 exarata
1812 4835 1962 4908 servantur

1168 4897 1423 5038 ιὸηέἓῖθῖῗῐιᾳυιεειι]
1434 4911 1560 4952 sacrarro
1575 4898 1717 4953 lituorum
1731 4900 1961 4954 conventualium

1204 5037 1243 5108 (3)
1257 5036 1453 5108 lmperlectam
1465 5051 1529 5092 esse
1540 5038 1706 5110 Epistulam.
1724 5037 1868 5095 Facillime
1880 5039 1959 5096 colli·
2060 5067 2061 5076 ,

1167 5123 1230 5190 ges.
1254 5110 1324 5164 Earn
1353 5107 1436 5188 nohis
1451 5107 1626 5164 tradiderunt
1649 5108 1852 5192 diversimode,
1874 5111 1958 5167 llarc.

1167 5177 1620 5332 lellhhl‘ljeltllllhlh
1633 5179 1959 5308 tlll‘stlatlsll:

1166 5335 1254 5378 sauus
1288 5319 1358 5376 hhro
1375 5326 1468 5386 tertre,
1488 5321 1632 5390 conform.
1660 5321 1687 5388 t,
1718 5328 1797 5392 parte
1818 5321 1958 5392 seconda;

1167 5406 1230 5446 eam
1244 5391 1373 5448 Latinam
1391 5389 1477 5446 habet
1488 5393 1636 5459 Speculum
1652 5392 1721 5451 Vile
1737 5393 1898 5458 Proiectae,
1912 5391 1957 5449 sol.

1167 5463 1235 5518 mihi
1262 5461 1322 5528 138,
1346 5475 1381 5517 ex
1416 5475 1452 5516 uo
1477 5475 1541 5517 eam
1562 5462 1737 5534 transcripsi.
1753 5462 1856 5519 ltalsm
1877 5463 1959 5522 hahet

1166 5531 1365 5590 eodemmodo
1378 5475 1532 5600 F‘foretum,
1549 5531 1597 5590 lul.
1615 5532 1675 5590 lot.
