4226 6406
302 268 363 330 466
781 259 1257 323 16666666166666
1285 256 1473 322 nanuum
1770 244 1772 252 “
1887 265 1948 326 sos

343 425 478 488 Lectio.
508 427 563 486 VI.
586 424 719 484 1616666
734 420 836 498 161166
850 420 892 482 61
906 421 1016 483 locum
1039 435 1097 482 ee-
1151 419 1320 498 66666166
1335 435 1413 482 6666
1428 417 1609 480 immobilis
1622 417 1767 496 perstitit
1777 441 1784 481 :
1795 408 1840 482 ac'
1850 401 1949 498 plen'e

303 522 433 603 pulcri.
450 522 551 585 totam
565 535 601 581 se
622 520 762 581 contulit
785 519 949 581 orationi.
975 518 1098 579 Orante
1152 515 1289 578 sanitati
1302 517 1457 578 restituta
1468 516 1601 578 domum
1613 517 1789 580 remeauit.

304 621 415 682 autem
430 620 527 695 ipsa:
551 633 628 679 ecce
655 617 720 678 duo
744 616 834 692 globi
856 615 897 676 61
918 615 1026 677 166166
1041 614 1097 676 661
1191 614 1328 676 Lectio.
1344 617 1401 676 II.
1425 613 1584 675 Armenia
1599 612 1647 694 (1)
1673 614 1813 691 quodam
1826 613 1867 676 de
1887 615 1950 676 Ui-

304 716 488 791 eruperunt
504 715 592 776 16166
617 714 725 775 femur
746 714 779 775 et
799 713 880 790 ylia.
904 712 1098 773 Discurren-
1153 711 1262 773 666116
1277 712 1425 789 quinque
1440 725 1604 772 annorum
1617 711 1726 789 spatio
1737 712 1884 773 existens
1893 729 1950 789 pa·

200 869 204 878 ,
304 806 1095 887 tequeintrorsushumeroquodamsubcutaneo.
1152 807 1285 870 66111166
1311 829 1318 868 :
1347 808 1439 870 nullo
1474 809 1650 870 conamine
1675 809 1770 885 pedis
1796 825 1949 885 gressum

305 906 395 983 globi
414 906 456 968 61
476 907 577 984 pedes
597 921 701 983 usque
717 904 982 968 descenderunt:
1000 919 1040 965 ac
1063 903 1098 963 in
1153 906 1256 982 16666
1281 905 1387 982 661611
1413 950 1421 966 .
1443 905 1500 968 661
1528 921 1603 968 cum
1631 905 1744 984 aliqua
1771 907 1948 969 occasione

305 1003 439 1066 modum
455 1017 693 1066 concusserum
711 1017 868 1064 manuum
884 1003 1098 1078 perstrepen-
1152 1004 1264 1066 erecta
1277 1003 1395 1064 1616661
1408 1024 1415 1064 :
1429 1005 1507 1066 ante
1521 1005 1554 1066 et
1567 1005 1658 1066 66166
1670 1003 1896 1065 tremebundis
1910 1021 1948 1066 66

303 1103 378 1164 tes.
394 1102 507 1164 multis
532 1101 745 1162 audientibus
769 1097 953 1161 sonuerunt
969 1141 977 1158 .
998 1097 1100 1159 Deni—
1152 1101 1297 1163 motibus
1312 1100 1948 1178 66116161.1166166616116661666166]

306 1215 371 1276 que
385 1215 485 1262 crura
500 1199 572 1260 cius
590 1244 597 1259 .
614 1201 684 1260 XX.
702 1212 865 1259 annorum
881 1196 988 1274 spatio
1003 1194 1100 1273 quasi
1153 1198 1242 1260 beati
1258 1197 1385 1260 antonii
1399 1213 1505 1275 prona
1519 1214 1556 1259 se
1570 1199 1605 1258 in
1630 1199 1815 1260 orationem
1835 1197 1945 1261 dedit.

307 1295 456 1356 arelacta
475 1310 553 1356 mox
571 1296 710 1356 extensa
731 1295 808 1355 sunt
822 1315 829 1352 ε
845 1291 879 1354 61
892 1291 1006 1352 laxata
1025 1292 1099 1354 cute
1154 1296 1187 1357 et
1207 1310 1285 1358 mox
1300 1295 1475 1373 pristinam
1488 1311 1525 1358 se
1543 1295 1668 1357 babere
1683 1296 1860 1359 sanitatem
1875 1312 1950 1373 pro·

307 1391 481 1454 66666661
497 1393 658 1454 staturam
679 1389 857 1469 pristinam
872 1404 1024 1451 crescere
1039 1403 1098 1450 ce·
1154 1392 1286 1455 meruit.

306 1489 437 1566 666661.
1193 1491 1329 1553 Lectio.
1352 1493 1424 1552 III.
1448 1488 1652 1567 Maynardus
1677 1489 1718 1552 de
1739 1489 1853 1552 runcis
1880 1487 1947 1568 (2).

347 1587 484 1648 Lectio.
520 1588 594 1648 VII.
618 1586 778 1648 Uidentes
807 1585 918 1646 autem
946 1584 1100 1646 custodes
1155 1602 1230 1649 oum
1243 1603 1302 1664 per
1318 1631 1327 1648 .
1342 1589 1423 1648 XX.
1440 1587 1511 1649 1166
1526 1587 1665 1665 paralisi
1678 1586 1860 1648 dissolutus
1871 1585 1951 1647 luis·

305 1683 506 1761 tumulique
529 1683 674 1746 flebant.
703 1684 799 1745 extra
820 1683 943 1744 ostium
959 1681 1100 1744 66616616
1155 1687 1207 1748 661
1222 1732 1229 1746 .
1246 1686 1422 1748 intantum
1437 1685 1581 1748 6166116
1597 1685 1729 1762 6661166
1746 1685 1866 1763 pedum
1881 1685 1950 1746 ute·

307 1795 448 1858 propere
474 1782 647 1842 mulierem
673 1782 862 1858 portantes.
886 1779 975 1841 baud
1003 1779 1100 1856 61666
1154 1784 1248 1846 66166
1262 1783 1373 1846 6111616
1387 1828 1395 1844 .
1409 1798 1471 1845 666
1486 1799 1524 1845 66
1537 1781 1578 1844 61
1590 1782 1826 1844 comedendum
1839 1783 1951 1860 posset

308 1881 462 1940 sanatam
474 1878 695 1940 demiserunt.
709 1880 753 1940 At
767 1878 825 1938 illa
840 1876 998 1955 perdies.
1012 1877 1098 1937 XIX.
1155 1882 1304 1959 aperire.
1322 1895 1423 1958 super
1436 1881 1624 1959 plaustrum
1640 1881 1795 1941 onustum
1810 1879 1950 1942 166666-

308 1975 516 2038 66611661166
530 1975 691 2038 insistens
706 1991 768 2037 nec
778 1991 844 2036 non
867 1975 900 2037 61
923 1974 1045 2037 cotidie
1060 1972 1101 2034 ad
1156 1978 1275 2057 quoad
1291 1979 1421 2057 pratum
1438 1979 1537 2040 uallis
1560 1979 1691 2040 delatus
1707 1979 1768 2040 661.
1789 1980 1859 2051 Quo
1875 1991 1949 2039 cum

309 2071 420 2134 locum
435 2073 557 2134 dictum
574 2087 610 2134 se
624 2073 781 2134 trahens.
806 2074 842 2134 16
865 2071 941 2134 116.
966 2073 1037 2132 XX.
1050 2072 1103 2132 di·
1156 2076 1297 2138 ducente
1321 2091 1397 2137 eum
1417 2077 1567 2153 plaustro
1591 2076 1823 2154 peruenisset:
1852 2075 1950 2136 dorso

309 2170 421 2232 missis
433 2170 589 2232 scabellis
607 2170 739 2232 domum
753 2170 873 2232 rediit.
891 2171 925 2232 et
945 2185 1012 2231 666
1029 2169 1102 2230 6166
1157 2173 1223 2234 6161
1239 2175 1376 2236 666166.
1392 2173 1433 2235 61
1448 2173 1537 2236 16611
1547 2174 1684 2236 Antonii
1694 2173 1857 2235 tumulum
1870 2189 1951 2250 sup-

308 2283 430 2344 666666
448 2269 595 2329 omnium
623 2267 844 2330 admiratione
873 2283 933 2344 per
957 2267 1102 2329 medium
1156 2271 1232 2348 ples
1259 2271 1425 2334 accessit:
1451 2273 1552 2333 Facta
1572 2272 1677 2348 igitur
1698 2271 1870 2333 66611666.
1896 2269 1950 2330 16-

309 2365 456 2428 cluitatis
469 2366 609 2428 firmatis
624 2364 793 2442 gressibus
806 2364 1001 2427 embulauit.
1156 2367 1340 2430 continenti
1355 2369 1503 2430 surrexit
1518 2389 1526 2429 ε
1543 2370 1577 2431 61
1600 2369 1717 2446 666616
1740 2383 1798 2430 666
1815 2413 1822 2428 .
1845 2369 1949 2428 Deum

348 2464 483 2526 Lectio.
510 2466 604 2524 VIII.
628 2465 716 2524 Puer
730 2462 864 2540 quidam
883 2462 1030 2524 61166166
1046 2476 1103 2523 no·
1156 2467 1190 2528 et
1203 2465 1336 2528 beatum
1358 2466 1532 2528 antonium
1547 2464 1711 2527 1661666.
1731 2466 1876 2544 propriis
1890 2479 1950 2542 pe-

309 2561 425 2622 mine.
449 2577 524 2622 cum
548 2575 568 2622 6
587 2561 763 2623 6611611616
784 2576 844 2621 666
863 2558 1101 2637 6666661661-
1156 2562 1253 2624 dibus
1266 2562 1398 2624 domum
1413 2577 1588 2639 regressus
1606 2564 1666 2624 est.

310 2673 390 2718 num
405 2703 412 2718 .
428 2660 493 2718 XI.
517 2657 633 2734 pedem
647 2658 819 2720 sinistrum
832 2659 954 2720 tortum
964 2656 1103 2718 babuis-
1196 2661 1331 2723 Lectio.
1355 2663 1448 2723 IIII.
1475 2661 1598 2722 Mulier
1623 2661 1764 2738 quedam
1787 2657 1868 2720 bilia
1886 2671 1950 2718 no-

215 2784 221 2801 =
310 2760 361 2816 eet
376 2775 383 2815 ι
401 2755 495 2832 66616
517 2755 682 2832 superiori
702 2754 743 2815 ad
757 2755 881 2816 terram
896 2769 995 2815 uersa
1013 2753 1102 2830 digi-
1157 2757 1247 2820 miue
1263 2803 1270 2818 .
1288 2772 1467 2836 perennes
1490 2757 1558 2820 1666
1577 2759 1646 2821 1616
1666 2771 1805 2834 6666666
1828 2757 1951 2819 treme-

309 2853 362 2914 tos
373 2852 414 2912 ad
425 2853 621 2914 calcaneum
630 2852 724 2929 pedis
737 2851 845 2914 dextri
856 2853 1102 2928 preposteratos
1157 2851 1286 2914 16616.
1303 2852 1344 2914 61
1359 2853 1496 2914 archam
1512 2853 1620 2915 sancti
1630 2853 1734 2930 661616
1747 2851 1875 2913 6616611
1886 2851 1953 2914 tre·

309 2949 482 3027 portabat.
497 2949 557 3011 Gui
572 2952 668 3027 pater
686 2949 728 3010 ad
752 2949 962 3025 dirigendum
985 2949 1103 3027 pedem
1157 2950 1256 3012 mulis
1272 2949 1440 3026 gressibus
1455 2949 1549 3012 uenit
1572 2950 1762 3026 6666611616
1779 2992 1786 3009 .
1803 2950 1952 3027 Cumque

310 3046 403 3124 11666
430 3047 638 3126 6666116666
666 3047 916 3109 66666666661.
942 3047 999 3109 661
1026 3063 1104 3108 mox
1157 3063 1270 3110 coram
1281 3047 1409 3110 tumulo
1419 3047 1455 3109 in
1465 3047 1618 3110 oratioue
1630 3045 1841 3125 persisteret.
1858 3045 1953 3106 inua-

311 3161 519 3224 quacumque
534 3145 710 3209 occasione
726 3144 813 3207 66161
823 3145 1031 3221 contingeret
1042 3168 1049 3207 :
1061 3145 1103 3206 ad
1158 3145 1304 3207 lescente
1313 3147 1458 3208 tremore
1467 3143 1560 3206 66166
1571 3145 1694 3206 nimius
1706 3144 1741 3205 in
1753 3159 1826 3204 eam
1839 3143 1950 3204 irruit.

310 3242 541 3320 tortitudinem
556 3243 689 3305 solitam
701 3242 864 3305 resilibat.
1158 3241 1424 3305 1161661661666
1439 3242 1506 3304 uiri
1526 3243 1559 3304 61
1582 3240 1740 3303 mulieres
1758 3238 1955 3303 tremebun-

350 3341 485 3402 Leciio.
507 3343 572 3401 IX.
608 3339 668 3402 Die
693 3339 799 3416 igitur
825 3339 968 3417 quedam
998 3341 1105 3402 mater
1159 3341 1210 3402 116
1222 3343 1295 3418 ejus
1318 3339 1493 3402 sudoribus
1509 3339 1775 3416 compacieutes.
1797 3338 1861 3400 Sed
1876 3354 1953 3399 cum

311 3437 408 3514 pueri
429 3437 471 3499 ad
499 3437 636 3498 arebam
663 3437 753 3499 beati
778 3437 909 3499 antonii
930 3453 1005 3500 cum
1033 3436 1104 3499 11116
1158 3438 1388 3500 extraostium
1407 3437 1548 3500 ecclesie
1563 3436 1673 3499 delata
1687 3436 1825 3514 paulum
1842 3435 1955 3512 respi-

312 3535 454 3611 supplex
468 3535 631 3597 accessit.
648 3535 681 3598 et
694 3535 927 3613 pedemipsius
939 3534 978 3596 61
994 3535 1105 3596 locum
1158 3536 1289 3598 resset:
1319 3534 1496 3598 recedente
1524 3537 1636 3598 calore
1661 3534 1783 3596 mulier
1811 3533 1952 3596 solidata

311 3632 478 3711 utcunque
490 3632 681 3696 intromisit.
700 3635 847 3712 Cumque
860 3649 966 3710 paruo
983 3632 1104 3694 ibidem
1159 3633 1233 3696 loco
1248 3633 1412 3695 discessit.

310 3729 669 3808 temporepermauens
690 3731 907 3793 uehementer
928 3731 1103 3792 sudasset:
1198 3732 1335 3793 Lectio.
1358 3733 1393 3792 V.
1418 3729 1640 3793 1666616616
1664 3730 1883 3805 montagnana
1904 3727 1952 3808 (3)

311 3842 332 3888 6
352 3828 543 3890 custodibus
570 3843 648 3890 6666
665 3828 763 3890 matri
787 3829 981 3890 restitutus.
996 3827 1105 3890 uersis
1159 3830 1232 3890 erat
1247 3827 1388 3905 quedam
1403 3826 1523 3889 mulier
1533 3827 1666 3889 nomine
1679 3827 1819 3904 6616666
1831 3824 1878 3906 (1)
1889 3841 1954 3903 666

311 3924 353 3985 61
367 3925 490 3988 terram
506 3925 629 4004 plantis
643 3926 778 3988 domum
791 3926 901 3988 rediit.
1160 3941 1220 4002 por
1249 3939 1371 3986 annum
1401 3925 1434 3986 61
1462 3941 1610 3986 mensem
1639 3923 1778 4002 paralisi
1804 3923 1954 3986 resoluta

1160 4021 1309 4084 6661166
1333 4021 1374 4082 61
1398 4021 1626 4100 666611661616
1648 4021 1776 4084 antonii
1789 4020 1955 4083 tumulum

1159 4119 1550 4196 66666666616666116116
1558 4119 1666 4197 gratia
1682 4121 1858 4182 uenturam
1869 4121 1963 4192 ‚Que-

490 4205 564 4265 ΑΗΘ
580 4203 677 4278 inore
695 4203 929 4264 &limm-
1160 4232 1235 4279 cum
1251 4218 1348 4279 66616
1362 4216 1504 4294 quadam
1523 4217 1559 4278 in
1578 4218 1685 4279 stratu
1700 4217 1866 4279 decubans
1889 4215 1955 4278 61-

1160 4313 1368 4376 dormisset:
1396 4313 1511 4377 661116
1535 4315 1674 4393 61666116
1698 4314 1794 4392 quasi
1824 4313 1956 4390 pulsato

351 4416 487 4478 Lectio.
512 4419 542 4477 I.
565 4417 603 4476 ln
626 4415 786 4478 comitatu
812 4413 1009 4476 ferrariensi
1033 4413 1107 4475 6661
1161 4411 1243 4488 6616
1258 4411 1373 4473 1661611
1390 4413 1537 4474 excitata
1552 4414 1612 4475 est.
1637 4413 1955 4488 Uocansquequen-

312 4513 433 4576 mulier
444 4513 585 4591 quedam
598 4513 704 4574 maria
719 4513 853 4574 nomine
871 4533 878 4572 :
895 4528 959 4588 que
984 4511 1025 4572 ab
1040 4525 1106 4572 an·
1161 4509 1236 4570 dam
1251 4525 1270 4571 e
1283 4511 1395 4572 uicino
1406 4511 1652 4572 comanentem.
1665 4509 1826 4588 quesierit
1837 4509 1957 4586 siquid

311 4613 364 4674 nis
379 4613 523 4688 quatuor
533 4611 603 4673 toto
618 4625 758 4687 corpore
768 4610 906 4686 paralisi
922 4608 1103 4670 dissoluta.
1161 4607 1277 4670 661116
1299 4607 1513 4685 percepisset.
1537 4609 1607 4680 Quo
1629 4605 1850 4684 respondente
1878 4607 1957 4684 quia

311 4712 463 4788 caputet
491 4709 602 4772 omnia
629 4707 777 4769 membra
803 4706 958 4784 portabat
978 4708 1105 4770 treme·
1161 4705 1265 4768 nichil
1279 4705 1594 4767 omninosonuisset
1609 4727 1618 4765 r
1631 4703 1825 4768 tremefacta
1836 4703 1958 4766 6661166

233 4855 236 4862 .
312 4805 806 4886 16616.1166666666666611616
822 4804 1106 4882 aliquaadlocum
1162 4803 1196 4865 16
1211 4803 1296 4864 16616
1311 4802 1458 4863 resedit.
1485 4804 1519 4865 et
1545 4802 1693 4879 proiecta
1718 4817 1819 4879 super
1837 4817 1873 4863 se
1896 4803 1956 4864 tu·-

313 4907 501 4982 quempiam
516 4905 618 4966 uellet
639 4903 820 4981 procedere
837 4947 844 4962 .
865 4917 983 4980 gressu
999 4903 1109 4964 retro·
1162 4900 1238 4962 nica
1251 4899 1394 4978 peruigil
1409 4899 1579 4962 excubuit.

285 5046 289 5054 .
311 5002 415 5077 66616
433 5001 633 5083 uelobliquo
659 5017 758 5079 quam
785 5016 864 5077 sepe
890 4999 1033 5076 66611616
1050 5013 1109 5061 66-
1201 4999 1334 5060 166116.
1357 5001 1419 5062 VI.
1435 4999 1582 5075 Cumque
1598 4996 1769 5073 paululum
1782 4997 1959 5058 sustinuis-

311 5098 453 5174 6616166
486 5115 650 5161 6666666.
681 5101 750 5171 Que
778 5113 853 5160 oum
882 5097 935 5157 die
964 5097 1106 5175 quadam
1163 5097 1229 5158 set:
1248 5095 1379 5172 pulsato
1395 5095 1515 5156 iterum
1528 5095 1650 5156 lectulo
1662 5094 1768 5172 666616
1784 5094 1964 5156 extimuit..

254 5201 267 5224 “·
312 5211 424 5258 coram
440 5197 546 5258 sancti
562 5196 689 5258 antonii
702 5195 829 5257 tumulo
850 5194 1004 5256 tunderet
1025 5208 1106 5257 ora·
1162 5191 1563 5270 616166666666616166611
1574 5207 1633 5254 666
1646 5192 1840 5270 imprimens
1850 5191 1967 5258 dixit...

310 5293 456 5354 tionem.
479 5292 588 5354 subito
600 5293 695 5354 66661
709 5293 783 5354 6166
796 5293 912 5355 161666
923 5291 1107 5368 6666611611
1162 5293 1241 5364 Quis
1256 5291 1364 5366 tangit
1381 5291 1522 5352 16616661
1542 5289 1743 5367 audiuitque
1765 5304 1881 5352 uocem
1901 5288 1959 5350 di-

311 5392 471 5468 ceperunt
486 5391 638 5452 extendi.
656 5393 895 5470 Exurgensque
909 5391 1030 5451 mulier
1049 5405 1109 5451 su·
1163 5389 1292 5450 centem
1316 5388 1402 5449 sibi.
1432 5387 1599 5450 Audacter
1622 5386 1717 5463 61666
1737 5389 1791 5448 16.
1813 5387 1855 5448 at
1876 5385 1959 5448 illa.

347 5519 388 5592 (l)
404 5523 457 5595 Ap.
474 5520 602 5580 bolland.
616 5539 623 5580 :
640 5522 798 5580 1166666166.
1199 5517 1239 5592 (31
1255 5521 1308 5592 Ap.
1324 5517 1452 5577 11611661.
1468 5519 1696 5600 611661666666.

348 5595 388 5670 tt)
404 5595 457 5668 Ap.
475 5592 603 5652 Bollaud.
619 5609 626 5649 ε
645 5591 833 5650 16611666166.
1199 5590 1239 5667 (t)
1253 5589 1344 5648 lbid:
1361 5589 1523 5663 Colaugna.
