4204 6402
376 287 435 346 807
804 289 837 347 S.
864 287 1038 348 ANTONH
1064 285 1252 348 PADUANI
1280 288 1418 348 OPERA
1446 289 1592 348 OMNIA.
1640 241 1644 246 ι
1929 303 1972 362 803

416 447 562 508 Revocat
576 461 656 522 ergo
671 449 758 507 Deus
777 446 957 518 hominem,
981 449 1017 508 ut
1031 445 1169 507 Creator
1224 446 1352 508 scillcet
1372 462 1439 507 non
1457 446 1536 508 sunt
1549 445 1692 506 radicati
1706 447 1740 506 in
1754 449 1849 526 petra.
1863 471 1880 514 ε
1892 458 1970 518 Radi-

375 547 574 615 creaturam,
592 545 627 604 ut
642 545 790 619 Sponsus
803 559 970 620 sponsam,
986 545 1022 605 ut
1033 543 1169 605 Redem·
1223 557 1278 604 ces
1303 558 1404 619 super
1425 558 1584 605 cacumen
1610 545 1712 623 petrae
1727 549 1846 609 sonant.
1862 554 1971 614 »Cacu-

374 640 675 717 ptorredemptum.
694 636 776 712 Quid
793 641 901 716 potest
915 655 1032 702 servus
1052 641 1168 700 contra
1223 655 1298 700 men
1315 641 1414 714 hujus
1427 642 1541 717 petrae,
1559 640 1683 702 Christi
1697 641 1850 716 videlicet,
1865 651 1908 710 θεῖ
1919 656 1971 728 ejus

373 736 561 810 Dominum,
591 737 653 798 eto.
684 737 723 798 Et
750 753 816 798 non
843 736 943 798 habet
971 753 1060 808 rous,
1090 736 1167 813 quid
1223 737 1398 806 exaltatio,
1430 737 1602 798 humilitas
1631 737 1756 800 scilicet
1781 743 1933 817 passionis,
1951 751 1973 809 θῖ

373 834 490 896 reddat
503 837 521 896 J
525 835 611 895 udici
627 835 809 896 accusanti.
830 832 893 895 Sed
907 835 984 896 inde
999 836 1049 896 est
1064 834 1168 910 ipsius
1222 835 1422 902 incarnatio,
1439 851 1513 911 quse
1527 835 1635 910 ipsum
1651 836 1785 911 extulit3
1801 840 1877 900 unde
1888 843 1973 904 Chris·

373 947 493 1007 magna
515 931 756 1005 misericordia,
781 933 866 1008 quod
886 933 957 1007 ipso
980 932 1099 1008 recipit
1113 946 1168 991 re·
1221 934 1274 992 tus
1297 930 1404 994 lactus
1430 933 1481 995 est
1505 947 1565 1008 pro
1589 931 1686 993 nobis
1700 949 1718 992 s
1734 933 1876 998 obediens
1896 956 1972 1017 usque

374 1029 557 1092 vertentem
569 1051 576 1104 ;
590 1030 677 1090 unde
689 1030 843 1092 ieremias
857 1028 902 1108 (3,
918 1029 949 1108 1)
961 1047 968 1090 :
980 1032 1018 1090 St
1028 1032 1169 1090 dimise·
1221 1030 1262 1089 ad
1276 1031 1426 1102 mortem,
1451 1033 1590 1091 mortem
1615 1034 1724 1091 autom
1738 1034 1855 1108 crucis;
1871 1041 1973 1114 propter

371 1128 422 1188 rit
445 1132 502 1188 air
529 1141 679 1188 amorem
704 1143 817 1198 sciam,
847 1129 881 1189 ei
904 1131 982 1201 ipsa
1009 1125 1167 1201 nupserit
1222 1125 1307 1203 quod
1327 1129 1361 1188 et
1380 1130 1467 1186 Deus
1487 1126 1650 1197 exaltavit
1671 1128 1763 1190 illum
1785 1128 1971 1209 (Philip.,2,8

371 1229 449 1287 atro
477 1226 579 1287 citeri
608 1223 667 1304 (1),
693 1227 859 1298 numerata
881 1239 948 1285 aaa
972 1225 1110 1299 pallitta,
1134 1223 1167 1284 et
1221 1226 1254 1284 et
1267 1223 1312 1302 9).
1340 1224 1525 1300 Superhoc
1551 1241 1711 1286 cacumen
1743 1229 1853 1289 sonant
1872 1230 1972 1292 radices

370 1323 607 1384 contaminata
627 1325 678 1383 est
694 1320 762 1399 (2)t
783 1326 830 1382 Ta
853 1323 971 1382 autem
993 1321 1167 1395 fornicata
1221 1321 1410 1394 immundae,
1428 1321 1490 1383 hoo
1506 1324 1556 1384 est
1570 1323 1727 1399 superbia
1742 1323 1842 1385 inflati
1857 1342 1972 1386 mumu-

370 1435 407 1482 es
421 1436 500 1483 mim
515 1421 632 1481 multis
643 1420 856 1480 amatoribus
867 1436 877 1478 :
888 1421 956 1494 Ego
968 1418 1077 1479 autem
1093 1417 1166 1478 dico
1221 1419 1296 1480 rant
1308 1421 1423 1480 contra
1446 1419 1625 1495 passionis,
1641 1423 1675 1482 et
1694 1421 1912 1483 incarnationis
1924 1424 1971 1482 hn-

369 1518 442 1588 tibi,
458 1520 649 1587 revertere,
662 1517 695 1577 ei
707 1531 768 1592 epo
783 1519 951 1591 recipiam
964 1514 1011 1595 (3)
1027 1517 1070 1576 te.
1085 1518 1166 1576 Item
1221 1516 1405 1584 militatem,
1423 1517 1559 1577 cumeis
1581 1518 1797 1594 praedicatum
1814 1519 1843 1580 et
1855 1519 1916 1580 ideo
1927 1536 1970 1580 ne-

237 1671 243 1687 ,
368 1616 404 1676 in
417 1616 481 1677 hoc
495 1617 634 1699 apparet
645 1617 717 1689 ejus
730 1613 972 1686 misericordia,
993 1612 1078 1689 quod
1095 1612 1167 1687 ipse
1221 1615 1313 1689 potes
1328 1629 1453 1686 eorum,
1471 1614 1626 1676 videlicet
1647 1631 1858 1687 successores,
1872 1616 1969 1676 etini-

369 1713 532 1774 satisleoit
542 1729 601 1788 pro
617 1711 733 1784 nobis;
748 1711 836 1772 unde
853 1732 860 1770 ε
878 1713 956 1782 Quae
971 1726 1038 1771 non
1056 1709 1165 1784 rapui,
1220 1712 1344 1772 latores
1358 1727 1422 1772 non
1437 1711 1706 1788 multiplicabunt
1720 1729 1834 1780 ramos,
1847 1715 1877 1774 ut
1889 1711 1968 1788 profi-

369 1813 449 1872 tunc
472 1809 668 1871 exolrebam
693 1805 797 1885 (Psal.
823 1809 873 1876 68,
899 1807 943 1886 5).
962 1808 1047 1868 Hinc
1070 1807 1165 1868 lsaiae
1221 1808 1320 1869 ciant.
1338 1811 1384 1869 De
1400 1808 1544 1885 hyssopo
1559 1809 1660 1872 tiebat
1674 1811 1885 1887 aspersorium
1898 1809 1973 1870 indis

368 1905 567 1986 (46‚4):Ego
578 1905 653 1976 ieci,
670 1905 704 1966 et
715 1903 901 1980 egoleram,
915 1905 1043 1966 scilicet
1058 1903 1166 1964 homi·
1220 1905 1435 1982 expiationis,
1453 1909 1486 1968 et
1500 1907 1599 1967 hodie
1612 1908 1646 1968 in
1668 1907 1914 1969 dedicationibus
1926 1909 1972 1966 Ec·

368 2019 456 2075 nem,
483 2006 517 2064 et
540 2004 675 2079 peccata
698 2005 770 2078 ejus
791 2019 853 2078 ego
875 2001 1024 2078 portabo,
1042 2002 1075 2062 et
1092 2000 1163 2060 sal·
1220 2003 1347 2076 clesiae3
1364 2003 1450 2064 unde
1465 2003 1500 2064 in
1516 2005 1672 2066 Numeris
1689 2002 1752 2083 (19,
1766 2003 1818 2082 (3):
1838 2005 1974 2079 «Lignum

367 2100 464 2162 vaho.
487 2103 568 2162 item
584 2102 619 2160 in
635 2101 697 2161 hoc
720 2099 950 2160 misericordia
964 2102 1035 2175 ejus
1051 2098 1163 2158 mani·
1220 2099 1402 2170 cedrinum,
1421 2101 1454 2162 θῖ
1468 2099 1660 2177 hyssopum,
1674 2105 1709 2164 et
1723 2117 1848 2164 coccum
1860 2101 1975 2160 bistinc·

368 2197 453 2260 testa
482 2200 542 2270 est,
571 2197 658 2275 qnod
679 2199 750 2274 ipse
771 2196 858 2258 delet
877 2197 1014 2273 peccata
1038 2197 1163 2266 nostra,
1218 2199 1288 2258 tum
1304 2196 1632 2260 mittetsacerdosin
1651 2197 1825 2264 flammam,
1842 2211 1973 2274 quavac-

368 2312 442 2374 quae
471 2295 595 2372 scripta
626 2296 703 2357 sunt
737 2295 771 2354 in
802 2295 1005 2356 conscientia
1032 2294 1162 2368 nostra;
1220 2310 1291 2355 cam
1313 2297 1421 2366 vorat,
1449 2296 1623 2372 sumetque
1657 2296 1700 2357 de
1731 2294 1894 2364 cineribus,
1916 2307 1975 2368 quos

368 2395 455 2455 unda
472 2393 514 2453 ad
525 2394 741 2454 colossenses
751 2391 795 2470 (2,
810 2392 848 2451 13
859 2395 892 2453 et
907 2390 959 2469 14)
975 2413 982 2450 :
999 2393 1164 2452 «Donans
1219 2407 1306 2468 aqua
1330 2393 1406 2454 viva
1430 2392 1659 2469 superfundat,
1678 2397 1712 2454 et
1732 2393 1872 2454 homines
1884 2391 1974 2450 conh-

366 2491 462 2552 nobis
478 2491 589 2551 omnia
615 2490 748 2561 delicta,
773 2490 887 2551 delens
903 2490 989 2564 quod
1004 2488 1164 2550 adversus
1219 2490 1401 2551 minatione
1417 2490 1560 2567 pollutos
1574 2493 1743 2567 aspergat,
1761 2492 1792 2552 et
1804 2487 1975 2550 mundabun-

366 2603 427 2649 nos
448 2591 521 2648 erat
535 2586 794 2663 chirographum
819 2587 955 2656 decreti,
982 2587 1067 2663 quod
1092 2587 1165 2646 erat
1219 2588 1359 2648 tur.Per
1374 2587 1500 2663 lignum
1516 2589 1688 2650 cedrinum
1707 2587 1824 2650 Christi
1837 2584 1974 2647 sanctitas.

367 2685 571 2747 conharium
585 2683 695 2744 nohis.
712 2701 730 2744 s
746 2681 896 2744 Habebat
918 2683 1081 2759 siquidem
1097 2683 1165 2743 dia·
1219 2672 1344 2744 Cebrus
1359 2685 1487 2746 tantum
1498 2685 1670 2747 radicatur
1685 2685 1835 2755 interius,
1850 2683 1975 2760 quantun

367 2783 464 2843 bolus
479 2783 678 2857 scripturam
694 2797 851 2840 manuum
866 2783 1066 2852 nostrarum,
1080 2780 1165 2840 idest
1220 2797 1330 2843 ramos
1365 2783 1515 2844 extendit
1557 2785 1734 2860 superius;
1771 2787 1802 2844 et
1833 2780 1974 2846 sanctiss,

368 2880 533 2940 malarum
558 2879 804 2955 operationum;
831 2877 980 2939 libellum
1009 2877 1163 2939 videlicet
1219 2880 1343 2956 quanto
1370 2880 1566 2957 profundius
1593 2882 1774 2949 radicatur,
1802 2875 1975 2942 tantoaltius

367 2977 602 3044 accusationis,
617 2978 649 3037 et
662 2976 920 3052 chirographum
934 2975 1164 3046 decreti,idest
1218 2977 1400 3039 extollitur.
1433 2981 1497 3039 Per
1536 2993 1671 3040 coccum
1704 2977 1821 3040 Christi
1848 2973 1975 3043 charitas,

369 3075 568 3137 sententiam
595 3074 818 3135 damnationis
845 3074 991 3149 peccatis
1006 3071 1162 3134 debitam.
1219 3091 1292 3150 quse
1318 3075 1485 3136 Christum
1501 3075 1687 3138 rubricavit
1702 3075 1857 3150 sanguine
1870 3069 1975 3148 passio·

368 3173 451 3244 Quid
468 3189 547 3249 ergo
559 3171 741 3248 poterimus
750 3186 810 3230 nos
819 3171 933 3231 miseri
945 3169 1165 3245 responderet
1219 3173 1271 3233 nis
1287 3189 1294 3234 :
1311 3172 1458 3234 charitas
1485 3174 1574 3234 enim
1596 3174 1708 3250 ipsum
1728 3171 1855 3234 induxit
1867 3168 1902 3230 ad
1915 3181 1975 3243 pas·

368 3269 498 3346 Sparsit
512 3271 622 3330 autem
638 3267 797 3328 Dominus
812 3281 913 3343 super
933 3267 1032 3328 istam
1057 3267 1165 3342 scrip-
1218 3270 1358 3343 sionem,
1375 3286 1443 3331 non
1455 3271 1569 3348 aliqua
1583 3272 1776 3335 necessitas.
1789 3269 1845 3330 Vel
1858 3281 1908 3343 per
1918 3278 1975 3323 coc·

371 3369 480 3428 turam
502 3365 673 3440 proprium
688 3363 901 3438 sanguinem,
916 3365 949 3424 θῖ
961 3363 1163 3425 itaiibellum
1218 3383 1292 3428 cum
1308 3367 1541 3444 significantur
1565 3370 1742 3445 martyres,
1759 3383 1817 3446 per
1830 3366 1976 3442 hyssopum

289 3535 290 3542 ἵ
368 3462 603 3532 accusationis,
619 3461 651 3522 et
664 3460 832 3522 decretum
844 3461 961 3521 mortis
972 3460 1094 3522 delevit
1108 3475 1165 3522 se·
1217 3466 1373 3542 Virgines
1389 3467 1525 3541 propter
1543 3466 1778 3536 humilitatem,
1799 3479 1854 3541 per
1870 3459 1976 3521 cedron

366 3563 517 3622 curuitcm
531 3559 784 3621 multitudinem
797 3559 1063 3620 miserationum
1077 3572 1162 3620 sua·
1217 3561 1428 3638 significatur
1452 3563 1534 3624 odor
1547 3564 1721 3625 virtutum.
1746 3561 1908 3639 Sequitur:
1924 3552 1977 3615 liii·

367 3675 459 3720 rum
1217 3662 1264 3722 iet
1278 3659 1435 3721 sacerdos
1461 3659 1495 3720 in
1511 3661 1691 3731 flammam,
1711 3675 1784 3738 qua
1805 3664 1977 3718 raccamvo·

1217 3758 1279 3818 rat.
1310 3757 1473 3827 Flamma,
1499 3757 1585 3820 sicut
1609 3757 1717 3832 scitis,
1733 3759 1768 3817 in
1783 3743 1978 3816 lumentrahtt

627 3853 768 3913 SERMO
795 3852 909 3912 XCIII.
1217 3854 1303 3930 quod
1327 3855 1502 3915 consumit.
1523 3857 1602 3915 Haeo
1625 3854 1762 3916 flamma
1782 3844 1977 3926 estgloriica·

366 3983 513 4056 Quomodo
529 3999 578 4056 per
592 3981 759 4056 hyssopum,
782 3997 845 4054 qua
865 3981 1007 4040 radicatur
1022 3981 1050 4038 in
1070 3988 1161 4054 petra,
1217 3952 1362 4061 ti0‚·quae
1379 3968 1526 4023 taceam,
1540 3952 1625 4013 idest
1638 3950 1873 4061 infirmitatem,
1884 3945 1912 4005 θῖ
1923 3953 1978 4002 car·

403 4073 581 4147 significatur
596 4070 751 4139 humilitas,
770 4085 833 4142 quae
846 4069 928 4142 lugat
941 4051 1121 4143 superbiam
1135 4078 1163 4127 et
1217 4049 1388 4110 immitem
1413 4050 1560 4111 BOSil'affl
1587 4049 1773 4122 devorabit,
1791 4049 1822 4108 ei
1839 4061 1870 4104 ln
1892 4043 1976 4100 lumen

404 4161 547 4233 quomodo
559 4158 686 4218 Christus
699 4165 742 4215 esi
754 4166 843 4230 petra,
859 4158 993 4232 superbis
1006 4157 1094 4228 arida,
1107 4157 1160 4214 bu·
1216 4145 1336 4208 trahet.
1353 4148 1531 4223 sumetque
1546 4147 1586 4208 de
1602 4147 1782 4218 cineribus,
1797 4147 1854 4206 eto.
1872 4141 1978 4200 Cineres

403 4249 519 4306 milibus
530 4245 656 4304 humida.
1216 4242 1283 4313 isti,
1301 4243 1461 4304 memoria
1477 4243 1655 4318 passionis,
1670 4241 1849 4310 humilitas,
1864 4237 1892 4297 et
1904 4244 1978 4293 sanc·

1216 4341 1305 4400 titas.
1333 4342 1459 4400 Horum
1486 4339 1636 4400 cinerum
1664 4355 1746 4400 usus
1765 4339 1823 4409 est,
1840 4337 1873 4395 ut
1891 4332 1914 4392 si
1936 4337 1978 4402 ptr

1217 4435 1362 4512 aliquam
1400 4437 1718 4499 contaminationem
1760 4451 1816 4496 cor
1849 4429 1976 4508 pollutum

1217 4534 1327 4604 tuerit,
1353 4533 1392 4594 ad
1420 4535 1613 4594 memoriam
1641 4534 1822 4596 Dominicae
1845 4519 1977 4607 passionis

409 4638 580 4712 Hyssopus
601 4632 652 4692 est
675 4630 778 4692 herba
800 4629 947 4701 humilis,
970 4629 1161 4692 inflaturam
1217 4632 1404 4704 mundetur,
1435 4633 1468 4693 et
1489 4631 1694 4693 humilietur.
1718 4636 1819 4708 Aquae
1845 4627 1919 4686 viva
1939 4615 1976 4676 his

369 4735 489 4813 purgat
503 4730 681 4807 pulmonis,
697 4731 730 4790 et
741 4729 775 4788 in
785 4729 881 4804 petra
893 4725 1163 4790 radicaturum
1217 4729 1384 4790 cineribus
1420 4727 1540 4789 debent
1566 4728 1774 4804 superfundi.
1809 4729 1902 4802 Aqua
1923 4711 1978 4776 sili

369 4835 420 4894 est
432 4829 612 4899 humilitas,
629 4841 701 4903 quae
717 4824 906 4902 superbiam
920 4824 1030 4899 sugat:
1044 4825 1160 4885 Chris·
1217 4827 1427 4889 contritionis
1455 4827 1623 4904 lacrymae,
1651 4841 1726 4904 quae
1754 4826 1836 4886 hene
1854 4813 1977 4880 dicuntur

368 4933 423 4992 tus
434 4928 484 4989 est
491 4926 595 5003 petra,
610 4922 762 5000 superbis
771 4922 876 4994 arida,
891 4921 1072 4983 humilibus
1082 4937 1162 4984 vero
1216 4925 1422 5002 aquaevivae,
1440 4924 1517 5000 quia
1533 4924 1702 4984 hominem
1729 4923 1821 5011 prius
1845 4915 1977 4979 manuum

369 5025 520 5097 humida3
546 5021 592 5082 ibi
619 5019 710 5112 enim¹
728 5019 856 5080 invenit
871 5019 1054 5090 humorem,
1076 5020 1162 5082 unde
1216 5021 1408 5099 inpeccatis
1424 5021 1537 5082 vivere
1561 5020 1699 5082 iaciunt.-
1722 5023 1759 5082 ln
1775 5019 1826 5079 his
1851 5003 1977 5086 lacmnts
2035 5047 2036 5050 =

371 5125 510 5192 crescat,
524 5121 557 5180 et
570 5117 770 5194 exemplum,
788 5117 874 5178 unde
887 5115 1050 5192 proficiat.
1069 5118 1162 5180 Unde
1216 5119 1356 5196 tingitur
1367 5119 1605 5194 aspersorium,
1619 5133 1683 5194 quo
1696 5117 1795 5178 homo
1808 5107 1976 5189 aspergitur,
2035 5153 2036 5194 ,

369 5217 595 5281 Ecclesiastici
608 5214 673 5292 (40,
699 5215 751 5294 15)
767 5235 774 5275 :
792 5215 970 5289 «Nepotes
985 5213 1161 5290 impiorum
1216 5233 1290 5279 cum
1304 5217 1344 5278 de
1359 5217 1503 5292 peccatis
1519 5216 1714 5287 conteritur,
1729 5215 1763 5276 et
1775 5206 1924 5291 passionis
1935 5201 1978 5260 bs
2035 5199 2036 5264 T

368 5333 435 5380 non
460 5313 727 5388 multiplicabunt
754 5327 876 5383 ramea,
893 5313 927 5372 et
950 5313 1080 5373 radices
1095 5313 1161 5374 im·
1216 5312 1347 5372 minicae
1378 5311 1583 5381 recordatur,
1608 5307 1650 5370 ad
1680 5312 1777 5386 cujus
1819 5298 1977 5366 memoriam
2035 5313 2036 5316 ¹

368 5413 499 5477 mundae
508 5425 609 5486 super
620 5423 779 5470 cacumen
790 5409 892 5486 petrae
905 5409 1037 5482 sonant,
1053 5409 1161 5486 »quia
1216 5409 1352 5470 humilis
1365 5407 1483 5479 iactus,
1499 5407 1688 5468 mundatur.

366 4400 538 4470 asperam
552 4406 618 4462 me,
636 4391 784 4462 Domine,
797 4395 952 4468 hyssopo,
967 4393 1001 4452 et
1014 4393 1163 4452 marida-

568 4493 639 4564 bor,
656 4490 718 4550 etc.
734 4487 837 4568 (Psal.
852 4493 901 4561 50,
916 4488 962 4567 9.)

404 5547 445 5618 (1)
458 5541 567 5628 ¹tersio
578 5514 709 5604 'arabica
726 5547 753 5597 et
779 5538 911 5612 paraphr.
928 5537 1041 5608 chald.;
1057 5541 1160 5614 Vulg.:
1265 5541 1293 5608 t)
1313 5539 1398 5611 vulg.
1417 5555 1423 5595 :
1440 5539 1512 5620 erit..
1536 5608 1542 5618 ·

367 5620 478 5678 durent
491 5625 582 5672 virum
595 5611 724 5672 elutum.
1248 5613 1292 5696 ‚³³
1314 5611 1398 5681 Vuig.
1417 5627 1423 5666 :
1438 5621 1602 5681 suscipiam.
