4114 6396
365 279 445 340 loon
786 277 820 337 S.
846 276 1021 338 ANTONII
1051 277 1238 339 Panormi
1269 278 1407 340 OPERA
1437 277 1583 340 omnin.
1904 281 1958 348 lou

363 435 522 508 ritudine,
540 438 573 500 et
587 435 756 514 superbia,
777 434 810 497 θῖ
832 433 1066 512 inquietudine
1080 450 1159 497 suas
1213 437 1266 507 73,
1284 434 1337 516 14)
1352 451 1360 497 :
1375 437 1523 513 «Capita
1547 436 1728 498 draconum
1748 433 1796 519 (2)
1812 437 1911 502 dedisti
1925 457 1961 504 os·

366 533 580 596 contusiones
594 534 842 610 despumantes,
862 533 991 596 scilieet
1007 534 1048 595 ad
1064 548 1159 594 suam
1214 547 1287 594 cam
1314 533 1446 610 populis
1468 532 1711 610 AEtbiopnm.»
1734 536 1864 610 Insuper
1881 539 1960 613 niger·

364 630 535 693 libidinem
556 629 752 694 defluentes.
791 699 793 706 y
1150 649 1154 656 ·
1213 629 1303 703 rimi,
1320 645 1379 706 per
1393 629 1479 708 quod
1500 631 1678 706 signantur
1694 631 1772 692 tetri
1793 629 1826 691 in
1844 635 1958 708 peccatu,

1214 727 1271 804 qui
1284 727 1440 803 operibus
1452 726 1588 798 diaboii,
1601 729 1758 804 tanquam
1771 729 1960 792 carnibusves

1214 825 1345 896 cuntur,
1363 824 1441 901 quia
1457 823 1491 884 in
1505 823 1697 886 carnalibus
1711 825 1960 900 peccatislittalis

609 909 750 969 SERMO
779 909 915 970 CXCIII·
1213 924 1390 982 osteorum
1403 921 1598 996 negotiatio,
1615 921 1774 998 tanquam
1789 921 1960 985 sinttenton'a

364 1045 444 1116 Quod
464 1045 592 1108 Cirristus
613 1045 716 1104 dicitur
735 1053 826 1120 petra,
850 1046 884 1103 ad
905 1061 991 1118 quam
1015 1043 1160 1118 refugiunt
1214 1018 1406 1095 AEthmpiae’
1421 1017 1600 1081 ³¹⁰¹¹tdi⁰it
1614 1017 1771 1080 H³b³⁰u⁰
1786 1015 1960 1098 (33)κΡΓο

497 1135 601 1194 diversi
619 1141 794 1208 peccatores,
810 1144 838 1192 ct
852 1135 939 1192 etiem
954 1133 1032 1191 boni.
1214 1115 1393 1192 iniquitate
1420 1115 1489 1176 Vidi
1516 1115 1663 1178 tffltffl'ia
1685 1113 1900 1192 AEflfi⁰liffli
1916 1119 1960 1178 itit

1215 1213 1326 1276 littera
1343 1211 1391 1291 (3)
1410 1211 1512 1275 babet
1528 1233 1535 1272 :
1551 1219 1626 1274 Pro
1646 1215 1837 1284 uadendum
1858 1215 1919 1290 quia
1934 1213 1960 1274 ai

365 1274 511 1336 Herodtt
534 1274 656 1334 donne
683 1273 758 1334 duc
783 1271 835 1332 cat
856 1285 978 1332 eorum
996 1286 1008 1330 :
1026 1269 1161 1332 mounes
1215 1310 1279 1371 hoc
1294 1310 1345 1370 est
1365 1309 1460 1370 labor
1473 1325 1601 1382 eorum,
1618 1311 1655 1371 ut
1668 1309 1735 1386 ipsi
1749 1308 1829 1371 flant
1843 1311 1960 1381 mm

405 1370 534 1430 esculat
554 1369 668 1430 cercis
687 1383 699 1426 .·
716 1367 819 1442 petro
841 1367 1017 1441 remotum
1042 1367 1162 1430 erina-

405 1467 479 1538 πῖθ’
501 1469 553 1528 vel
572 1469 624 1538 lep
625 1467 742 1526 ΘΗΜ
762 1461 821 1542 ω’
845 1466 1032 1529 mundum
1055 1465 1161 1524 aliam
1215 1502 1302 1565 idest
1316 1517 1376 1581 pro
1389 1503 1515 1566 divitiis
1530 1503 1813 1582 periniquitatem
1826 1504 1959 1579 possessa

404 1564 570 1626 mmm·
588 1560 692 1639 (Μ’
710 1563 778 1634 103’
796 1559 863 1640 18³
1216 1599 1960 1680 undemucae,1o‚e):ra0uevornammc

407 1703 559 1765 Christus
573 1704 624 1764 est
635 1706 767 1776 dolatae,
782 1702 930 1776 cipetra
944 1703 1087 1770 herodii,
1105 1699 1159 1762 ubi
1215 1713 1415 1759 mammona
1428 1698 1634 1772 annectam,
1655 1697 1790 1762 scilicet
1810 1696 1848 1757 de
1863 1696 1960 1756 divitiis.

366 1800 792 1864 scilicetmansuescitavis
806 1799 983 1867 silvestris,
995 1801 1159 1873 etrapa13
1217 1797 1256 1856 Et
1271 1795 1343 1856 haeo
1357 1795 1535 1872 impiorum
1559 1795 1745 1871 negotiatio
1761 1815 1770 1854 ε
1786 1809 1857 1855 nam
1869 1793 1960 1854 nonin

367 1899 445 1976 quia
468 1898 504 1958 in
527 1897 658 1960 cbristo
684 1897 837 1956 hominos
866 1895 1048 1968 silvestres,
1076 1894 1162 1955 idest
1216 1892 1404 1970 iniquitatis
1431 1893 1607 1968 signantur
1630 1893 1772 1962 divitiae,
1795 1891 1874 1952 unde
1891 1891 1959 1950 dicit:

368 1994 550 2069 elongatis
573 1997 639 2054 lieo
657 2007 716 2070 per
738 1993 884 2069 peccata,
900 1992 933 2053 et
951 1993 1045 2052 avari
1067 2007 1163 2052 man·-
1217 1991 1331 2052 Facite
1351 1989 1446 2052 vobis
1466 1989 1593 2050 amicos
1613 1989 1655 2050 de
1676 1986 1959 2063 memmonainiqu'·

368 2091 526 2152 suescunt
538 2105 599 2168 per
612 2089 1018 2167 poenitentiam.Cbristus
1032 2090 1083 2151 est
1102 2093 1163 2152 do·
1216 2087 1311 2160 tatis,
1336 2086 1424 2148 idest
1447 2085 1702 2164 inaequalitatis,
1733 2101 1817 2163 quas
1841 2081 1961 2158 diligendo

367 2203 447 2250 mue
470 2189 503 2251 et
519 2189 624 2261 petra
653 2190 786 2249 herodii
814 2185 1044 2263 rapacissimi;
1075 2185 1162 2248 unde
1217 2185 1300 2246 liunt
1323 2183 1436 2262 plures
1460 2185 1612 2250 inretorto
1638 2183 1823 2260 AEtbiopiae
1846 2183 1904 2242 :iit
1921 2177 1961 2240 n'ri

369 2283 466 2346 Isaiae
482 2283 547 2363 (11,
564 2283 616 2362 14)
631 2306 638 2344 :
653 2287 820 2354 lorcmoec,
836 2285 870 2345 ei
889 2286 990 2345 Moab
1005 2299 1163 2358 praecep·
1218 2280 1352 2344 sabaim
1378 2281 1549 2349 sublimes,
1562 2281 1623 2358 qui
1647 2281 1809 2356 captivati
1830 2279 1909 2340 eraut
1925 2274 1961 2335 sui

369 2384 443 2444 tem
470 2396 597 2442 morans
630 2395 762 2451 comem,
799 2380 927 2456 supple,
956 2379 1160 2456 implebunt:
1213 2381 1295 2456 jugo
1316 2378 1452 2450 diaboii,
1469 2378 1510 2439 ad
1525 2378 1559 2439 ῖθ
1570 2376 1879 2450 transibuntettui
1891 2373 1960 2435 eruut

368 2479 402 2540 et
417 2479 479 2550 flltt
501 2483 647 2540 Ammon
667 2479 858 2540 obedientes
878 2478 993 2538 erunt.
1018 2475 1163 2539 idumaea
1219 2475 1351 2536 Sabaim
1377 2477 1617 2552 interpretatur
1642 2475 1835 2551 captivatio,
1849 2472 1911 2549 quia
1928 2471 1961 2538 iis,

368 2574 609 2650 interpretatur
636 2575 783 2644 terrena,
812 2573 899 2633 idest
932 2572 1078 2644 luxuria,
1109 2573 1162 2633 vel
1218 2574 1274 2650 qui
1290 2573 1503 2650 captivantur
1521 2589 1539 2634 a
1555 2571 1688 2634 diabolo
1713 2587 1774 2649 per
1799 2565 1962 2632 consuetudi·

369 2670 535 2732 luxuriosi
553 2691 561 2730 ι
578 2673 689 2741 Moab,
717 2685 760 2730 ex
784 2671 877 2745 patre
906 2668 1049 2741 diabolo,
1078 2669 1164 2731 idest
1218 2687 1292 2732 nem
1309 2671 1481 2747 peccandi,
1498 2673 1548 2733 est
1567 2667 1961 2742 emmerammenses

371 2767 540 2844 superbia,
552 2768 606 2828 vel
618 2765 781 2843 superbus
794 2787 801 2826 ε
813 2770 971 2834 Ammon,
985 2765 1075 2828 tilius
1087 2783 1164 2828 moe·
1218 2769 1403 2829 vertantur.

370 2865 474 2939 roris3
490 2865 567 2940 quia
583 2863 644 2935 ilii,
661 2864 717 2940 qui
732 2863 876 2926 terrenis
892 2863 1035 2931 inhiant,
1052 2864 1161 2934 atilli,
1258 2868 1337 2926 Haeo
1356 2865 1471 2926 eadem
1492 2866 1587 2949 petra
1601 2865 1669 2926 dux
1686 2865 1742 2926 est
1760 2875 1918 2944 passemn,
1929 2854 1962 2933 qui

370 2963 427 3038 qui
448 2964 526 3024 sunt
540 2977 582 3022 en
603 2960 855 3037 petrediuboIo,
872 2961 975 3038 etqui
992 2961 1053 3022 iiiii
1075 2978 1162 3023 mce-
1219 2962 1391 3023 nidificant
1426 2963 1474 3022 in‘
1491 2960 1601 3022 cedris
1630 2959 1775 3036 bibani3
1805 2957 1881 3020 unde
1901 2953 1963 3016 lsaia

369 3059 458 3120 roris
480 3058 594 3120 mundi
621 3059 709 3130 sunt,
733 3057 810 3118 dum
831 3059 1007 3134 praeceptis
1031 3059 1163 3124 Domini
1219 3059 1284 3136 (33,
1297 3058 1331 3136 3)
1348 3081 1355 3122 :
1371 3075 1389 3116 a
1404 3061 1526 3121 Factus
1540 3059 1592 3122 est
1607 3059 1715 3124 saron
1733 3059 1819 3121 sicut
1832 3055 1962 3118 damnum,

371 3154 993 3230 obediuntinveniuntremotumvel,
1003 3153 1161 3226 Ammon,
1219 3158 1252 3218 et
1265 3171 1427 3218 concussa
1443 3156 1494 3218 est
1506 3159 1627 3227 Basan,
1638 3157 1671 3216 ot
1683 3145 1962 3228 carmelus,»quaiis

370 3252 513 3328 populus
526 3249 690 3324 turbidus,
703 3251 756 3312 vel
772 3251 914 3327 populus
929 3253 1093 3312 moeroris.
1104 3253 1163 3315 isti
1219 3255 1269 3317 est
1284 3255 1483 3334 quicumque
1499 3253 1594 3314 estin
1609 3250 1878 3330 prosperitatibus
1889 3239 1963 3306 munii

371 3363 452 3424 ergo
467 3349 545 3408 sunt
558 3349 726 3408 amatores
738 3347 958 3418 terrenorum,
968 3348 1030 3408 tilii
1040 3349 1164 3411 diaboli
1219 3351 1410 3426 lasciviens,
1427 3351 1508 3412 dicit
1523 3367 1559 3410 se
1574 3365 1639 3411 non
1656 3365 1757 3428 posse
1773 3349 1916 3410 sustinere
1930 3341 1963 3402 iu·

371 3461 432 3523 per
457 3445 687 3540 imitationem,
711 3443 772 3510 sub
796 3444 940 3518 turbine,
966 3447 998 3507 θῖ
1022 3461 1163 3508 moerore
1219 3449 1331 3514 borom
1347 3449 1562 3527 poenitentiae.
1585 3451 1711 3520 Saron,
1732 3445 1896 3508 cantilena.
1915 3440 1964 3498 Haei

370 3541 602 3618 temporalium
614 3541 795 3612 constituti,
806 3542 980 3606 inveniunt
989 3545 1164 3620 refugitum
1219 3547 1270 3608 est
1284 3549 1450 3623 volupiae,
1464 3562 1538 3622 quae
1558 3545 1655 3606 modo
1673 3545 1799 3606 cantat.
1822 3543 1890 3604 item
1902 3532 1964 3598 isaie

370 3639 406 3700 in
422 3641 565 3714 Christo,
582 3639 746 3702 conversi.
773 3639 837 3700 Sed
859 3639 1057 3708 notandum,
1078 3641 1163 3718 quod
1221 3642 1288 3723 (35,
1302 3643 1340 3724 2)
1358 3661 1365 3704 :
1383 3644 1529 3704 «Gloria
1545 3642 1662 3703 Libani
1686 3641 1767 3705 data
1787 3640 1834 3702 est
1847 3639 1883 3708 ei,
1899 3635 1964 3694 deror

371 3736 485 3798 dicit:
511 3736 731 3812 Praeceptum
762 3751 889 3797 manns
916 3751 1049 3808 cortem,
1080 3737 1166 3799 idest
1220 3741 1422 3811 carmentet
1438 3743 1587 3802 Saron».
1604 3739 1754 3804 Libanus
1779 3729 1964 3811 interpretatu

372 3833 640 3909 praedieatorum,
657 3834 735 3910 quia
750 3833 846 3894 bonis
859 3833 1027 3909 operibus,
1044 3836 1076 3895 et
1091 3834 1166 3896 doo-
1221 3837 1423 3912 candidatio,
1440 3838 1473 3898 et
1487 3836 1654 3913 significat
1676 3835 1837 3897 virtutum
1855 3823 1964 3908 puleii·

370 3931 460 3994 trina
489 3931 610 3993 debent
636 3931 721 3992 aiios
747 3930 877 3991 dooere.
903 3931 945 3991 Hi
971 3946 1038 3992 non
1058 3931 1165 3992 solum
1220 3935 1367 3998 tudinem
1385 3955 1393 3995 r
1413 3939 1527 3997 Decor
1548 3937 1709 4008 carmeli,
1728 3932 1815 3994 idest
1833 3943 1906 3992 vern
1919 3921 1963 3982 eir·

371 4029 582 4104 preceptum
602 4029 683 4097 oris,
700 4029 758 4089 sed
782 4029 882 4090 etiam
904 4043 1031 4089 manne
1053 4029 1165 4089 adim·
1221 4031 1447 4103 cumclsiouis,
1464 4047 1537 4108 quae
1559 4031 1596 4092 nt
1616 4030 1651 4090 in
1678 4031 1792 4091 anima
1809 4049 1816 4088 ε
1832 4027 1862 4088 et
1878 4027 1963 4084 Soron

373 4125 465 4201 pient
483 4126 691 4201 quandoque,
714 4126 792 4202 quia
817 4125 963 4199 contriti,
987 4125 1027 4186 ad
1053 4125 1165 4202 poeni·
1221 4130 1306 4207 qnod
1327 4129 1565 4206 interpretatur
1584 4127 1753 4190 cantilena
1773 4122 1909 4187 tristitia„
1924 4119 1964 4176 Pu

373 4221 511 4283 tentiam
538 4237 604 4282 non
628 4223 735 4282 solum
759 4223 944 4298 injunctam
968 4221 1033 4282 sibi
1059 4221 1165 4298 proti·-
1221 4225 1307 4305 quod
1328 4226 1563 4301 intelliguntur
1582 4224 1644 4296 illi,
1663 4225 1720 4300 qui
1745 4222 1860 4285 tierent
1876 4221 1964 4288 tempe

374 4319 478 4390 ciunt,
495 4317 551 4379 sed
577 4319 677 4380 etiam
689 4320 799 4395 justos
814 4319 849 4379 in
870 4317 1026 4395 operibus
1040 4319 1166 4380 imitari
1221 4321 1359 4392 salibus,
1376 4322 1410 4382 et
1421 4319 1558 4382 tenellis
1571 4319 1808 4395 voluptatibus,
1825 4316 1855 4380 et
1867 4307 1965 4373 delicio·

373 4415 549 4492 satagunt3
576 4417 609 4478 et
632 4416 708 4476 ideo
729 4416 838 4492 potius
858 4415 939 4478 dicit
966 4417 1165 4493 praeceptum
1222 4419 1268 4479 sis
1283 4439 1291 4492 3
1306 4419 1339 4479 et
1353 4417 1408 4480 isti
1423 4419 1503 4478 sunt
1513 4415 1681 4481 cantilena
1695 4415 1850 4484 tristitia,
1865 4402 1963 4470 bocest

373 4531 504 4586 manus,
517 4529 614 4591 quam
631 4516 832 4591 praeceptum
848 4515 927 4574 oris.
942 4514 1064 4574 Melius
1078 4513 1165 4576 enim
1221 4516 1278 4592 qui
1293 4514 1418 4575 babent
1430 4513 1588 4589 gaudium
1604 4513 1731 4585 saeculi,
1747 4525 1877 4589 quorum
1889 4503 1965 4565 aare

269 4689 271 4706 ι
373 4615 485 4675 movet
498 4613 659 4690 operatio,
676 4627 774 4688 quam
790 4627 878 4672 vox:
896 4625 970 4672 cum
989 4611 1079 4670 enirn
1101 4627 1166 4673 vox
1221 4627 1275 4673 ma
1296 4611 1411 4687 gaudii
1435 4611 1544 4673 luctus
1566 4611 1707 4686 occupat
1726 4607 1862 4686 poenaiis
1875 4601 1963 4682 (Pron

373 4711 525 4788 imperat,
540 4725 660 4770 manus
685 4707 782 4770 dehet
800 4707 945 4785 operari.
963 4706 1055 4769 Unde
1071 4707 1166 4769 lsaiae
1223 4711 1271 4782 14,
1289 4707 1353 4788 13).
1369 4711 1438 4769 llos
1451 4707 1537 4770 tales
1558 4707 1710 4771 Christus
1725 4706 1817 4767 ducit
1833 4702 1869 4765 ad
1888 4691 1963 4776 poli·

374 4807 438 4886 (45,
470 4807 527 4887 14)
548 4823 556 4865 2
579 4825 598 4868 a
622 4806 730 4867 Labor
754 4806 903 4882 aegyptu,
928 4807 961 4868 et
984 4805 1166 4881 negotiatio
1221 4807 1371 4878 tentiam,
1388 4805 1660 4880 etriteispetra,
1674 4803 1731 4864 ubi
1746 4801 1880 4864 manent

372 4906 565 4982 AEtbiopiae,
591 4907 625 4967 et
646 4903 781 4966 sabaim
803 4903 868 4964 viri
890 4902 1049 4964 sublimes
1069 4904 1110 4965 ad
1133 4902 1166 4964 te
1262 4905 1341 4965 liaec
1364 4901 1480 4964 eadem
1502 4903 1596 4979 petra
1618 4904 1670 4962 est
1698 4899 1805 4962 cervis
1831 4889 1964 4967 miccium»

373 5003 575 5073 transibunt,
596 5002 630 5063 et
651 5002 701 5063 tui
719 5002 819 5062 erunt
834 5021 841 5060 :
859 5000 934 5076 post
956 5001 989 5062 te
1009 5000 1166 5061 ambula·-
1221 5001 1307 5063 idest
1328 4999 1606 5076 contemplativis,
1623 4997 1799 5075 dequibus
1816 4981 1964 5056 incantos

373 5097 465 5170 bunt,
486 5100 589 5160 vincti
606 5098 748 5159 manicis
763 5098 913 5174 pergent,
938 5098 970 5158 et
987 5099 1021 5162 te
1044 5097 1167 5157 adora·-
1223 5096 1396 5177 (8,14)ε«
1417 5099 1519 5172 Fuge,
1545 5095 1666 5157 dilecte
1691 5093 1747 5167 mi,
1769 5095 1802 5154 et
1823 5083 1963 5153 assimilare

373 5194 498 5258 bunt.»
518 5195 627 5258 babor
646 5195 795 5272 AEgypti,
811 5209 871 5272 per
889 5193 974 5271 quod
991 5194 1168 5269 signantur
1222 5211 1363 5273 capreae,
1379 5195 1587 5271 hinnuloque
1602 5207 1775 5255 cervorum
1798 5201 1887 5264 super
1901 5189 1964 5240 mon·

373 5291 499 5368 ilii,qui
511 5291 673 5364 laborant,
689 5295 726 5354 ut
740 5293 975 5370 iniqueagant.
991 5291 1166 5366 AEthiopes
1220 5296 1271 5355 tos
1295 5293 1480 5355 aromatum
1493 5309 1529 5366 »3
1558 5291 1654 5368 quasi
1678 5289 1789 5351 dicat:
1809 5289 1854 5347 Tu
1874 5275 1962 5352 rupa:

372 5390 554 5452 vescuntur
567 5390 725 5455 carnibus
740 5391 939 5463 draconum3
956 5387 1044 5449 unde
1059 5385 1164 5467 (Psai.
1222 5391 1307 5468 quod
1321 5392 1382 5462 est,
1399 5389 1477 5466 quia
1493 5405 1560 5449 non
1579 5388 1723 5450 ostendit
1735 5385 1799 5447 nisi
1813 5373 1964 5460 quibusdam

1216 1406 1302 1472 idest
1315 1405 1479 1468 habitatio
1500 1406 1699 1470 daemonum.
1724 1407 1960 1480 protervum,

409 5521 449 5592 (l)
465 5519 567 5578 versio
578 5520 688 5648 sgr-iace
698 5528 731 5604 ¹et
744 5520 867 5579 arabice.
1258 5522 1297 5593 (3)
1314 5521 1414 5581 versio
1429 5533 1524 5593 greca
1539 5517 1622 5577 billi.

409 5593 450 5663 (2)
468 5593 572 5666 Vuig.:
609 5605 731 5649 laconis.
