4226 6406
310 223 371 286 reo
780 219 1481 293 lnornnas.innon11ranuani
1540 263 1543 272 .
1826 265 1828 270 .
1892 223 1979 283 eoo
2082 176 2083 179 Ὺ

303 382 384 456 mis,
392 382 548 444 mulieres
556 379 790 458 parturientes,
801 378 844 441 ab
854 378 1102 442 infirmitatibus
1158 380 1211 442 tus
1233 380 1470 446 heresiarchis
1487 381 1613 459 passini
1626 380 1816 458 inpudicis
1835 381 1982 459 dispu-

306 479 411 542 variis
434 479 510 539 illas
527 477 703 555 patientes,
723 475 764 538 ab
780 477 957 554 opprobrio
973 477 1102 554 sterili·
1158 475 1351 550 tationibus,
1377 477 1481 564 abed
1504 479 1616 556 palam
1637 479 1808 552 convictis,
1826 482 1863 541 ut
1875 479 1978 540 Ari-
1999 477 2005 488 '

308 576 386 638 tatis
421 590 555 646 uxores,
588 576 763 652 propterea
792 573 990 652 quandoque
1020 573 1103 636 viris
1158 574 1252 643 mini,
1262 575 1392 636 Tolosae
1418 576 1451 636 et
1471 574 1651 638 Mediolani
1666 573 1768 652 (unde
1789 573 1831 636 ab
1844 575 1977 636 omni-

310 672 452 746 odiosae,
478 687 498 732 a
524 671 683 748 periculis
708 671 892 743 fluminum,
922 665 1101 743 latronum,
1158 670 1220 732 bus
1234 669 1421 732 indefessus
1448 671 1680 733 haereticorum
1703 671 1978 733 malleusdice-

307 768 516 846 aliorumque
531 769 760 830 discriminum
773 767 1105 846 peregrinantaspro·
1158 765 1270 846 batur)
1297 768 1386 830 inter
1407 783 1527 830 manus
1553 769 1753 830 adstantium
1776 768 1973 830 dormienti

307 867 535 942 ptereaatoto
549 866 628 926 orbe
643 865 1015 928 sanctushicacunctis
1029 864 1105 925 tide·
1159 864 1279 926 similis
1301 866 1610 942 leviterexpiravit,
1634 867 1704 927 tum
1729 865 1764 930 in
1791 866 1859 928 vita
1882 868 1972 927 tum

306 960 395 1022 libus
427 961 641 1024 fidelissimus
675 962 857 1024 advocatus
900 960 1103 1038 exposcitur.
1159 963 1234 1041 post
1248 962 1372 1025 obitum
1386 963 1556 1024 miraculis
1570 963 1789 1025 clarissimus.
1806 960 1864 1039 (ln
1877 966 1972 1036 ejus

310 1055 437 1136 (Scrm.
450 1061 491 1120 de
500 1061 536 1120 S·
550 1056 646 1137 Aet.)

309 1255 1103 1330 eouaelmmeenmusnommtc.hoctorParte.

1159 1060 1221 1122 ott.
1233 1063 1278 1122 ad
1293 1062 1342 1121 13.
1356 1063 1448 1123 diem
1458 1058 1583 1140 Junci.)

1258 1255 1430 1318 Antonios
1459 1257 1674 1332 Guoercnpos
1688 1255 1853 1316 Patamn.

351 1424 401 1484 17.
420 1421 527 1486 Habet
547 1421 604 1484 hic
624 1423 759 1484 sanctus
774 1422 986 1500 privilegium
1004 1423 1110 1483 aDo·
1210 1425 1264 1484 20.
1278 1421 1340 1484 llic
1354 1421 1412 1482 ille
1427 1423 1525 1484 natus
1547 1422 1682 1484 ultimas

228 1597 233 1602 ,
311 1519 403 1580 mine
413 1521 503 1581 circa
519 1535 573 1580 res
589 1520 746 1596 perditas,
764 1537 837 1598 quae
850 1535 938 1597 saepe
953 1521 1022 1580 suis
1035 1533 1106 1580 me-

310 1617 384 1678 ritis
408 1618 659 1695 recuperantur,
676 1618 710 1679 et
734 1617 797 1679 hoc
823 1617 911 1678 idem
935 1617 1007 1694 ipse
1031 1616 1104 1677 lre-

310 1715 451 1792 quenter
473 1716 630 1792 expertus
655 1731 739 1787 sum,
764 1715 811 1776 ita
826 1716 862 1776 ut
877 1714 995 1776 merito
1010 1713 1051 1774 de
1066 1727 1104 1774 eo

310 1809 422 1872 dicere
438 1827 583 1888 possum,
600 1811 687 1889 quod
699 1811 977 1873 Bernardusdicit
989 1809 1025 1871 in
1037 1810 1106 1871 lau·

248 1982 254 1990 ,
311 1907 385 1968 dem
401 1908 459 1969 Dei
473 1907 646 1982 genitricis
662 1909 789 1980 Mariae,
806 1907 911 1970 Sileat
934 1909 1008 1968 tuas
1025 1905 1103 1968 lau-

311 2001 380 2075 des,
391 2020 410 2065 o
421 2007 520 2066 Beate
530 2006 663 2078 Antoni,
676 2005 775 2084 quite
785 2006 902 2066 devote
915 2004 1105 2066 invocatum

311 2099 347 2160 in
372 2101 628 2164 necessitatibus
652 2103 722 2164 suis
742 2101 807 2162 sibi
835 2101 1024 2164 meminerit
1042 2102 1103 2163 de·

311 2197 425 2260 inisse.
444 2197 570 2278 (serm.
585 2203 669 2262 deS.
686 2197 828 2278 Arcton.)

351 2397 525 2458 Heortcte
545 2399 703 2459 sedulius
726 2397 863 2458 Ordinis
875 2399 1063 2457 Minorem.

352 2567 401 2624 18.
418 2567 451 2625 S.
464 2565 627 2625 Antonius
640 2565 754 2626 audite
765 2566 949 2641 Martprum
960 2563 1106 2642 quinque

311 2660 610 2722 Franciscancrum
620 2661 765 2737 gloriosa
778 2677 836 2738 pro
848 2661 978 2723 Christo
987 2661 1104 2733 morte,

312 2757 399 2818 sicut
419 2757 556 2834 elephas
570 2774 643 2820 uvae
659 2761 835 2836 conspecto
860 2759 1021 2835 sanguine
1045 2757 1108 2820 luit

310 2857 473 2916 exacutus
488 2855 523 2916 in
539 2855 702 2932 praelium,
717 2856 753 2917 ut
767 2871 810 2917 ex
824 2856 942 2918 ordine·
958 2855 1106 2932 Regula-

311 2951 400 3012 rlum
414 2953 447 3012 S.
463 2952 639 3029 Augustini
653 2951 854 3030 adscriptus,
869 2953 904 3013 in
920 2953 1011 3014 illam
1026 2969 1109 3030 prae·

311 3049 435 3110 teriam
472 3049 642 3112 cohortem
673 3049 851 3122 Minorum,
880 3065 937 3127 spe
969 3051 1108 3111 mortem

310 3146 457 3207 obeundi
473 3162 532 3224 pro
547 3148 677 3209 Christo
693 3147 814 3223 ipsein
832 3147 979 3209 Africam
992 3149 1106 3208 trans-

311 3241 450 3311 miserit,
467 3243 523 3304 sed
539 3243 653 3304 divino
668 3244 808 3305 consilio
819 3244 924 3305 Italiae
942 3243 976 3304 et
988 3240 1111 3303 Galliis

312 3339 355 3402 ab
370 3339 491 3402 haeresi
506 3341 733 3418 Albigensium
752 3340 973 3420 repurgandis
988 3356 1108 3403 serva-

310 3437 378 3508 tus,
392 3435 427 3498 ni
441 3437 475 3498 et
488 3436 639 3499 efficacia
650 3437 858 3510 concionum,
872 3437 1121 3518 stupendisque

179 3590 189 3615 x
311 3533 495 3607 miraculis,
508 3533 1108 3614 heresiarchasaliquotpraeteralios
1126 3593 1128 3602 ,

1278 1518 1372 1595 Tagi,
1385 1519 1441 1596 qui
1457 1518 1497 1580 ad
1511 1518 1629 1592 undas,
1643 1519 1746 1580 nobili

1278 1619 1381 1678 Domo
1397 1615 1544 1694 paternis
1558 1615 1739 1677 commodis

1278 1714 1510 1776 Mendicitates
1523 1713 1680 1790 praetulit.

1279 1837 1341 1911 Qui
1355 1837 1478 1898 Christi
1493 1851 1606 1898 amore
1621 1835 1769 1907 saucius,

1279 1936 1317 1996 ln
1329 1934 1423 1996 mille
1434 1950 1470 1994 se
1486 1933 1679 1996 discrimina

1277 2033 1437 2110 Coniecit,
1452 2034 1488 2094 nt
1502 2019 1689 2094 coeles'tium

1278 2129 1386 2192 Chore
1398 2129 1577 2192 adderetur
1588 2129 1789 2204 martyrum.

1280 2253 1342 2316 Hic
1356 2251 1521 2328 singula-ri
1536 2250 1696 2329 preditus

1280 2350 1419 2426 Linguae
1432 2349 1617 2426 eloquentis
1631 2361 1781 2418 munere,

1281 2449 1526 2523 Quamcumque
1537 2445 1642 2506 adivit
1655 2443 1792 2506 urbium

1280 2545 1391 2606 Mores
1401 2543 1529 2619 legavit
1542 2541 1724 2619 improbos.

1280 2667 1354 2729 Orci
1368 2665 1497 2743 digerit
1512 2666 1658 2741 agmina,

1279 2763 1430 2836 lntanda,
1448 2765 1480 2824 et
1495 2763 1594 2842 aegris
1609 2761 1748 2824 artubus

1278 2861 1423 2924 ¹Salubre
1437 2861 1540 2923 robur
1553 2859 1684 2933 indidit,

1281 2961 1468 3038 Pacemque
1482 2959 1518 3019 in
1532 2957 1645 3020 orbem
1657 2957 1782 3018 retulit.

1203 3073 1260 3156 (ln
1273 3077 1411 3151 Hpmno
1423 3090 1524 3150 quem
1539 3077 1576 3136 io
1588 3078 1754 3138 hectorem
1767 3073 1803 3136 S.
1818 3073 1971 3134 dictent-i

1161 3170 1378 3251 composuit.)

1222 3349 1404 3413 Pelbartua
1427 3349 1690 3413 lbmnesoartos
1704 3349 1782 3410 ord.
1803 3348 1889 3409 Mirr.

1200 3519 1254 3580 al.
1269 3519 1362 3580 Sicut
1375 3517 1410 3579 in
1420 3516 1489 3579 rita
1498 3515 1690 3578 mirificavit
1703 3529 1790 3588 eum,
1805 3515 1915 3578 dando
1926 3516 1960 3576 ei

310 3629 396 3692 bene
420 3631 557 3704 multos,
578 3647 720 3694 errones
741 3632 782 3695 ad
803 3634 892 3696 ovile
910 3631 1037 3694 Christi
1051 3647 1108 3693 re-
1162 3611 1964 3693 &rafiam¹⁸0⁰¹¹1³0¹¹fl¹¹dianimasliflrdstasssic015·

311 3727 417 3802 duxit,
424 3731 1105 3808 jnrenominatnsmalleushaereticorum,
1163 3713 1263 3776 ῦῑθΰῒὶ
1274 3713 1309 3774 ἰῐ]
1324 3713 1418 3784 offilo,
1429 3711 1670 3788 dedittfflfiaffl
1681 3709 1882 3772 ffliffibssstffl‘
1897 3724 1959 3787 9⁰1⁸

312 3826 346 3888 et
369 3828 533 3905 singulari
556 3829 697 3890 scientia
716 3844 892 3891 sacrarum
906 3829 1107 3898 litterarum,
1162 3807 1962 3888 ⁰1³⁸mffl'itflffissupffl'flssdih0mi¹¹ihllssr⁰⁸Per·

313 3925 1109 4002 areatostamonu.innonuniiaeinomaepunitae
1139 3907 1260 3980 ‘ditas
1281 3906 1345 3969 fuit
1365 3921 1495 3982 magna
1518 3907 1550 3968 et
1574 3906 1745 3982 praeclare
1769 3905 1962 3967 sanctitatis
2083 3975 2084 4004 ,

312 4037 484 4100 perorans,
505 4039 526 4086 3
544 4025 729 4102 perempnis
752 4025 962 4086 diversarum
981 4024 1110 4099 lingua.
1163 4005 1335 4083 sapientiae
1347 4005 1380 4065 et
1391 4003 1580 4076 charitatis,
1590 4004 1749 4066 continua
1760 4002 1960 4079 aegritudine
2083 4005 2084 4038 l

312 4135 399 4194 rum,
410 4121 534 4182 utolim
546 4122 705 4197 Apostoli,
718 4121 909 4184 intellectus
918 4121 1107 4182 luitvoca-
1159 4102 1334 4179 fatigatus,
1346 4101 1565 4162 nihilominus
1580 4101 1650 4163 t020
1666 4115 1764 4177 POSSe
1784 4099 1963 4162 inssistebat

312 4215 426 4278 lemad
436 4218 644 4292 miraculum,
654 4219 975 4296 facundissimosqne
986 4233 1109 4279 sermo·
1129 4215 1130 4224 ’
1161 4198 1255 4262 lethi
1266 4200 1325 4261 1)θὶ
1334 4198 1452 4272 lab⁰lis
1464 4196 1744 4276 lu⁰tlU³tP³Vssffi
1753 4197 1957 4274 Pl0V5ss0138‚

312 4329 374 4375 nes
397 4315 470 4392 ejus
493 4316 630 4392 triginta
654 4315 825 4377 bominum
841 4316 947 4377 millia
963 4315 1105 4388 Patavii,

314 4429 389 4474 oum
401 4413 524 4491 temple
541 4429 607 4476 non
620 4416 789 4491 caperent,
808 4415 849 4476 ad
862 4427 995 4491 campos
1010 4411 1109 4474 audl-

311 4509 378 4573 turi
411 4511 661 4588 procurrebant.
689 4512 818 4574 Natura
852 4513 997 4574 solutum
1029 4511 1130 4576 1231,

311 4609 445 4686 scriptis
459 4611 607 4672 homiliis
620 4610 782 4689 mysticis,
800 4609 981 4686 Gregorius
996 4609 1041 4670 IX
1054 4608 1108 4670 al-

311 4705 394 4782 legit
402 4709 490 4770 inter
500 4710 644 4781 sanctos,
653 4712 748 4787 cujus
758 4709 874 4786 lingua
887 4709 1024 4769 xxxin
1034 4709 1109 4785 post

313 4803 439 4866 obitum
454 4821 543 4868 anno
558 4807 752 4883 incorrupta
775 4808 848 4868 visa
863 4805 936 4869 luit.
953 4805 1107 4870 Patavini

313 4901 476 4964 aedificato
496 4904 828 4980 magnificentissimo
854 4904 990 4981 templo,
1021 4903 1107 4980 piis-

313 4999 396 5059 sime
411 4999 570 5074 colentes,
584 5001 748 5064 beneficia
766 5005 849 5079 ejus,
865 5001 1012 5079 qnotidie
1025 5017 1107 5062 sen-

312 5095 715 5177 transgressorem.
729 5099 931 5162 sanctorum
941 5096 1106 5177 Ordinis.)

512 5289 720 5370 Franctscua
743 5291 907 5352 Hormus.

1159 4299 1196 4360 et
1216 4299 1383 4360 terrarum
1398 4295 1509 4373 partes
1523 4294 1617 4356 uerbi
1631 4296 1690 4356 Dei
1706 4295 1833 4356 semine
1846 4293 1961 4371 reple-
2083 4295 2084 4300 ’

1129 4399 1131 4424 ³
1161 4396 1261 4468 verit,
1277 4394 1413 4475 longum
1436 4395 1525 4456 esset
1541 4407 1711 4464 enarrare,
1731 4391 1960 4454 cardinalium

1162 4492 1340 4556 multitudo
1355 4492 1388 4553 et
1408 4491 1481 4568 ipse
1495 4505 1643 4552 summus
1657 4489 1813 4551 Pontifex
1826 4489 1956 4550 arden-

1162 4591 1291 4653 tissima
1307 4589 1486 4651 devotione
1506 4591 1579 4666 ejus
1605 4587 1876 4664 predicationem
1891 4601 1958 4646 au-

1162 4688 1307 4760 diebant,
1331 4687 1465 4748 beatum
1494 4701 1531 4747 se
1557 4683 1705 4762 putabat,
1733 4685 1790 4762 qui
1818 4683 1859 4745 de
1885 4686 1962 4760 ejus

1161 4787 1277 4850 tunica
1306 4785 1432 4862 aliquid
1463 4783 1683 4860 praeoindere,
1713 4781 1767 4845 vel
1792 4781 1963 4842 fimbriam

1163 4887 1235 4962 ejus
1246 4885 1385 4959 tangere
1400 4882 1540 4959 poterat.
1559 4879 1617 4957 (In
1633 4883 1747 4942 Seraz.
1762 4881 1803 4942 dc
1818 4877 1885 4958 eo.)

1182 5079 1312 5143 Petrus
1327 5081 1367 5142 de
1377 5079 1560 5142 Nataltdur
1571 5077 1729 5152 b'ptscop.
1743 5077 1942 5152 Boedinus.

1201 5251 1254 5310 22.
1269 5250 1349 5310 Cum
1358 5250 1394 5310 B.
1407 5243 1619 5308 Antoniusde
1630 5243 1964 5320 crucellominiprae*

1163 5348 1301 5418 dicaret,
1318 5345 1411 5408 visus
1424 5346 1475 5405 est
1489 5345 1522 5404 S.
1538 5341 1738 5404 Franciscus
1758 5341 1792 5402 in
1807 5355 1885 5402 aare
1898 5341 1961 5402 ad-

352 5449 401 5511 19.
433 5447 589 5510 Pluribus
618 5447 762 5524 egregiis
789 5447 993 5510 iecinoribus
1018 5446 1109 5510 velut
1164 5447 1228 5508 huc
1243 5443 1279 5505 in
1295 5459 1396 5505 carne
1411 5442 1546 5518 degens,
1569 5440 1667 5516 longe
1687 5440 1798 5501 tamen
1818 5438 1960 5515 positus,

310 5549 471 5615 uirtutum
485 5563 621 5610 suarum
635 5546 794 5608 coronide
808 5545 929 5616 clarus,
944 5545 997 5629 uir
1009 5559 1109 5608 sanc·
1165 5541 1259 5619 quasi
1282 5539 1552 5617 praedicationem
1571 5535 1707 5598 Antonii
1722 5533 1869 5610 gestibus
1883 5533 1960 5596 lau-
