4204 6402
327 310 388 374 783
747 315 781 373 S.
807 309 982 374 ANTONII
1012 311 1200 375 Paonarti
1229 311 1367 374 OPERA
1397 311 1543 374 onitin.

326 471 416 532 enim
432 485 489 534 vos
498 470 555 531 uni
564 471 636 531 viro
648 469 810 546 virginem
818 471 945 532 castam
958 469 1117 532 exhibere
1171 469 1293 532 Christi
1308 485 1352 532 ex
1366 469 1457 532 omni
1473 469 1644 533 voluntate
1659 467 1755 532 debet
1772 469 1973 542 excarnari,

327 569 472 641 cbristo;
490 583 556 628 non
572 567 659 628 enim
675 583 750 627 cum
764 567 850 628 dixit
862 571 1046 643 vtrqtnem,
1062 583 1119 646 uo·
1172 570 1205 629 et
1227 569 1406 630 attenuari.
1428 570 1509 630 Item
1531 567 1644 644 pelles.
1654 567 1842 628 Salomonis
1868 583 1972 646 qnes-

326 663 389 725 luit
402 663 586 737 subticere;
603 663 661 724 sed
677 663 858 740 subjunxit,
875 665 1012 735 castam,
1026 679 1066 726 ac
1089 664 1120 724 si
1172 660 1358 726 dam'erant
1372 665 1598 742 hyacinthinae
1614 663 1675 743 (2),
1689 665 1971 742 6666666616-

326 763 398 838 eJus
408 760 572 836 duplicem
588 761 774 822 castitatem
785 762 949 822 innueret.
1173 763 1255 823 cates
1274 784 1282 821 :
1304 763 1343 824 nt
1369 764 1496 838 Sponsa
1518 762 1642 822 Christi
1666 761 1762 824 debet
1781 777 1856 822 esse
1870 761 1972 838 quasi

367 861 412 918 De
425 857 575 919 claritate
591 857 672 919 dicit
687 860 815 933 Sponsa
829 859 865 918 iu
879 857 1023 920 canticis
1040 855 1084 935 (1,
1100 861 1120 917 4
1173 859 1270 935 pellis
1296 858 1514 936 hyacinthina
1540 872 1600 944 per
1626 857 1827 920 desiderium
1848 875 1974 936 super-

326 953 1121 1032 615)τ6Ν16666666,66116666666166116166
1173 971 1308 1026 uorum,
1343 957 1376 1016 et
1403 955 1571 1016 coelestem
1599 955 1904 1028 conversationem,
1937 958 1973 1018 et

326 1052 448 1112 666616
460 1049 787 1128 consensumque
801 1050 1120 1113 Salomonis.Nolite
1172 1051 1342 1114 rubricata
1360 1065 1421 1128 per
1442 1067 1553 1113 rosam
1578 1052 1757 1128 passionis.

326 1148 540 1210 considerare
555 1148 641 1225 quod
657 1147 748 1209 fusca
765 1149 837 1218 sim,
855 1147 1121 1226 quiadecclcra-
1216 1150 1371 1226 Sequitur
1398 1169 1406 1206 ε
1434 1150 1589 1220 Intende,
1615 1163 1784 1223 prospere
1806 1152 1970 1222 procede,

327 1247 376 1307 vit
396 1261 449 1307 me
466 1246 526 1307 sol.
542 1246 695 1306 »Mirum
718 1245 868 1322 estquod
884 1247 1012 1321 Sponsa
1027 1243 1118 1316 dicit,
1174 1245 1210 1307 61
1221 1259 1341 1322 renna.
1356 1244 1492 1306 1616616
1507 1243 1670 1321 siquidem
1687 1248 1827 1321 Sponso,
1843 1245 1972 1306 dicenti

328 1357 467 1404 666666
504 1342 652 1417 nigram,
681 1341 738 1402 sed
764 1341 943 1402 formosam
972 1362 979 1400 ι
1005 1341 1120 1402 Ρ61166
1174 1341 1235 1402 tibi
1262 1363 1270 1401 :
1293 1342 1378 1401 Veni
1406 1341 1446 1401 de
1474 1341 1618 1409 Libano,
1641 1342 1731 1414 veni,
1753 1341 1972 1402 coronaberis

328 1439 417 1500 enim
443 1438 577 1500 deberet
598 1454 634 1499 se
655 1438 768 1500 dicere
792 1453 865 1498 esse
887 1440 1030 1515 turpem,
1046 1451 1122 1498 cum
1176 1437 1328 1512 (116614,
1345 1437 1378 1516 8)
1396 1438 1515 1510 :Veni
1534 1438 1680 1514 inquam,
1696 1438 1782 1499 idest
1796 1437 1915 1498 recede
1927 1437 1972 1497 de

1906 312 2094 374 784

329 1537 425 1612 nigra
449 1535 493 1596 sit
514 1538 546 1596 et
567 1535 736 1595 deformis.
750 1538 820 1595 lloc
843 1535 935 1608 dicit,
952 1535 1029 1611 quia
1043 1533 1122 1595 talis

329 1632 467 1707 nigredo
492 1630 680 1692 formositas
709 1631 761 1691 est
786 1631 939 1692 interius.
969 1629 1123 1690 Exterior

328 1730 418 1790 enirn
433 1727 555 1804 passio,
571 1727 658 1788 idest
675 1728 856 1788 maceratio
871 1727 1054 1802 corporalis
1065 1726 1121 1787 16-

327 1825 433 1887 terius
447 1823 624 1885 formosam
635 1823 743 1884 reddit
757 1825 902 1886 animam
913 1845 920 1897 ;
933 1826 967 1884 61
981 1823 1055 1883 1166
1066 1822 1121 1882 11-

330 1921 427 1982 cebat
452 1922 581 1996 Sponsa
606 1939 613 1978 :
637 1920 740 1994 Nigra
764 1936 848 1991 sum,
878 1919 935 1980 sed
965 1918 1120 1991 formosa,

330 2018 409 2095 quia
429 2017 632 2078 decoloravit
654 2032 705 2077 me
723 2017 786 2077 661.
813 2017 867 2077 Sol
884 2011 1034 2094 eclipsim
1059 2031 1122 2092 pa-

330 2115 418 2177 tiens
433 2115 543 2175 omnia
557 2114 736 2188 decolorat,
755 2115 812 2174 sed
829 2115 893 2175 6116
906 2116 1028 2176 transit
1042 2115 1125 2175 ecli-

330 2213 411 2288 psis,
429 2212 462 2272 61
476 2210 584 2272 subito
596 2211 732 2272 relucet.
753 2211 807 2272 Sol
818 2212 957 2288 justitiae
973 2211 1123 2272 Christus

330 2311 418 2369 Deus
441 2313 555 2370 noster
570 2323 686 2383 passus
706 2307 757 2368 est
776 2309 927 2385 eclipsim
949 2309 983 2368 in
1003 2323 1123 2381 cruce;

331 2409 365 2467 et
379 2405 453 2466 ideo
469 2405 618 2482 eclipsim
633 2419 751 2480 passus
772 2407 832 2476 661,
848 2405 1003 2482 quoniam
1018 2405 1124 2480 ipsius

330 2502 454 2580 passio,
478 2503 568 2562 velut
587 2501 734 2577 eclipsis,
762 2502 828 2562 cito
850 2501 993 2571 transiit,
1011 2503 1044 2562 et
1066 2515 1126 2578 per

330 2599 610 2660 resurrectionem
621 2598 744 2658 reluxit
759 2598 807 2658 sol
824 2599 957 2659 mundo.
976 2601 1011 2657 ln
1026 2613 1125 2659 cruce

332 2695 483 2772 eclipsim
500 2695 638 2770 patiens,
661 2695 771 2755 omnia
797 2695 1012 2760 decoloravit,
1038 2711 1124 2772 quo-

333 2792 423 2854 niam
448 2792 490 2854 ad
524 2792 717 2852 memoriam
751 2792 930 2853 bominicae
959 2792 1126 2867 passionis

333 2890 442 2951 omnis
457 2889 556 2950 decor
571 2889 769 2961 mundanus,
784 2890 817 2951 et
827 2891 935 2950 omnis
950 2889 1125 2962 delectatio

332 2986 628 3063 temporalisdebet
643 2986 824 3048 obscurari.
833 2989 902 3049 Nec
915 2991 970 3048 est
982 2987 1125 3047 formosa

333 3085 457 3156 anima,
470 3100 543 3161 666
564 3085 612 3146 616
636 3099 702 3144 666
725 3086 775 3145 661
790 3083 971 3157 obfuscata,
989 3084 1126 3145 decolo-

334 3182 418 3243 rata.
445 3181 521 3242 Ideo
545 3181 627 3242 dicit
648 3185 775 3256 Sponsa
798 3203 805 3242 :
827 3183 932 3256 Nigra
956 3197 1040 3254 sum,
1069 3181 1126 3242 sed

335 3277 492 3348 formosa,
515 3278 593 3354 quia
608 3277 812 3339 decoloravit
830 3293 882 3338 me
896 3278 945 3338 661
958 3295 966 3353 ;
983 3281 1015 3339 et
1027 3278 1127 3355 paulo

334 3376 409 3452 post
425 3395 433 3434 ε
451 3375 542 3435 Sicut
554 3374 770 3436 tabernacula
785 3375 901 3446 cedar,
926 3373 1012 3437 sicut
1026 3375 1128 3452 pelles

336 3471 540 3546 SalomonIs3
553 3471 648 3533 111616
658 3471 756 3533 16161
766 3473 922 3549 conjungi
933 3472 1043 3534 littera
1055 3470 1104 3551 (1)
1120 3493 1127 3532 :

335 3569 440 3646 Nigra
464 3585 547 3640 sum,
575 3569 662 3632 sicut
684 3568 900 3630 tabernacula
920 3569 1040 3642 Cedar3
1060 3570 1129 3630 for-

336 3683 440 3742 mosa,
457 3668 542 3731 sicut
557 3667 660 3744 pelles
679 3667 878 3728 Salomonis.
895 3667 1001 3728 Cedar
1019 3668 1129 3728 inter-

336 3766 487 3843 pretatur
510 3780 643 3826 moeror.
665 3767 753 3826 Bene
777 3779 857 3839 ergo
884 3767 1130 3840 conjunguntur

336 3865 401 3925 ista
425 3863 501 3934 duc,
525 3867 745 3924 tabernacula
761 3865 892 3934 cedam
909 3862 944 3921 in
968 3861 1128 3923 taberna-

336 3961 422 4024 culis
446 3961 535 4021 enirn
562 3959 738 4020 exercetur
763 3959 895 4032 militia,
910 3959 981 4020 sive
1007 3973 1127 4034 pugna.

338 4058 458 4120 Militia
480 4060 595 4118 contra
623 4055 789 4117 diabolum
824 4056 952 4132 agenda
982 4058 1033 4117 est
1055 4069 1130 4116 cum

338 4155 515 4231 lacrynns3
536 4153 624 4213 unde
638 4153 672 4212 in
695 4153 841 4214 (16611616
862 4151 906 4231 (1,
924 4152 956 4231 4)
979 4175 986 4212 ι
1003 4152 1130 4214 «06611

336 4252 386 4314 tui
420 4251 506 4312 sicut
541 4249 680 4327 piscina
704 4251 740 4310 16
766 4249 930 4321 Η666166,
956 4266 1029 4327 quse
1055 4251 1132 4311 6661

338 4352 373 4412 16
404 4349 499 4426 porta
524 4347 601 4408 illiae
633 4347 866 4408 multitudinis.
895 4347 1049 4408 Hesebon
1073 4347 1131 4407 in-

204 4463 209 4471 “
340 4431 541 4524 terpretatur
556 4445 699 4520 angulus
720 4447 883 4506 moeroris.
908 4445 1050 4506 PIscinae
1074 4461 1131 4506 er-

340 4561 382 4622 go
410 4542 575 4614 Hesebcn,
607 4541 693 4602 idest
728 4540 937 4603 abundantes
975 4541 1131 4618 lacrymae

339 4642 497 4704 deberent
511 4655 585 4702 esse
602 4639 638 4699 in
653 4638 760 4700 oculis
776 4637 1037 4715 uniuscujusque
1053 4639 1131 4700 ani·

340 4758 403 4802 mae
418 4738 537 4812 fidelis,
553 4740 590 4798 61
600 4737 649 4798 616
661 4737 693 4797 61
708 4736 821 4813 pateat
831 4735 1002 4812 ingressus
1014 4737 1131 4797 Eccle-

339 4839 410 4910 siae,
432 4837 472 4898 de
496 4851 561 4913 qua
584 4833 708 4895 dicitur
723 4854 731 4892 ε
747 4830 970 4895 Multitudinis
989 4833 1132 4894 creden·

338 4927 1131 5008 1666661666666166166166666(161132).

340 5016 511 5094 1161611616
532 5029 675 5091 formosa
701 5028 787 5089 sicut
808 5027 912 5104 pelles
933 5027 1131 5089 Salomonis.

342 5128 461 5200 Pelles,
479 5126 681 5198 61661661116,
694 5126 940 5198 sacamentum
957 5125 991 5186 et
1006 5127 1133 5202 Sponsa

378 5269 403 5340 tl
433 5268 533 5326 Glossa
549 5265 748 5324 interlinearis.

378 5340 407 5412 (1
440 5337 575 5406 Quaedam
604 5345 684 5394 erant
706 5335 908 5410 hyacinthinas,
925 5343 980 5392 etc.
995 5335 1134 5409 Origenes

342 5410 446 5472 llomil.
462 5412 473 5467 l
493 5409 612 5466 incant.
627 5409 779 5478 interprete
790 5409 818 5464 S.
835 5409 1008 5478 Hieronymo
1021 5407 1132 5464 scribit:

343 5506 353 5532 ι
373 5483 460 5566 Nigra
476 5494 539 5536 sum
561 5486 590 5535 ut
606 5477 787 5560 tabernacula
802 5477 902 5545 Cedat,
916 5486 947 5535 ut
960 5478 1131 5560 AEttiiopes:

341 5549 1135 5692 ntictltntntttantstrscansili

1176 1534 1313 1606 Libano,
1331 1534 1416 1596 idest
1430 1534 1471 1596 de
1480 1535 1625 1598 6661666
1637 1535 1736 1612 nujus
1747 1534 1874 1605 saculi,
1891 1549 1973 1611 quo-

1177 1633 1267 1692 niam
1291 1631 1477 1708 confringet
1501 1631 1661 1692 Dominus
1689 1631 1808 1692 cedros
1839 1631 1973 1701 Libani,

1177 1727 1281 1806 (Psal.
1308 1729 1359 1799 28,
1381 1728 1427 1807 5),
1452 1729 1539 1789 11661
1562 1728 1603 1789 ab
1627 1727 1788 1790 exteriori
1813 1728 1974 1798 caudore,

1177 1825 1261 1886 idest
1273 1823 1313 1884 de
1326 1823 1481 1886 simulata
1496 1825 1671 1901 religione,
1687 1825 1845 1901 quoniam
1862 1825 1975 1884 omnis

1176 1921 1284 1998 gloria
1304 1921 1382 1982 filiae
1397 1921 1487 1997 regis
1503 1920 1544 1983 ab
1567 1921 1837 1999 16166(Ρ661.14,
1855 1920 1920 2000 14).
1933 1923 1978 1982 nt

1178 2018 1334 2096 quoniam
1363 2018 1530 2080 dixerat:
1558 2018 1711 2093 Veni3et
1730 2033 1798 2082 non
1826 2018 1973 2089 dixerat,

1178 2131 1244 2192 quo
1267 2113 1386 2176 debeat
1413 2116 1465 2176 ire
1493 2137 1501 2174 ι
1530 2115 1641 2177 statim
1674 2114 1845 2191 subiungit
1869 2115 1976 2176 verbo

1177 2213 1285 2282 tenus,
1309 2227 1373 2288 quo
1396 2212 1484 2272 66661
1507 2211 1651 2272 eundum
1669 2233 1676 2272 :
1692 2211 1830 2280 Vadam,
1851 2211 1974 2287 inquit,

1179 2309 1377 2369 admontem
1401 2308 1556 2384 myrrbae,
1573 2307 1658 2368 idest
1679 2307 1720 2370 61
1741 2307 1977 2370 celsitudinem

1179 2405 1456 2476 mortificationis,
1470 2420 1543 2481 quas
1552 2405 1587 2465 16
1599 2405 1735 2482 myrrha
1748 2404 1975 2480 significatum

1179 2501 1212 2563 et
1225 2502 1267 2564 ad
1287 2501 1405 2564 collem
1424 2501 1544 2572 thuris,
1568 2501 1653 2562 idest
1673 2501 1715 2560 ad
1740 2501 1978 2562 excellentiam

1180 2599 1305 2660 devotae
1329 2597 1501 2660 orationis.
1530 2599 1585 2659 Sic
1603 2613 1682 2673 ergo
1697 2599 1824 2673 Sponsa
1849 2595 1976 2658 Christi

1180 2695 1329 2772 procedit
1341 2695 1381 2756 de
1395 2696 1518 2757 virtute
1527 2695 1562 2757 iu
1573 2696 1740 2756 virtutem.
1750 2695 1788 2755 nt
1800 2694 1848 2754 616
1856 2709 1974 2769 regna,

1180 2791 1266 2853 idest
1292 2791 1408 2868 accipe
1432 2807 1601 2862 coronam,
1630 2791 1670 2852 de
1703 2807 1770 2866 qua
1793 2789 1975 2866 sapiennae

1181 2885 1224 2965 (5,
1248 2887 1300 2966 11)
1323 2903 1370 2948 2«
1396 2888 1569 2964 Accipient
1598 2903 1739 2964 regnum
1762 2886 1908 2956 decoris,
1940 2890 1977 2948 et

1174 2985 1334 3046 diadema
1353 2985 1478 3061 speciei
1499 2985 1539 3044 de
1564 3000 1665 3046 manu
1685 2984 1828 3055 Domini,
1849 2983 1978 3046 »idest

1180 3083 1362 3154 aureolam,
1378 3097 1476 3158 quam
1487 3081 1653 3158 accipient
1662 3081 1823 3158 virgines,
1837 3081 1870 3142 et
1879 3095 1977 3141 mar-

1181 3182 1282 3256 tyres.

1413 3349 1552 3410 SERMO
1575 3349 1752 3408 LXXXIII.

1182 3487 1226 3546 11
1242 3487 1410 3559 1611616666,
1426 3485 1461 3544 16
1480 3487 1631 3545 vocatione
1656 3487 1758 3560 Sponsi
1780 3484 1816 3543 61
1835 3487 1976 3558 Sponsam

1532 3590 1624 3633 suam.

1183 3711 1272 3771 16111
1283 3711 1365 3782 stlta,
1380 3709 1413 3770 ei
1429 3713 1516 3783 61616,
1536 3711 1570 3771 61
1585 3713 1844 3772 inclinatiorem
1859 3709 1976 3770 trram:

1222 3807 1469 3868 6161116166666
1486 3809 1772 3880 provideanteum,
1793 3807 1827 3867 61
1838 3809 1979 3868 (166666

1222 3904 1402 3977 parmatus.
1416 3902 1519 3981 (Psal.
1534 3906 1587 3971 4-4,
1601 3901 1665 3982 11.)

1224 4054 1385 4130 Loquitur
1400 4056 1485 4116 Deus
1502 4053 1542 4116 ad
1557 4053 1660 4115 tiliam
1676 4069 1781 4125 suam,
1796 4069 1979 4132 quamcun-

1185 4166 1248 4228 que
1277 4151 1407 4212 scilicct
1432 4152 1608 4228 virginem,
1638 4152 1697 4213 aut
1721 4155 1846 4214 castam
1868 4154 1980 4212 :Aridi

1184 4249 1379 4325 1111666666
1397 4249 1563 4324 parturivi
1576 4248 1610 4308 16
1625 4248 1780 4324 angustia
1795 4249 1977 4326 passionis3

1186 4346 1272 4406 unde
1288 4346 1384 4408 Isaiae
1400 4344 1505 4425 (11119)
1516 4367 1525 4406 z
1538 4362 1557 4407 6
1568 4345 1725 4422 Nunquid
1738 4361 1812 4422 ego,
1826 4347 1882 4422 qni
1896 4346 1979 4408 elios

1186 4455 1304 4519 parere
1319 4441 1416 4514 facio,
1434 4443 1506 4520 ipse
1525 4457 1592 4504 non
1612 4443 1753 4518 pariam,
1768 4443 1849 4504 dicit
1864 4442 1978 4505 bumi-

1186 4543 1268 4601 nusi
1282 4557 1301 4600 a
1316 4540 1401 4602 Audi
1412 4555 1491 4616 ergo
1514 4539 1594 4600 fllia.
1611 4541 1650 4602 nt
1665 4540 1743 4617 quid
1757 4539 1979 4604 661161116-

1186 4637 1264 4708 1161,
1290 4637 1438 4714 iuquem,
1461 4639 1625 4712 Sponsum
1645 4638 1680 4699 16
1701 4638 1847 4700 canticis
1864 4637 1908 4717 (5,
1923 4637 1977 4714 2):

1186 4734 1310 4811 «Aperi
1319 4733 1721 4808 mibi,sorermea,amica
1736 4751 1821 4806 mea,
1830 4733 1981 4798 columba

1187 4847 1271 4903 mea,
1281 4831 1584 4893 immaculatamea.
1597 4833 1697 4908 Aperi
1706 4848 1784 4908 ergo
1794 4848 1978 4896 sorormea.

1187 4931 1227 4990 nt
1240 4945 1314 5006 quas
1335 4931 1387 4990 est
1410 4944 1506 4991 soror
1527 4929 1846 4992 Dominifsanima
1861 4931 1979 5001 tidelis,

1187 5043 1261 5105 quse
1284 5027 1392 5103 potest
1417 5026 1483 5087 dici
1509 5026 1580 5088 fllia
1603 5027 1731 5098 Mariae,
1754 5029 1854 5104 66166
1875 5029 1981 5090 Filius

1187 5124 1338 5186 Christus
1365 5125 1434 5185 est.
1464 5123 1525 5184 llla
1551 5139 1631 5198 ergo
1658 5123 1728 5185 lilia
1756 5125 1886 5198 Mariae,
1909 5141 1981 5202 qua

1187 5279 1301 5321 summo
1312 5262 1415 5332 studio,
1429 5271 1458 5320 et
1473 5263 1568 5319 labore
1578 5261 1730 5320 fabricatus
1746 5271 1799 5321 est.
1815 5267 1873 5322 Eas
1888 5271 1981 5322 autem

1188 5336 1276 5408 pelles
1295 5333 1384 5392 fuisse
1405 5335 1573 5403 rubricatas,
1594 5342 1623 5390 61
1644 5334 1847 5406 hyacinthinas
1860 5343 1980 5402 constat,

1187 5405 1983 5548 11111116116616661116

1188 5555 1242 5627 tur,
1259 5548 1348 5630 altero
1362 5545 1402 5628 de
1414 5546 1661 5630 pellibuserieturu
1677 5545 1837 5628 rubricatis,
1848 5547 1982 5605 alterode

1185 5617 1324 5690 janthinis
1338 5617 1467 5690 pellibus,
1481 5617 1554 5674 idest
1567 5615 1769 5690 hyacinthinis.
