4158 6380
131 265 171 324 57
591 231 1303 354 1111111111.-111111111111,
1422 227 1425 232 ’
1732 266 1771 326 ss

127 423 241 482 nostra
252 419 368 492 effusa,
384 420 420 482 ut
433 435 531 497 aqua,
546 421 674 483 oriente
689 422 769 483 solis
781 423 920 500 justitiae

126 517 252 577 lumine
267 514 302 594 (a
318 531 382 594 quo
404 509 515 578 omnia
536 518 679 579 calorem
700 519 869 595 accipiunt
890 519 923 580 et

125 612 302 692 virtutem)
328 615 471 685 ardebit,
500 616 533 675 et
556 615 633 690 igne
653 616 803 676 caritatis
832 631 923 676 com-

126 711 224 772 buret
246 712 412 774 sacrificia
428 711 588 772 cordium.
605 715 710 788 Aqua,
727 728 791 788 qua
804 712 923 773 lavan-

128 811 183 870 tur
208 808 351 869 crimina
365 806 424 887 (1),
442 807 519 868 dum
541 809 732 870 inducimur
750 809 791 868 ad
816 809 924 886 poeni·

125 905 283 979 tentiam;
308 921 372 982 qua
386 905 519 965 madent
534 905 632 976 oculi,
655 906 731 965 dum
748 906 922 982 compelli-

127 1019 203 1063 mur
223 1002 263 1062 ad
280 1003 462 1078 lacrymas,
477 1018 542 1079 qua
555 1002 668 1064 divino
681 1019 794 1064 amore
814 1003 922 1063 intuso

127 1099 366 1160 comburuntur
388 1099 498 1170 corda,
521 1098 672 1160 vibrante
703 1100 780 1184 igne
810 1099 923 1160 Sancti

129 1197 292 1271 spiritum
320 1212 385 1273 qua
407 1197 528 1258 divinae
556 1196 729 1272 sapientiae
757 1195 831 1256 sitis
857 1213 923 1257 nou

127 1293 345 1368 extinguitur,
366 1293 422 1354 sed
437 1293 602 1354 excitatur
615 1291 674 1372 (2).
691 1296 715 1354 0
729 1293 856 1354 utinam
872 1293 923 1354 si-

128 1390 254 1452 cutilia
280 1390 482 1452 miraculosa
502 1392 635 1466 exigue
650 1407 736 1468 aqua
756 1407 869 1452 crassa
885 1407 924 1451 eo

127 1488 277 1564 tempore
291 1488 428 1549 inventa
444 1490 505 1561 est,
529 1503 593 1565 quo
612 1488 805 1564 captivitate
817 1488 922 1560 finita,

127 1583 268 1662 populus
291 1585 351 1646 Dei
366 1586 407 1646 ad
432 1586 573 1662 patriam
601 1586 847 1661 revertebatur:
877 1587 925 1647 ita

127 1683 201 1743 haec
214 1684 344 1759 tempus
357 1682 547 1759 praesignet,
565 1698 628 1760 quo
644 1699 663 1744 a
678 1685 806 1759 peccati
822 1683 926 1744 servi·

126 1781 200 1841 tute
213 1779 477 1850 liberatiildeles,
482 1783 553 1857 jam
559 1780 594 1841 in
603 1781 770 1841 coelestem
782 1781 924 1856 patriam

127 1877 194 1938 iter
221 1877 386 1952 dirigant:
401 1878 434 1937 et
455 1877 540 1938 sicut
563 1877 621 1937 illa
647 1876 710 1938 luit
724 1877 924 1953 principium

127 1974 221 2050 pacis
244 1973 337 2033 illius
367 1973 479 2050 populi
497 1995 504 2032 :
525 1973 588 2034 ista
614 1973 773 2034 Ecclesiae
809 1989 924 2051 pacem

128 2071 319 2147 praesagiat,
341 2085 446 2147 eaque
464 2071 500 2130 in
519 2071 631 2145 ignem
649 2085 823 2141 conversa,
840 2070 926 2132 alie-

127 2184 208 2228 num
231 2169 354 2244 ignem,
378 2167 507 2229 scilicet
526 2167 717 2229 haereticam
733 2169 791 2229 aut
810 2168 925 2244 indig-

127 2280 206 2325 nam
229 2264 377 2326 moribus
402 2264 599 2335 doctrinam,
625 2263 660 2324 in
687 2265 844 2340 templum
866 2265 926 2326 Dei

129 2361 299 2422 mittentes
316 2359 363 2440 (3)
379 2361 626 2422 comburantur.

169 2459 233 2518 Hic
245 2460 296 2519 est
310 2475 397 2518 unus
413 2473 456 2518 ex
471 2457 595 2534 clypeis
608 2457 926 2534 millependentibus

127 2556 165 2614 in
175 2555 260 2616 turri
272 2555 375 2614 David
391 2552 450 2632 (4),
464 2570 526 2631 quo
540 2555 575 2615 tu
586 2571 673 2615 nuno
685 2557 832 2616 armatus
848 2569 926 2631 pro-

128 2651 181 2712 dis
208 2651 248 2712 ad
287 2649 526 2714 defendendam
560 2651 755 2711 Ecclesiam.
784 2656 925 2712 Annon

130 2749 210 2810 sunt
237 2748 436 2808 Christianae
460 2747 605 2824 antiquae
631 2746 860 2818 bibliothecae,
884 2763 926 2808 ex

130 2845 251 2923 quihus
276 2845 347 2905 haec
371 2845 479 2906 sancti
491 2845 601 2905 Patris
615 2845 828 2906 monumenta
843 2844 926 2905 edu-

128 2939 221 3014 xisti,
237 2943 341 3004 turris
354 2941 411 3002 illa
429 2941 585 3002 Dauidica
602 2958 675 3002 cum
692 2939 926 3018 propugnasse

130 3040 175 3100 lis
199 3039 372 3110 aedificata,
395 3055 437 3100 ex
462 3055 525 3114 qua
541 3039 632 3099 mille
646 3040 788 3114 pendent
803 3039 922 3116 clypei,

130 3135 240 3198 omnis
253 3138 423 3196 armatura
437 3135 589 3196 fortiuml
614 3135 760 3210 tortium,
777 3137 923 3212 inquam,

129 3234 265 3294 illorum
281 3233 320 3293 de
345 3233 464 3309 quibus
491 3232 670 3294 scribitur:
691 3237 746 3294 Eo
767 3235 926 3295 lectulum

129 3333 323 3392 Solomonis
347 3331 533 3406 scmogiuio
551 3332 660 3403 fortes
684 3331 851 3402 ambiunt,
879 3345 926 3391 aaa

129 3427 332 3502 fortissimis
345 3431 467 3498 Israel,
480 3441 598 3488 ornnes
612 3428 766 3488 terrentes
780 3431 923 3503 gladios,

131 3525 167 3585 et
188 3527 231 3584 od
250 3527 333 3585 betia
350 3525 538 3584 doctissimi
555 3545 561 3582 ι
576 3527 845 3598 castimoniaeque
865 3541 928 3586 eu-

131 3623 183 3681 sis
210 3635 316 3694 super
341 3622 457 3693 femur
479 3635 590 3691 suum,
614 3621 759 3694 propter
784 3623 926 3683 timores

130 3717 318 3777 nocturnos
327 3715 448 3794 (Cant,
459 3714 532 3792 111)i
546 3715 572 3776 li
582 3716 739 3775 nimirum
749 3718 927 3779 suntvete-

130 3812 207 3873 rani
229 3813 386 3874 Ecclesiae
410 3812 547 3883 milites,
565 3813 671 3873 sancti
686 3813 737 3872 illi
752 3814 784 3874 et
798 3815 926 3891 antiqui

130 3910 261 3980 Patrae,
273 3911 329 3986 qui
340 3910 515 3986 scriptiset
525 3911 746 3971 monumentis
761 3911 927 3986 suisvigi-

132 4006 319 4068 lautissime
341 4009 374 4068 et
388 4007 549 4067 acerrime
565 4007 714 4084 pugnant
726 4010 841 4068 contra
857 4009 928 4068 hae-

132 4103 266 4175 reticos,
289 4105 321 4164 et
341 4103 519 4179 potestates
539 4109 637 4180 atque
660 4107 807 4166 rectores
831 4105 927 4166 tene-

131 4199 269 4261 brarum
295 4200 425 4271 harum,
447 4200 502 4276 qui
519 4201 664 4277 quietem
681 4202 755 4264 veri
778 4202 928 4264 Salomo-

132 4297 186 4358 nis
202 4296 432 4368 interturbant‚
450 4297 506 4374 qui
522 4298 704 4359 Ecclesiam
728 4301 800 4375 ejus
820 4317 926 4376 spon-

133 4409 216 4466 sam,
242 4395 277 4455 11
310 4396 404 4471 cujus
439 4394 515 4454 sinu
547 4396 762 4473 conquiescit,
784 4397 817 4458 et
840 4397 927 4459 inter

133 4495 230 4568 cujus
251 4491 354 4552 ubera
374 4493 607 4563 commoratur,
627 4492 680 4552 die
700 4495 860 4570 nocteque
875 4494 928 4554 di-

975 425 1008 484 et
1023 423 1161 484 horrent
1178 423 1328 485 baeretici
1343 443 1350 483 ε
1366 437 1442 484 nam
1461 437 1481 484 a
1499 423 1703 486 philisthaeis
1723 423 1770 505 (5)

975 520 1095 587 edocti,
1113 521 1242 592 cavent,
1272 535 1337 598 qua
1360 523 1497 598 possunt
1525 521 1710 598 diligentia,
1728 539 1770 584 ne

975 618 1166 678 inveniatur
1194 618 1324 692 gladius
1350 619 1386 678 in
1405 619 1524 692 Israel;
1548 622 1585 680 ut
1610 636 1683 681 cum
1707 621 1772 696 ipsi
1846 631 1851 640 '
1882 681 1893 700 s

976 714 1232 785 insurrexerint,
1254 715 1400 776 inermes
1420 716 1631 792 reperiantur
1646 719 1771 779 Catho-

977 810 1045 871 lici.
1062 810 1153 883 Quod
1173 815 1191 873 J
1196 811 1328 871 ulianus
1342 810 1401 871 ille
1417 815 1568 887 apostata
1583 816 1773 876 teterrimus

977 907 1101 968 Christi
1117 909 1149 969 et
1173 907 1329 968 Ecclesiae
1352 907 1457 969 hostis
1484 909 1661 986 diligenter
1682 912 1771 983 iecit,

977 1003 1053 1063 dum
1065 1005 1138 1079 lege
1154 1005 1242 1064 cavit
1261 1020 1303 1063 ne
1317 1005 1499 1065 Christiani
1513 1005 1634 1068 litteris
1648 1011 1773 1070 Graecis

977 1102 1203 1172 erudirentur,
1238 1117 1300 1162 nec
1328 1103 1461 1163 scholas
1498 1102 1771 1181 frequentarent:

977 1199 1062 1274 quod
1073 1200 1105 1260 et
1116 1199 1469 1272 hodiernisectarii,et
1479 1205 1649 1276 apostatae,
1660 1206 1773 1266 nostro

978 1296 1101 1356 saeculo
1121 1296 1375 1371 diligentissime
1393 1295 1553 1372 iecerunt,
1579 1299 1611 1360 et
1634 1300 1772 1373 iaciunt,

978 1392 1176 1470 ubicumque
1202 1393 1414 1470 tyrannidem
1439 1409 1533 1455 suam
1557 1397 1662 1458 libere
1677 1413 1776 1458 exer-

978 1490 1064 1550 cent.
1090 1490 1173 1560 Quot
1199 1491 1288 1551 enim
1311 1489 1530 1554 bibliothecas
1554 1509 1668 1556 sacras
1692 1494 1777 1555 diri-

978 1589 1138 1662 pueruntl
1153 1589 1233 1663 quot
1248 1603 1345 1650 sacra
1367 1589 1537 1651 volumina
1560 1594 1777 1654 exusseruntt

979 1685 1057 1760 quot
1078 1686 1268 1747 sanctorum
1283 1686 1435 1748 virorum
1456 1691 1669 1750 monumenta
1686 1689 1775 1751 dila-

978 1780 1135 1843 niaruntt
1159 1783 1229 1842 Nec
1254 1797 1334 1842 sane
1358 1783 1401 1843 ad
1423 1799 1483 1844 sua
1506 1786 1633 1848 scelera
1647 1787 1777 1864 impru-

979 1877 1112 1938 denter:
1129 1878 1163 1938 in
1175 1879 1238 1938 boc
1248 1878 1337 1938 enim
1352 1878 1451 1940 laudo
1466 1881 1596 1943 villicos
1611 1884 1774 1960 iniquita-

978 1973 1033 2041 tis,
1057 1976 1090 2034 et
1111 1975 1321 2050 prudentiam
1351 1976 1496 2037 illiorum
1523 1979 1622 2056 hujus
1646 1981 1771 2042 saeculi.

979 2070 1144 2133 videbant
1158 2087 1300 2148 namque
1315 2073 1400 2134 111111
1422 2075 1485 2135 sibi
1508 2076 1672 2149 infestius,
1689 2079 1775 2140 nihil
1834 2085 1837 2095 '

980 2168 1079 2229 sectis
1104 2169 1173 2230 suis
1200 2171 1433 2245 perniciosius,
1461 2189 1560 2249 quam
1586 2175 1776 2253 hujusmodi

979 2265 1098 2327 bellica
1121 2266 1279 2327 Ecclesiae
1303 2271 1573 2343 armamentaria,
1595 2274 1775 2350 exquibus

979 2362 1028 2424 tot
1054 2363 1203 2424 veterum
1228 2363 1364 2424 Petrum
1392 2368 1617 2442 exemplaria,
1648 2373 1773 2444 Graeca,

980 2457 1269 2532 Hebraeabatina,
1283 2464 1315 2521 et
1325 2463 1472 2522 omnium
1489 2463 1631 2542 denique
1645 2466 1775 2542 lingua-

980 2570 1054 2614 rum
1070 2557 1204 2632 scripta,
1219 2559 1365 2633 quotidie
1383 2563 1554 2633 eruuntur,
1573 2563 1691 2638 quibus
1706 2567 1774 2626 Ba-

979 2651 1136 2728 bylonica
1158 2668 1272 2712 eorum
1289 2656 1392 2716 turris
1406 2658 1577 2730 evertitur,
1592 2661 1774 2723 1111111-

980 2748 1134 2810 demente
1155 2765 1259 2826 usque
1276 2753 1478 2814 exinanitur.
1495 2757 1776 2826 Quemadmodum

979 2862 1059 2907 vero
1074 2849 1222 2923 tempore
1236 2847 1315 2908 belli
1330 2850 1522 2926 diligentius
1535 2857 1776 2932 conquiruntur

979 2959 1084 3016 arma,
1111 2943 1230 3020 quibus
1250 2962 1285 3007 se
1306 2947 1447 3025 quisque
1460 2953 1588 3013 muniat
1605 2975 1612 3012 ε
1628 2954 1675 3014 ita
1691 2955 1776 3016 tem-

979 3057 1059 3118 pore
1095 3041 1272 3103 haeresium
1306 3042 1404 3121 (quae
1439 3051 1516 3109 sunt
1549 3050 1776 3114 ecclesiastica

979 3137 1077 3210 bella,
1109 3138 1265 3200 occidunt
1290 3141 1379 3201 enim
1411 3143 1555 3216 animas,
1587 3164 1661 3223 quae
1688 3150 1775 3210 mori

979 3236 1147 3308 nesciunt,
1174 3252 1248 3297 cum
1270 3237 1346 3298 aliae
1368 3243 1496 3316 strages
1511 3244 1545 3302 in
1571 3261 1722 3322 corpora,
1738 3248 1775 3310 in

979 3333 1078 3404 mdes,
1095 3335 1128 3394 et
1148 3334 1268 3394 caetera
1284 3335 1472 3413 hujusmodi
1488 3340 1625 3414 caduca,
1642 3345 1674 3405 et
1688 3345 1777 3406 inte-

979 3431 1059 3492 ritui
1072 3432 1245 3508 ruinaeque
1259 3433 1416 3508 obnoxia,
1433 3439 1561 3498 tantum
1577 3440 1774 3522 desaeviant)

980 3527 1173 3604 diligentius
1193 3529 1363 3591 Catholici·
1375 3551 1499 3596 musaea
1512 3539 1544 3598 et
1556 3536 1774 3602 bibliothecas

980 3625 1185 3696 evolverunt,
1211 3629 1401 3689 sanctorum
1421 3633 1556 3692 Petrum
1581 3635 1683 3696 libros
1699 3654 1777 3712 per-

981 3722 1181 3798 quisierunt,
1206 3738 1329 3800 eosque
1342 3726 1773 3808 velutleonibusiortiores,

981 3821 1014 3879 et
1027 3818 1149 3895 aquilis
1164 3819 1359 3892 velociores,
1375 3822 1409 3882 11
1425 3826 1530 3899 prima
1543 3829 1615 3888 acie
1631 3831 1777 3893 colloca·

980 3916 1068 3986 runt,
1091 3916 1204 3975 utnon
1219 3917 1383 3978 immerito
1399 3920 1546 3982 militans
1569 3925 1691 3988 Christi
1711 3931 1776 3990 Ec-

981 4011 1084 4072 clesia
1098 4013 1239 4084 dicatur,
1252 4029 1291 4073 ao
1305 4015 1348 4075 sit
1361 4015 1527 4079 haereticis
1543 4022 1718 4098 terribilis,
1735 4027 1774 4087 ut

980 4111 1178 4170 castrorum
1191 4113 1283 4171 acies
1298 4115 1460 4175 ordinatu
1476 4112 1667 4198 (Cant.,v1).
1683 4123 1774 4184 inter

981 4220 1063 4281 quos
1084 4205 1131 4276 tu,
1153 4206 1407 4282 religiosissime
1420 4211 1482 4280 vir,
1508 4213 1580 4276 haec
1603 4219 1776 4296 seraphici

981 4303 1091 4364 Patris
1105 4305 1775 4398 111111111111111111111111111111111

981 4399 1137 4460 decidunt
1164 4400 1325 4462 haeretiei.
1352 4404 1431 4474 Quis
1458 4423 1600 4485 namque
1629 4427 1775 4476 exnunc

980 4497 1102 4572 poterit
1125 4512 1161 4556 se
1184 4497 1329 4573 objicere
1352 4502 1506 4576 potestati
1522 4507 1704 4578 pontilicis,
1721 4512 1775 4572 vel

133 4589 268 4656 vexant,
291 4603 353 4648 nec
374 4587 571 4649 clamantem
591 4605 747 4664 sponsum
761 4590 925 4653 audiunt:
980 4592 1067 4653 sacri
1095 4593 1234 4669 Collegit
1253 4595 1473 4659 cardinalium
1487 4617 1611 4677 negare
1625 4604 1773 4680 dignita-

133 4689 265 4758 Adiuro
281 4699 342 4746 oos
358 4686 439 4758 (ilice
450 4687 645 4747 Jerusalem
663 4684 754 4762 (quia
770 4687 833 4762 ipsi
849 4687 926 4748 uliae
979 4689 1057 4761 tem,
1073 4691 1774 4776 11111111111111111111(1111111111

133 4783 213 4843 sunt
225 4776 406 4858 Babylonis
416 4779 611 4859 miserae)ue
625 4783 809 4855 suscitatis,
818 4798 927 4858 neque
982 4787 1102 4847 simum
1123 4787 1233 4848 virum
1255 4788 1369 4858 fuisse,
1391 4807 1451 4852 nec
1476 4793 1624 4857 haeretici
1639 4816 1701 4862 nec
1714 4802 1773 4863 alii

133 4882 299 4954 evigilare
308 4878 446 4951 iactatis
457 4879 614 4940 dilectum
624 4881 927 4955 quoadusqueipso
980 4883 1132 4944 infideles
1155 4883 1293 4965 negant)
1317 4887 1459 4962 primum
1480 4905 1526 4963 se,
1548 4893 1667 4957 deinde
1693 4915 1772 4961 suos

133 4975 217 5037 ociit
231 4971 351 5052 (Cant,
374 4989 411 5046 11,
434 4989 472 5036 111
494 4975 527 5035 et
540 4972 625 5052 vm).
644 4977 765 5036 Contra
787 4976 926 5037 istorum
980 4981 1174 5042 submittere
1197 4985 1230 5042 S.
1256 4985 1295 5043 R.
1317 4986 1352 5043 E.
1377 4987 1412 5047 et
1426 4989 1544 5051 summi
1558 4993 1773 5058 Pontificiset

133 5071 304 5147 strepitus,
318 5071 470 5146 impetus,
483 5073 516 5132 et
526 5071 668 5133 insultus
678 5087 757 5133 vere
767 5088 810 5133 ex
822 5075 927 5134 sacris
981 5077 1201 5139 cardinalium
1222 5081 1317 5141 nutui
1339 5083 1371 5142 11
1390 5085 1628 5162 jurisdictioni,
1656 5094 1690 5153 et
1712 5094 1772 5154 sub

133 5168 344 5230 bibliothecis
368 5168 552 5230 educuntur
567 5169 686 5246 clypei,
704 5171 736 5232 et
751 5185 847 5231 11111
866 5187 926 5232 ar·
981 5190 1021 5235 eo
1044 5175 1168 5236 vexillo
1188 5193 1224 5237 se
1244 5193 1387 5255 suosque
1402 5182 1487 5244 velle
1510 5185 1671 5248 militaret
1693 5193 1772 5262 Quis

134 5279 385 5340 morumgenus.
395 5265 613 5336 Quamobrem
626 5282 683 5327 eas
692 5267 928 5344 pertimescunt
982 5271 1771 5362 ordinum,Poenitentiee,sacrificiisacrosanoti‚

172 5404 199 5470 (1
233 5405 275 5459 Ex
289 5402 377 5459 doctr.
392 5403 502 5473 Ambe,
513 5403 532 5460 1.
548 5419 589 5475 111,
599 5404 664 5476 oti,
676 5419 701 5463 c.
719 5405 762 5462 11.

172 5473 203 5544 (1
235 5474 357 5542 Euclea,
373 5488 448 5531 xxiv.

174 5543 215 5615 (3)
236 5543 337 5610 bavit,
350 5558 378 5601 x.

1031 5409 1059 5480 i)
1079 5412 1173 5480 Cant,
1184 5426 1222 5469 iv.

1030 5481 1057 5552 1)
1077 5484 1103 5539 11
1117 5484 1201 5555 hog,
1212 5497 1271 5542 x1u.
