4114 6396
324 284 403 349 1087
744 283 777 344 S.
802 279 977 344 ANTONII
1008 269 1197 343 Panuilvi
1226 278 1364 341 oralia
1389 275 1539 339 OMNIA.
1903 275 1981 337 iotis

322 443 400 526 bil:
415 441 711 506 ‹AEdiiicaverrmt
723 441 856 504 excelsa
866 439 1028 518 Topbetb,
1041 455 1116 517 quae
1170 437 1396 510 invisibiliter,
1412 453 1456 500 ne
1469 435 1564 499 nobis
1579 437 1708 508 noceat,
1725 437 1899 514 quantum
1916 453 1980 496 no·

323 541 418 606 estin
430 540 589 603 vaiieiilii
601 541 738 610 Ennom,
751 540 788 600 ut
798 538 1017 602 incenderent
1029 537 1116 598 iiiios
1170 553 1247 599 cere
1261 535 1372 598 vellet.
1392 537 1474 596 item
1495 549 1557 595 rex
1576 534 1640 594 ilai
1662 550 1856 611 suspensus
1878 535 1979 594 estin

325 655 415 710 snos,
437 639 470 699 et
492 635 580 697 filias
606 651 684 696 suas
708 635 825 711 igni.»
846 635 1007 711 Toplretlr,
1029 633 1115 712 quod
1170 633 1338 711 patibuio;
1356 633 1508 697 Christus
1522 631 1558 692 in
1575 631 1667 706 ligno
1690 631 1805 692 crucis
1820 631 1862 690 in
1880 646 1981 691 carne

322 731 562 814 interpretatur
576 733 717 794 latitudo
733 733 908 808 gebennas,
923 731 1022 793 valiis
1035 732 1117 792 tris-
1170 731 1285 792 nostra
1303 729 1431 792 visibili
1447 731 1498 791 est
1511 728 1693 792 crucifixus
1709 749 1718 788 ι
1734 731 1769 790 et
1794 743 1873 789 rea:
1898 732 1979 798 Hui,

321 832 416 903 titire,
434 827 512 908 quia
523 829 713 906 aedificatio,
728 829 781 890 vei
796 829 930 905 vagatio
945 829 981 889 in
994 828 1116 892 mentis
1170 829 1256 890 idest
1267 827 1420 890 diabolus
1435 826 1557 888 ibidem
1573 826 1805 897 invisibiliter,
1819 827 1919 886 sicut
1934 826 1984 886 di-

322 929 500 991 latitudine
515 927 606 988 ducit
622 927 789 987 hominem
804 925 840 986 in
857 925 1067 1002 profundum,
1083 926 1116 987 et
1170 928 1257 989 citur
1270 926 1304 986 in
1320 925 1437 987 Glossa
1449 923 1497 1003 (1)
1511 947 1518 983 :
1531 925 1672 986 Gemina
1682 923 1774 985 facta
1790 925 1850 984 est
1865 925 1982 984 cruci-

320 1027 356 1088 in
370 1026 491 1088 vallem
505 1023 663 1096 tristitiae,
680 1024 807 1085 scilicet
825 1023 999 1099 gebenna,
1016 1039 1115 1100 quam
1170 1023 1266 1098 llxio;
1279 1023 1366 1084 unde
1376 1021 1554 1100 Apostolus
1565 1021 1606 1083 ad
1618 1020 1842 1084 colossenses
1855 1016 1980 1099 (2,15);

320 1122 416 1186 multi
431 1121 495 1196 sibi
514 1121 681 1183 aedificant
695 1119 913 1182 foeneratores
928 1135 988 1196 per
1002 1121 1117 1181 avari·
1169 1125 1360 1195 nepotiane
1377 1121 1606 1195 principatus,
1624 1119 1658 1181 ef
1672 1120 1892 1194 potestates,
1910 1119 1982 1180 fru-

319 1221 413 1296 tiem,
429 1222 462 1282 et
477 1219 576 1294 filios,
592 1219 625 1280 et
644 1217 731 1278 illias
746 1217 932 1289 immolant,
948 1217 981 1278 et
992 1217 1114 1278 incen-
1169 1219 1271 1281 ducit
1285 1219 1508 1291 confidenter,
1520 1223 1640 1291 pulum
1655 1217 1896 1290 triumphans
1913 1221 1983 1278 illm

322 1317 405 1379 dunt
412 1317 453 1378 ad
468 1315 652 1387 lucrum,et
662 1317 845 1392 peccatum,
860 1316 897 1376 ut
908 1315 975 1375 sint
985 1313 1114 1392 paterni
1169 1320 1206 1377 in
1217 1315 1413 1391 semetipso,
1430 1315 1560 1376 scilicet
1574 1314 1609 1374 in
1628 1314 1763 1388 gemino
1780 1314 1886 1390 ligno
1903 1330 1981 1374 cru-

320 1415 458 1478 sceleris
469 1413 667 1484 imitatores,
680 1412 811 1474 demum
822 1412 946 1473 aeterno
957 1411 1114 1477 incendio
1170 1413 1229 1474 cis.
1244 1415 1314 1474 imo
1328 1412 1392 1474 hoc
1406 1411 1550 1474 habetur
1561 1412 1597 1472 in
1612 1414 1728 1472 Graeco
1743 1410 1820 1491 (2):
1840 1415 1982 1473 munt-

319 1527 394 1574 cum
416 1512 465 1572 eis
484 1509 606 1572 arsuri.
632 1509 727 1571 Unde
747 1511 831 1570 Osee
854 1507 903 1588 (9,
923 1509 961 1570 12
979 1510 1013 1570 et
1034 1505 1113 1586 13):
1168 1514 1278 1584 pians
1291 1513 1328 1571 ln
1345 1513 1437 1585 ltpno
1450 1513 1565 1571 crucia
1578 1513 1726 1585 pomino.
1750 1508 1813 1569 Sic
1834 1508 1980 1572 babetur

319 1607 444 1683 «Quod
461 1609 493 1669 et
507 1608 537 1668 si
558 1607 759 1669 enutrierint
777 1605 863 1668 iiiios
883 1621 973 1678 suos,
993 1605 1114 1666 faciem
1169 1622 1270 1684 super
1291 1609 1394 1670 Josue
1421 1627 1429 1666 :
1459 1606 1611 1668 Christus
1641 1606 1836 1667 crucifixus
1866 1611 1922 1669 est
1947 1609 1976 1668 in

319 1721 377 1768 eos
392 1705 464 1766 sine
479 1703 594 1766 liberis
607 1705 642 1764 in
657 1703 847 1766 bominibus
862 1724 870 1764 ι
885 1701 939 1764 sed
955 1703 1114 1779 Ephraim
1169 1703 1369 1781 exemplum,
1385 1707 1422 1766 ut
1435 1719 1496 1765 nos
1511 1703 1761 1779 crucifigamur.
1780 1705 1977 1765 Crucifixus

317 1803 434 1865 educet
448 1801 491 1864 ad
502 1799 749 1866 interfectorem
763 1799 850 1861 filios
863 1815 941 1860 suos
952 1816 971 1859 a
984 1799 1025 1860 ad
1041 1815 1116 1877 pec·
1169 1805 1242 1864 erat
1254 1800 1574 1879 Paulus,quodalibi
1584 1801 1731 1864 ostendit
1740 1802 1975 1881 dicens(Gal.,

318 1900 473 1971 candum,
499 1901 532 1960 et
558 1897 640 1975 ipsis
664 1897 777 1959 favent
801 1897 836 1958 in
862 1895 1020 1974 peccatis,
1052 1911 1115 1957 nec
1168 1901 1198 1972 6,
1222 1899 1278 1977 11)
1302 1921 1310 1960 :
1330 1901 1418 1961 Mllvl
1436 1899 1554 1962 aalma
1574 1901 1662 1961 absit
1681 1903 1843 1976 gloriari
1860 1905 1934 1962 nisi
1948 1905 1976 1960 fu

319 1996 501 2072 corrigunt.
517 1995 693 2056 immolant
707 1993 798 2070 ipsos
814 1992 957 2064 diabolo,
975 1995 1008 2054 et
1022 1993 1114 2053 mul·
1168 2011 1270 2059 cruce
1277 1999 1416 2059 Domini
1426 1997 1539 2059 nostri
1546 1999 1630 2059 lesu
1639 1997 1783 2064 Cbrtstf,
1792 2013 1871 2071 per
1879 2013 1978 2072 pacem

318 2093 417 2155 toties
437 2090 553 2153 carent
572 2089 761 2152 haeredibus
777 2091 858 2151 suis.
870 2091 943 2158 Vel,
956 2089 1113 2166 Ephraim
1167 2097 1411 2156 mtttmundus
1422 2095 1614 2167 mucianus
1626 2094 1689 2168 est,
1701 2095 1736 2156 et
1749 2109 1822 2171 epo
1836 2099 1975 2156 mundo.

319 2187 438 2252 educet
447 2188 487 2249 ad
499 2187 747 2250 interfectorem
759 2185 846 2248 lilios
860 2201 938 2248 suos
952 2185 1112 2261 docendo,
1169 2191 1224 2252 sic
1238 2192 1271 2252 et
1283 2189 1424 2268 quilibet
1442 2189 1540 2253 debet
1556 2191 1716 2267 crucifigi,
1736 2193 1774 2252 ut
1791 2193 1832 2253 et
1847 2191 1926 2269 ipse
1940 2194 1977 2253 sit

250 2277 253 2286 ’
320 2301 381 2364 per
395 2300 531 2347 usuram
546 2285 663 2362 augeri
678 2283 798 2346 debere
815 2283 1002 2361 pecuniam.
1020 2283 1114 2345 Unde
1168 2289 1291 2350 mundo
1306 2291 1456 2350 mortuns
1477 2303 1543 2365 quo
1563 2289 1603 2350 ad
1626 2288 1742 2349 mundi
1766 2291 1931 2365 negotia,
1949 2292 1976 2350 et

321 2383 472 2461 sequitur
484 2380 595 2462 (ibid,
608 2383 639 2456 9,
651 2379 703 2460 11)
716 2403 723 2442 :
737 2397 756 2442 c
769 2383 816 2442 ila
831 2381 880 2443 eis
892 2380 1026 2442 vulvam
1041 2379 1113 2440 aine
1168 2385 1311 2447 mundus
1326 2387 1357 2448 ei
1371 2387 1530 2463 quantum
1546 2385 1587 2447 ad
1601 2400 1716 2446 omnes
1735 2385 1908 2448 affectus.
1923 2387 1976 2448 l‘el

318 2479 446 2552 liberis,
467 2482 500 2542 et
518 2479 622 2540 ubera
642 2479 819 2550 arentia»
839 2479 875 2541 ut
896 2477 1025 2539 scilicet
1046 2492 1113 2538 non
1167 2483 1203 2544 in
1220 2483 1312 2560 ligno
1326 2483 1436 2544 crucis
1453 2481 1635 2547 crucifixus
1650 2483 1701 2544 est
1715 2483 1758 2544 ad
1775 2485 1975 2561 exemplum

319 2577 470 2654 gignant,
486 2578 519 2638 et
533 2577 561 2638 si
579 2577 766 2652 genuerint,
783 2591 849 2637 non
865 2575 1011 2638 habeant
1026 2575 1112 2637 unde
1168 2582 1328 2654 nostrum,
1339 2581 1375 2642 ut
1384 2581 1474 2642 vitiis
1487 2579 1741 2656 crucifigamur;
1756 2581 1792 2642 et
1803 2581 1974 2654 diabolus,

322 2673 447 2736 iactent
460 2673 547 2736 tilios
562 2672 694 2734 diabolo
710 2671 917 2734 nutriendos.
1166 2679 1351 2740 natantum
1367 2678 1495 2746 noceat,
1512 2679 1671 2756 quantum
1686 2677 1884 2741 desiderat.
1908 2685 1976 2742 Per

1166 2791 1267 2851 quern
1285 2779 1371 2837 mibi
1383 2779 1534 2838 mundus
1552 2776 1746 2847 emlinus
1766 2779 1841 2848 cst,
1860 2779 1901 2840 ut
1917 2793 1974 2853 ego

1167 2874 1326 2950 quantum
1341 2871 1383 2933 ad
1400 2873 1534 2949 negotia
1548 2872 1663 2934 mundi
1683 2873 1972 2951 contemptibilis;

593 2949 733 3010 SERMO
762 2949 838 3010 CCI·
1166 2971 1200 3032 ef
1221 2971 1489 3047 agembertum
1507 2969 1742 3031 nonaffectem
1759 2987 1844 3048 quae
1862 2973 1973 3034 mundi
2038 3027 2039 3044 ,

318 3091 444 3162 Qualiter
462 3089 589 3150 Christus
601 3103 654 3171 nos
670 3105 720 3162 per
734 3089 898 3162 passionem
911 3085 1111 3162 congregavit,
1167 3068 1254 3140 Slfflls
1272 3068 1360 3129 ⁸1⁰1st
1374 3071 1446 3145 05⁰⁸
1462 3067 1627 3128 &mamm
1641 3066 1782 3130 faciunt·

419 3179 467 3252 qui
479 3192 594 3236 eramus
608 3175 729 3250 dispersi
742 3191 793 3250 per
806 3177 919 3234 diversa
933 3175 1011 3233 vitiu.
1205 3167 1274 3227 «nt
1288 3164 1504 3241 congregabit
1513 3163 1672 3242 profugos
1682 3165 1805 3228 israel.
1820 3183 1842 3228 »
1854 3169 1905 3230 De
1916 3167 1973 3229 boc

1077 3312 1111 3372 ει
1165 3261 1623 3440 a(
1642 3261 1972 3342 ³

342 3424 589 3487 mustellam
600 3407 930 3488 mmmmm·
942 3405 1084 3488 ¹⁰5’47)'
1165 3458 1348 3522 volantium
1368 3457 1487 3533 magis,
1505 3473 1604 3535 quam
1628 3457 1814 3534 gladius.»
1840 3462 1970 3523 Folium

357 3552 420 3614 Hic
440 3551 505 3614 duo
520 3549 664 3630 petimus
681 3570 689 3612 ε
708 3553 736 3613 Α
757 3550 897 3613 Domino
919 3550 1063 3625 salvari;
1079 3551 1111 3612 et
1164 3555 1238 3618 leve
1253 3556 1313 3628 est,
1329 3553 1396 3617 cito
1411 3555 1579 3630 marescif,
1595 3555 1683 3617 etde
1705 3555 1801 3618 facili
1828 3573 1850 3620 a
1873 3563 1969 3622 vento

319 3647 566 3712 donationibus
581 3647 790 3726 congregari.
800 3647 1041 3710 concordantia
1053 3647 1112 3708 ha·
1164 3653 1305 3731 rapitur.
1321 3653 1376 3714 Sic
1390 3651 1535 3715 honores
1549 3652 1649 3731 hujus
1664 3653 1793 3727 mundi,
1811 3657 1850 3718 et
1865 3655 1970 3718 facui-

317 3747 415 3810 betur
441 3748 537 3809 isaiae
556 3745 625 3826 (11,
650 3745 706 3826 12)
728 3767 736 3806 z
757 3745 928 3808 ‹Levabit
951 3745 1110 3807 Dominus
1164 3752 1260 3824 tates,
1277 3752 1310 3812 et
1323 3749 1503 3826 dignitates
1518 3750 1584 3813 cito
1602 3753 1790 3824 transeunt,
1811 3755 1909 3816 sicut
1923 3755 1970 3814 fo-

318 3843 449 3920 slgnum
462 3844 498 3905 in
507 3843 671 3916 nationes,
685 3843 719 3904 et
728 3841 943 3918 congregabit
952 3843 1109 3921 profugos
1164 3848 1285 3909 liorum
1299 3847 1440 3910 sonitus.
1456 3849 1607 3910 Secundo
1622 3849 1701 3910 sunt
1714 3849 1891 3913 volantes.
1903 3855 1967 3914 Hoc

317 3941 433 4014 israel,
446 3939 989 4018 etdispersoscoliigetaquatuor
1002 3939 1110 4018 plagis
1165 3944 1280 4006 folium
1300 3945 1423 4007 multos
1446 3947 1561 4020 terret,
1579 3947 1646 4008 imo
1668 3947 1779 4023 ipsum
1801 3949 1966 4027 tanquam

316 4042 427 4101 terrae.
442 4056 461 4099 s
475 4037 614 4100 Levabit
627 4037 787 4100 Dominus
802 4039 933 4116 signum
948 4037 983 4098 in
1000 4037 1111 4099 natio·
1164 4042 1310 4119 gladium
1325 4039 1466 4118 fugiunt,
1481 4043 1559 4119 quia
1572 4043 1678 4120 magis
1689 4044 1813 4113 timent
1829 4047 1966 4123 quidam

317 4151 389 4211 nes,
410 4135 541 4212 signum
559 4135 680 4206 crucis,
699 4136 733 4196 in
761 4150 825 4213 quo
849 4135 941 4196 salus
959 4133 1045 4196 facta
1060 4136 1110 4196 est
1164 4139 1284 4202 cadere
1303 4155 1323 4201 a
1346 4139 1575 4216 dignitatibus,
1597 4141 1629 4202 et
1647 4140 1838 4203 honoribus
1866 4144 1966 4222 hujus

316 4233 352 4294 in
376 4231 541 4309 gentibus,
563 4233 597 4294 et
611 4231 763 4293 diabolus
785 4233 836 4294 est
854 4231 900 4294 ibi
916 4232 1107 4294 crucifixus.
1163 4237 1289 4309 mnndi,
1306 4251 1406 4314 quam
1420 4236 1532 4314 gladio
1547 4235 1653 4298 divini
1665 4237 1797 4314 judicii.
1815 4242 1867 4302 at
1884 4257 1966 4303 con·

316 4329 409 4404 Quod
431 4329 598 4407 signatum
622 4330 673 4390 est
695 4344 756 4407 per
775 4329 854 4404 hoc,
877 4329 962 4406 quod
988 4327 1110 4390 dicitur
1162 4332 1963 4412 propabitcnpersosmndeezechielis(so,1e):

315 4429 417 4492 Josue
435 4425 479 4506 (8,
495 4425 548 4506 29)
567 4447 574 4486 ε
590 4441 609 4486 c
625 4428 696 4487 Rex
718 4425 780 4486 Hai
805 4441 985 4503 suspensus
1004 4426 1055 4488 est
1072 4425 1108 4486 in
1162 4429 1341 4506 ‹Dispersi
1357 4443 1415 4490 eos
1427 4427 1462 4489 in
1474 4431 1601 4506 gentes,
1615 4431 1649 4492 et
1662 4429 1819 4492 ventilati
1836 4435 1919 4494 snnt
1930 4433 1963 4493 in

316 4523 464 4604 patibulo
478 4539 497 4584 a
512 4525 650 4588 losue.»
663 4525 728 4586 Per
742 4538 853 4599 regem
866 4523 929 4584 Hai
943 4522 1106 4597 diabolus,
1162 4530 1272 4589 terras
1289 4547 1296 4588 :
1308 4527 1406 4604 Juxta
1421 4527 1494 4588 vias
1510 4541 1636 4598 eorum,
1653 4529 1686 4589 et
1699 4528 1963 4592 adinventiones

316 4623 374 4702 qui
389 4637 571 4700 suspensus
582 4622 632 4683 ast
645 4622 680 4681 in
696 4619 845 4698 patibulo
859 4621 978 4694 crucis,
993 4623 1028 4682 in
1043 4637 1108 4699 qua
1163 4639 1277 4685 eorum
1289 4623 1437 4702 judicavi
1452 4639 1509 4686 eos
1519 4639 1537 4684 s
1549 4641 1557 4698 ;
1568 4626 1600 4686 et
1613 4623 1677 4702 ipsi
1692 4629 1871 4702 coeperunt
1885 4643 1963 4688 ven

316 4721 440 4798 duplex
454 4723 505 4782 est
520 4719 646 4795 lignum
662 4719 796 4794 propter
817 4718 982 4795 geminam
1003 4719 1109 4781 ratio-
1161 4721 1243 4792 tum,
1263 4719 1391 4782 scillcet
1413 4719 1605 4793 vanitatem,
1633 4735 1706 4797 quae
1729 4719 1881 4784 debebit
1905 4741 1961 4784 eos

314 4835 402 4891 nem,
420 4819 457 4879 ut
470 4817 593 4877 dicitur
607 4830 709 4892 super
720 4817 822 4878 iosus
837 4837 845 4876 ε
862 4813 911 4876 lbi
922 4815 1010 4877 enim
1025 4815 1108 4878 visi·
1162 4833 1221 4894 per
1237 4832 1324 4878 vana
1338 4819 1485 4895 peccata.
1500 4817 1562 4878 Vel
1576 4820 1803 4894 conceperunt
1821 4823 1960 4881 ventum

313 4914 587 4978 blitterchristus
604 4928 786 4990 suspensus
800 4911 851 4974 est
864 4912 905 4974 ad
918 4913 1107 4990 exemplum
1162 4915 1326 4986 elationis,
1344 4917 1377 4976 et
1395 4911 1563 4985 vanitatis,
1585 4916 1618 4976 et
1635 4915 1694 4976 ille
1708 4915 1887 4978 ventilavit
1903 4935 1959 4978 eoa

315 5015 476 5088 nostrum,
493 5013 529 5074 ut
542 5010 633 5072 vitiis
649 5009 895 5086 crucifigamur,
911 5011 944 5072 et
955 5009 1107 5072 diabolus
1162 5013 1197 5074 in
1219 5013 1350 5075 diversa
1369 5011 1462 5074 vitia.
1485 5013 1531 5073 De
1552 5011 1616 5073 boc
1636 5014 1735 5103 vento
1756 5012 1841 5075 dicit
1860 5017 1959 5076 iere-

365 5179 392 5246 1)
409 5177 515 5235 Glossae
531 5176 591 5234 ord.
609 5191 644 5234 ex
658 5175 737 5249 Orig.
1162 5188 1231 5246 trus,
1241 5177 1315 5251 quod
1325 5177 1451 5238 Christus
1461 5179 1619 5244 crucifixus,
1636 5177 1718 5236 nobis
1731 5179 1849 5252 reliquit
1863 5195 1958 5238 exem

363 5249 396 5330 2).
407 5247 532 5305 liabetur
551 5249 579 5306 in
595 5249 703 5316 Gracc,
719 5253 774 5306 etc.
792 5245 883 5330 Testis
904 5253 947 5304 est
967 5247 1013 5305 Ori
1037 5261 1107 5306 enee
1161 5251 1262 5322 pium:
1283 5255 1312 5306 ct
1325 5247 1387 5310 boc
1407 5247 1543 5332 secunda,
1564 5265 1619 5321 qua
1639 5263 1709 5331 crux
1729 5250 1773 5306 ilia
1793 5251 1956 5332 tropheum

314 5317 418 5374 iiomii.
439 5319 506 5376 viil
525 5318 554 5374 ln
573 5319 669 5387 losue,
689 5324 769 5400 ¹torri.¹
782 5317 808 5376 ll
828 5315 895 5400 edit.
913 5317 1003 5374 bieur.
1044 5333 1105 5402 eu,
1161 5321 1197 5378 de
1211 5318 1323 5376 diabolo
1339 5317 1399 5388 fnit,
1415 5333 1443 5376 vn
1459 5334 1515 5392 quo
1530 5327 1558 5376 ei
1578 5319 1730 5378 crucifixus
1744 5329 1788 5377 est
1808 5329 1839 5377 et
1854 5329 1953 5380 trium·

334 5401 349 5444 a
376 5431 382 5446 .
398 5387 461 5456 316,
480 5401 558 5470 num.
575 5387 612 5444 3;
631 5409 642 5438 ι
665 5389 744 5445 Licet
763 5401 791 5444 in
812 5388 874 5470 aius
895 5388 1107 5460 exemplaribus
1162 5391 1274 5466 pbatus.
1295 5411 1305 5439 ι

313 5401 462 5526 flagellor,
490 5456 669 5540 irrumpbanp
693 5459 722 5514 in
751 5464 925 5530 semetipso,
953 5459 1005 5516 sed
1032 5473 1046 5516 a
1069 5458 1106 5517 ud
1152 5484 1159 5496 ·
1197 5461 1238 5530 (³)
1253 5461 1338 5542 vulg.
1358 5477 1365 5516 :
1386 5457 1465 5516 Dabo
1483 5473 1618 5532 pavorem
1642 5461 1671 5516 in
1695 5457 1828 5517 cordibus
1853 5475 1952 5518 eorum

314 5531 429 5615 Grecos
444 5525 572 5612 babetur,
593 5541 622 5582 m
639 5525 728 5654 ligno.
746 5529 824 5610 Ergo
837 5528 940 5612 duplex
954 5530 1026 5586 ratio
1048 5474 1102 5587 sso-
1161 5533 1190 5588 in
1213 5529 1378 5614 regionibus
1395 5527 1519 5613 hostium
1536 5547 1543 5586 ε
1562 5530 1677 5614 terrebit
1695 5545 1744 5612 cos
1762 5531 1875 5590 sonitus
1894 5531 1952 5588 folii

312 5611 426 5661 rnrnrce
445 5613 538 5657 crucis
560 5615 566 5654 :
584 5611 640 5654 une
654 5598 711 5668 ria,
727 5613 782 5670 qua
798 5597 865 5656 dlclt
884 5601 1038 5674 Apostolus
1051 5603 1103 5658 Pe·
1160 5603 1293 5672 voluntis,
1308 5609 1336 5659 ct
1351 5607 1389 5658 vta
1405 5597 1515 5673 ftrgveni
1528 5613 1610 5673 quast
1624 5601 1761 5674 gladium.
