4158 6380
353 278 412 340 103

353 436 442 509 sunt,
477 435 543 497 uisi
571 435 730 512 quantum
762 435 970 512 providentia
1003 449 1146 512 superna

353 532 509 612 disponit,
526 533 600 592 ideo
615 531 650 592 in
665 547 717 592 me
736 547 824 594 nunc
846 534 913 594 tam
929 533 1086 594 ferociter
1100 533 1148 592 ir·

354 633 502 702 ruerunt,
514 629 592 706 quia
607 643 674 688 non
683 628 802 690 bonam
814 646 904 707 spem
913 629 1048 707 praefert
1057 645 1148 690 man·

354 729 406 791 sto
422 743 495 790 mea
513 725 652 788 incuria
664 728 910 802 magnatorum.
928 729 1062 789 Fratres
1083 727 1147 788 mei

351 827 409 902 qui
423 824 458 885 in
471 824 553 885 locis
568 825 780 902 pauperculis
806 800 1062 896 commorantur,
1085 840 1148 886 au-

225 923 231 932 '
352 923 479 985 dientes
494 938 546 983 me
557 938 631 982 cum
645 921 871 984 cardinalibus
887 937 972 994 esse,
996 923 1148 998 suspica-

351 1020 473 1081 bantur
485 1019 625 1082 forsitan
640 1019 806 1095 implicari
821 1019 1009 1091 mundanis,
1035 1019 1146 1080 efferri

352 1116 545 1188 honoribus,
572 1117 606 1178 et
630 1115 759 1177 deliciis
785 1115 965 1177 abundare.
985 1116 1062 1176 Ideo
1078 1131 1148 1177 me·

351 1215 418 1275 lius
429 1213 543 1292 judico
566 1229 651 1285 eum,
675 1215 731 1290 qui
746 1212 879 1289 ponitur
893 1213 928 1274 in
947 1213 1145 1288 exemplum,

352 1312 467 1388 fugere
483 1310 594 1371 curias
609 1313 642 1372 et
656 1311 830 1371 humiliter
846 1311 933 1370 inter
948 1309 1090 1370 humiles
1112 1311 1146 1369 in

353 1407 436 1470 locis
451 1407 641 1470 conversari
668 1407 860 1479 humilibus,
886 1408 919 1468 et
945 1407 1147 1469 sustinentes

353 1505 527 1584 penuriam
543 1505 643 1566 fortes
659 1504 792 1576 efficiat,
808 1505 931 1565 similia
940 1504 1145 1565 sustinendo.

352 1603 500 1664 Veniunt
518 1617 598 1678 ergo
614 1617 721 1674 mane,
739 1603 771 1662 et
789 1601 908 1662 humili
931 1602 1147 1662 excusatione

352 1699 532 1778 proposita,
549 1698 765 1760 valefaciunt
780 1699 954 1759 cardinali.
985 1698 1148 1759 Abhorre-

314 1837 334 1882 ,
351 1797 409 1860 bat
423 1813 541 1873 nempe
555 1795 609 1856 vir
620 1797 755 1856 sanctus
780 1795 982 1871 superbiam,
1001 1797 1147 1856 omniurn

352 1895 516 1956 malorum
541 1893 715 1968 originem,
739 1894 771 1954 et
794 1891 1065 1965 inobedientiam,
1096 1894 1148 1970 ip-

352 1992 423 2053 sius
450 1990 629 2068 pessimam
645 1989 791 2067 prolem;
808 1989 865 2050 sed
882 2005 950 2052 non
965 1990 1075 2052 minus
1089 1990 1148 2050 hu·

352 2089 526 2150 militatem
554 2087 757 2164 poenitentiae
790 2087 997 2163 acceptabat.
1019 2089 1148 2150 Accidit

352 2186 467 2258 semel,
485 2188 521 2248 ut
535 2185 642 2246 eidam
656 2187 916 2261 praesentaretnr
930 2185 1064 2262 quidam
1077 2184 1148 2247 fra·

351 2285 414 2356 ter,
426 2283 483 2360 qui
497 2285 612 2344 contra
622 2282 730 2358 legem
744 2281 941 2343 obedientiae
957 2283 1083 2359 aliquid
1097 2283 1148 2344 fe-

353 2383 457 2454 cerat,
474 2379 652 2456 disciplina
661 2377 801 2456 iustitiae
817 2380 1045 2456 corrigendus.

253 2548 261 2575 N
390 2478 516 2540 Videns
531 2477 642 2540 autem
666 2477 719 2538 vir
738 2477 798 2538 Dei
820 2475 958 2538 fratrem
973 2477 1069 2538 illum
1088 2491 1148 2555 per

354 2577 451 2652 signa
462 2575 629 2638 evidentia
641 2574 806 2636 veraciter
816 2589 889 2636 esse
900 2576 1145 2651 compunctum,

353 2674 394 2736 ad
414 2672 652 2748 indulgendum
675 2672 707 2734 ei
730 2685 845 2733 amore
863 2671 927 2733 fuit
946 2671 1147 2734 humilitatis

351 2769 518 2832 inductus.
535 2771 586 2830 Na
604 2770 717 2831 tamen
737 2768 881 2830 facilitas
895 2768 1013 2841 veniae,
1032 2770 1148 2830 incen-

350 2869 457 2931 tivum
477 2867 568 2928 esset
586 2866 662 2928 aliis
687 2866 912 2943 delinquendi,
932 2866 1034 2942 jussit
1049 2867 1146 2928 abla-

251 2999 254 3006 =
350 2967 422 3028 tum
441 2963 536 3027 fratri
558 2965 727 3042 caputium
749 2965 784 3024 in
809 2964 917 3026 medio
937 2963 1146 3026 flammarum

351 3064 482 3142 projici,
503 3064 540 3124 ut
559 3077 673 3124 omnes
693 3061 905 3124 adverterent
920 3062 1042 3139 quanta
1059 3079 1146 3140 qua-

350 3161 441 3239 lique
453 3160 600 3222 vindicta
613 3159 742 3222 offensa
757 3160 800 3221 sit
815 3159 1048 3222 inobedientiae
1064 3175 1146 3236 per-

353 3257 515 3320 cellenda.
544 3258 690 3333 Cumque
721 3272 781 3333 per
813 3273 941 3318 moram
977 3258 1146 3335 caputium

352 3355 471 3417 fuisset
481 3355 515 3414 in
530 3354 639 3416 medio
649 3353 749 3428 ignis,
762 3355 921 3430 praecepit
931 3354 1039 3431 ipsum
1051 3355 1148 3416 ilam-

352 3454 416 3516 mis
427 3451 570 3523 detrahi,
579 3450 739 3526 reddique
750 3450 845 3512 fratri
860 3451 1033 3513 humiliter
1041 3453 1148 3529 poeni·

353 3548 448 3614 tenti.
470 3547 624 3609 Mirabile
644 3546 749 3609 dictu!
764 3548 961 3610 Extrahitur
978 3551 1147 3627 caputium

352 3647 394 3710 de
409 3646 518 3707 medio
533 3645 754 3717 flammarum,
769 3645 898 3706 nullum
914 3646 1040 3708 habens
1053 3648 1147 3709 adus-

352 3743 454 3806 tionis
468 3742 658 3818 vestigium.
677 3743 797 3819 Sicque
817 3741 1017 3816 factumest,
1034 3746 1071 3807 ut
1084 3745 1148 3806 boc

353 3856 420 3904 uno
434 3844 522 3903 Deus
538 3839 711 3912 miraculo,
728 3839 762 3900 et
779 3841 885 3902 sancti
899 3841 965 3903 viri
979 3841 1145 3916 virtutem,

352 3939 386 4001 et
413 3938 634 4000 humilitatem
659 3937 862 4015 poenitentiae
889 3939 1145 4002 commendaret.

255 4101 256 4106 ,
351 4038 458 4114 Digne
472 4035 584 4112 itaque
599 4035 756 4095 sectanda
778 4035 829 4096 est
845 4036 1016 4096 Francisci
1032 4037 1147 4098 humi-

352 4135 442 4204 litas,
459 4147 532 4209 quae
546 4131 615 4192 tam
628 4131 747 4191 miram
760 4131 905 4192 interris
922 4133 1023 4193 etiam
1039 4134 1149 4208 digni·

353 4231 455 4291 tatem
464 4227 617 4296 obtinuit,
628 4226 777 4286 utDeum
788 4227 967 4288 inclinaret
975 4225 1015 4288 ad
1023 4230 1146 4300 votum,

355 4327 389 4388 et
407 4322 553 4386 hominis
577 4321 769 4382 immutaret
794 4321 961 4395 affectum,
981 4325 1149 4387 multoties

355 4423 541 4484 daemonum
561 4417 810 4494 protervitatem
826 4433 886 4480 suo
898 4423 998 4496 jussu
1014 4423 1149 4499 propel-

355 4519 440 4582 leret
457 4518 489 4579 et
508 4515 717 4576 flammarum
737 4515 954 4578 voracitatem
976 4519 1047 4579 solo
1066 4522 1149 4581 nutu

354 4615 561 4680 refraenaret.
587 4614 716 4673 Revera
740 4612 812 4674 haec
836 4615 896 4685 est,
920 4629 993 4690 quae
1012 4631 1148 4692 posses-

356 4729 449 4778 sores
475 4726 554 4773 suos
578 4710 742 4778 exaltans,
768 4710 846 4772 dum
870 4711 1022 4772 omnibus
1047 4728 1148 4775 reve-

355 4810 498 4874 rentiam
522 4806 668 4879 exhibet,
696 4805 738 4868 ab
765 4806 918 4868 omnibus
942 4814 1150 4884 promeretur

356 4909 530 4970 honorem.

642 5045 779 5106 CAPUT
800 5047 870 5108 VII.

357 5229 407 5287 De
417 5235 537 5285 autore
544 5221 775 5296 paupertatis,
787 5222 821 5284 ct
831 5224 924 5285 rutro
937 5225 1149 5299 stipulatione

655 5319 860 5392 defectuum.

396 5487 486 5548 Inter
507 5483 627 5545 caetera
642 5481 883 5546 charismatum
908 5485 1004 5556 dona,
1031 5501 1104 5562 quae
1129 5501 1148 5548 a

392 5589 434 5666 (l)
450 5589 540 5656 ileu,
554 5599 614 5642 xm.

781 279 836 338 AD
858 275 994 338 OPERA
1017 279 1049 338 S.
1074 275 1293 337 FRANCISCI
1314 267 1541 340 hsslslarls
1942 275 1989 338 lot

1202 436 1296 511 largo
1317 439 1439 500 Datore
1463 436 1662 500 Franciscus
1685 434 1846 506 obtinuit,
1872 449 1990 511 praero-
2047 461 2048 496 1

1201 535 1312 608 gativa
1329 535 1471 612 quadam
1491 519 1629 612 specia'li
1652 533 1842 610 promeruit
1863 531 1898 591 in
1917 533 1992 592 divi·
2047 521 2048 586 j

1201 631 1265 692 tias
1282 630 1507 708 simplicitatis
1528 645 1723 692 excrescere
1744 647 1807 706 per
1829 627 1991 692 altissima
2047 699 2048 712 ἢ

1202 729 1408 804 paupertatis
1432 744 1591 790 amorem.
1620 731 1714 790 Hanc
1744 727 1836 788 Filio
1870 727 1929 786 Dei
1951 727 1993 786 vir

1202 827 1338 886 sanctus
1353 824 1555 886 familiarem
1569 825 1755 896 attendens,
1772 825 1809 884 et
1821 825 1896 900 jam
1908 825 1992 900 quasi
2047 833 2048 900 ξ

1202 923 1271 982 toto
1283 921 1363 983 orbe
1373 921 1554 999 repulsam,
1568 922 1707 984 caritate
1719 921 1767 981 sic
1782 920 1918 981 studuit
1928 920 1995 980 des-

1202 1033 1345 1094 ponsare
1364 1019 1535 1096 perpetua,
1553 1019 1639 1096 quod
1661 1035 1726 1079 non
1750 1018 1864 1078 solum
1884 1032 1942 1093 pro
1961 1033 1994 1078 ea

1203 1115 1329 1191 patrem
1350 1117 1555 1193 matremque
1575 1115 1720 1193 reliquit,
1744 1129 1867 1175 verum
1892 1115 1992 1184 etiam,

1202 1227 1275 1288 quaa
1284 1211 1407 1273 habere
1416 1213 1532 1289 potuit,
1546 1213 1702 1274 universa
1712 1212 1888 1288 dispersit.
1901 1211 1994 1272 Nemo

1201 1309 1269 1370 tam
1289 1310 1375 1381 auri,
1399 1324 1498 1386 quam
1520 1309 1593 1386 ipse
1612 1309 1752 1386 cupidus
1777 1309 1994 1385 paupertatis,

1202 1421 1263 1466 nec
1288 1407 1440 1466 thesauri
1463 1406 1670 1468 custodiendi
1695 1406 1880 1467 sollicitior
1903 1406 1994 1477 ullus,

1202 1517 1300 1579 quam
1314 1503 1378 1564 iste
1398 1504 1498 1579 hujus
1513 1502 1717 1578 evangelicae
1730 1499 1955 1579 margarita(
1973 1501 1993 1580 ).

1202 1603 1239 1660 ln
1259 1601 1322 1662 hoc
1340 1602 1508 1678 praecipue
1528 1618 1608 1663 suus
1629 1601 1866 1664 offendebatur
1882 1617 1993 1677 aspec-

1202 1699 1268 1770 tus,
1284 1699 1313 1758 si
1329 1697 1508 1776 quidquam
1523 1700 1637 1760 videre
1661 1700 1696 1760 in
1721 1699 1900 1770 fratribus
1918 1698 1994 1775 quod

1201 1797 1390 1872 paupertati
1404 1811 1470 1857 non
1485 1812 1544 1873 per
1561 1796 1673 1857 omnia
1691 1797 1911 1858 consonaret.
1934 1799 1993 1857 Re-

1201 1907 1282 1953 vera
1303 1891 1374 1969 ipse
1398 1908 1418 1954 a
1443 1893 1607 1970 principio
1631 1894 1807 1970 religionis
1832 1892 1994 1970 usquead

1202 1991 1352 2061 mortem,
1376 1990 1502 2062 tunica,
1529 1991 1700 2062 chordula,
1726 1992 1759 2052 et
1781 1989 1994 2052 femoralibus

1202 2086 1306 2158 dives,
1325 2087 1366 2146 iis
1382 2089 1556 2148 contentus
1576 2086 1648 2149 fuit.
1672 2088 1794 2150 Christi
1818 2091 1903 2150 Jesu
1922 2103 1995 2163 pau·
2047 2169 2048 2172 Ἴ

1203 2183 1362 2260 pertatem
1373 2185 1406 2246 et
1414 2185 1540 2257 matris,
1554 2183 1744 2262 frequenter
1753 2200 1831 2246 cum
1844 2183 1993 2260 lacrymis

1202 2281 1380 2343 revocabat
1395 2281 1435 2342 ad
1456 2283 1616 2356 mentem3
1641 2281 1719 2344 inde
1734 2283 1825 2343 hanc
1841 2282 1994 2343 virtutum

1202 2393 1357 2440 asserens
1372 2395 1446 2440 essa
1462 2379 1624 2454 reginam,
1636 2381 1714 2456 quia
1726 2381 1762 2440 in
1778 2383 1874 2456 Rege
1888 2394 1991 2454 regum

1203 2476 1236 2537 et
1257 2477 1293 2536 in
1315 2477 1432 2553 regina
1456 2477 1562 2538 matre
1586 2476 1692 2554 ipsius
1713 2480 1780 2539 tam
1800 2477 1994 2555 praestanter

1203 2572 1338 2635 effulsit.

1241 2672 1338 2738 Nam,
1347 2672 1378 2732 et
1387 2670 1744 2735 fratribusinoonclavi
1753 2671 1987 2750 quaerentibus,

1202 2783 1275 2845 quae
1285 2769 1392 2829 virtus
1408 2770 1513 2845 magis
1526 2770 1668 2832 amicum
1683 2769 1838 2832 redderet
1852 2769 1986 2836 Christo,

1202 2865 1296 2942 quasi
1323 2869 1486 2928 secretum
1512 2867 1564 2927 sui
1590 2868 1700 2930 cordis
1726 2869 1899 2945 aperiens,
1925 2879 1990 2925 res-

1202 2963 1394 3040 pendebat:
1421 2966 1653 3041 Paupertatem
1675 2966 1852 3038 noveritis,
1869 2964 1989 3032 fratres,

1202 3061 1381 3137 specialem
1392 3061 1480 3122 viam
1492 3077 1565 3122 esse
1576 3062 1705 3135 salutis,
1719 3063 1880 3139 tanquam
1891 3059 1991 3122 humi·

1202 3157 1306 3219 litatis
1322 3157 1515 3231 fomentum,
1539 3160 1821 3238 perfectionisque
1840 3159 1989 3222 radicem.

1202 3257 1297 3333 cujus
1322 3257 1372 3318 est
1395 3255 1522 3318 fructus
1545 3257 1730 3334 multiplex,
1754 3258 1811 3319 sed
1838 3256 1990 3320 occulius.

1202 3354 1281 3413 Haec
1305 3352 1393 3412 enim
1422 3353 1472 3413 est
1499 3352 1685 3429 evangelici
1720 3354 1793 3429 agri
1821 3353 1990 3415 thesaurus

1201 3449 1427 3522 absconditus,
1465 3465 1525 3526 pro
1556 3466 1621 3527 quo
1654 3451 1793 3512 emendo
1825 3446 1991 3512 vendenda

1202 3548 1279 3608 sunt
1301 3546 1425 3619 omnia,
1442 3547 1475 3608 et
1496 3561 1569 3624 quaa
1586 3548 1685 3610 vendi
1706 3565 1771 3609 non
1786 3549 1937 3624 possunt,
1953 3543 1990 3603 il·

1202 3646 1267 3705 lius
1283 3644 1531 3720 comparatione
1546 3645 1743 3722 spernenda.
1759 3645 1806 3706 Ad
1819 3645 1930 3721 hujus,
1946 3641 1991 3700 in-

1203 3741 1284 3820 quit,
1300 3741 1430 3802 culmen
1444 3741 1499 3818 qui
1516 3743 1607 3818 cupit
1621 3743 1794 3818 attingere,
1811 3757 1881 3804 non
1894 3740 1990 3802 solum

1203 3835 1378 3898 mundanae
1401 3837 1597 3914 prudentiae,
1613 3853 1728 3900 verum
1745 3839 1846 3900 etiam
1864 3838 1989 3899 littora-

1203 3951 1276 3995 rum
1288 3933 1415 4011 peritiae
1427 3935 1620 3996 renuntiare
1631 3935 1874 4012 quodammodo
1885 3930 1988 3994 debet:

1204 4032 1240 4093 ut
1251 4032 1311 4093 tali
1328 4031 1560 4108 expropriatus
1572 4031 1793 4108 possessione,
1807 4031 1949 4094 introeat
1961 4028 1990 4086 in

1203 4129 1368 4204 potentias
1383 4129 1525 4200 Domini,
1542 4131 1575 4191 et
1587 4129 1711 4190 nudum
1731 4145 1767 4190 se
1786 4129 1908 4190 offerat
1920 4127 1990 4186 hra-

1204 4225 1289 4286 chiis
1313 4225 1484 4286 crucifixi.
1512 4228 1728 4303 Nequaquam
1757 4227 1846 4287 enim
1877 4220 1990 4288 saeculo

1204 4321 1348 4398 perfecte
1364 4323 1543 4394 renuntiat,
1568 4324 1624 4400 qui
1649 4324 1776 4400 proprii
1803 4339 1922 4385 sensus
1943 4319 1989 4378 lo-

1204 4419 1295 4480 culos
1316 4419 1404 4482 intra
1431 4420 1541 4481 cordis
1567 4435 1691 4482 aroana
1719 4422 1881 4482 reservat.
1906 4423 1990 4492 saepe

1205 4530 1284 4578 vero
1299 4516 1338 4577 de
1353 4518 1548 4593 paupertate
1572 4532 1760 4578 sermonem
1784 4517 1921 4589 faciens,
1939 4515 1987 4574 in-

1203 4613 1339 4689 gerebat
1351 4612 1509 4675 fratribus
1520 4615 1749 4690 evangelicum
1760 4615 1861 4676 illud:
1880 4617 1990 4685 Vaupes

1204 4713 1322 4784 (bueus
1346 4712 1480 4782 habeut,
1518 4712 1552 4772 et
1585 4717 1742 4774 uolucres
1773 4717 1849 4774 coelt
1870 4713 1987 4774 uides:

1203 4810 1313 4869 Filius
1334 4810 1452 4869 etatem
1465 4811 1614 4870 bominis
1627 4823 1697 4869 uou
1711 4811 1810 4871 habet
1824 4811 1882 4870 uei
1896 4801 1989 4880 copul

1203 4919 1307 4965 suum
1326 4906 1468 4966 recttuet
1493 4903 1638 4982 (Matth,
1662 4921 1742 4970 xxv.
1769 4904 1835 4984 40).
1860 4904 1989 4979 Propter

1205 5000 1290 5078 quod
1312 4999 1450 5062 docebat
1478 5001 1617 5074 fratres,
1641 5005 1677 5063 ut
1699 5018 1882 5080 pauperum
1906 5009 1988 5062 more

1204 5097 1423 5174 pauperculas
1434 5098 1565 5159 casulas
1578 5100 1756 5174 erigerent,
1771 5115 1854 5176 quas
1865 5115 1930 5161 non
1940 5097 1988 5156 ha-

1203 5193 1347 5254 bitarent
1363 5195 1398 5254 ut
1413 5195 1576 5271 proprias,
1601 5196 1658 5256 sed
1684 5197 1769 5257 sicut
1783 5194 1949 5273 peregrini
1962 5190 1990 5250 at

1204 5290 1341 5352 advena
1360 5289 1499 5351 alienas.
1523 5293 1627 5367 Leges
1645 5309 1786 5370 namque
1801 5292 1988 5370 peregrino·

1203 5403 1277 5448 rum
1296 5400 1371 5446 esse
1392 5385 1522 5449 dicebat
1544 5388 1604 5448 sub
1626 5389 1737 5451 alieno
1762 5391 1876 5466 colligi
1899 5388 1986 5451 tecto,

1203 5483 1297 5544 sitire
1311 5481 1351 5543 ad
1366 5483 1507 5559 patriam
1522 5485 1661 5560 pacifice
1673 5487 1888 5562 pertransire.
1903 5488 1987 5547 Man·
