4158 6380
307 145 347 206 aa
740 145 794 204 no
815 144 954 204 ornan
976 144 1009 202 s
1032 143 1252 205 annualem
1273 143 1499 208 ussrsmrrs
1889 135 1954 198 loo
2041 116 2042 121 '

302 303 459 366 blandiri.
496 302 670 372 Peccator,
700 301 762 373 ait,
787 304 942 379 jejunare
970 301 1093 384 potest,
1150 317 1260 374 casus,
1276 303 1312 364 in
1326 302 1426 364 laude
1448 297 1681 378 praecipitium,
1697 287 1734 360 i'n
1757 295 1955 358 humilitate

303 418 412 474 orare,
433 400 601 477 plangere,
619 413 819 475 carnemque
841 399 1010 476 propriam
1025 413 1097 460 ma·
1151 399 1275 462 subditi
1288 400 1393 462 animi
1405 400 1537 462 lucrum
1545 399 1606 460 est.
1619 399 1686 458 Cur
1696 411 1777 471 crgo
1786 393 1954 474 periculis

261 565 266 575 ,
303 515 438 572 cenare,
456 498 518 558 hoo
534 496 640 557 solum
661 511 727 556 non
740 496 860 572 potest,
876 497 1016 557 Domino
1031 495 1098 556 sci·
1151 498 1225 574 plus
1243 513 1342 574 quam
1356 497 1459 558 lucris
1475 496 1687 565 attendimus
1709 507 1785 554 cum
1805 505 1956 566 accepe-

304 597 455 659 licetsuo
470 609 544 654 esse
559 592 679 654 fidelis.
697 596 733 653 ln
747 593 811 654 hoc
825 593 1099 670 itaqueglorlan·
1151 594 1256 654 rimus
1279 596 1409 671 tempus
1434 593 1475 655 ad
1502 593 1657 654 lucruml
1680 593 1750 652 Hac
1775 590 1882 666 igitur
1908 587 1954 647 de

304 695 391 765 dum,
403 693 431 752 si
446 707 540 752 suam
553 691 693 752 Domino
708 690 850 766 gloriam
862 690 1043 761 reddimus,
1056 689 1096 762 si,
1151 706 1253 752 causa
1267 690 1465 754 humilitatis
1480 690 1586 752 forma
1604 688 1805 752 Franciscus
1824 685 1953 746 fratres

303 791 447 852 fideliter
468 789 668 859 servientes,
695 787 770 864 ipsi,
795 787 954 864 quidquid
983 789 1095 858 donat,
1152 803 1230 848 suos
1251 789 1358 852 voluit
1372 787 1487 850 vecari
1502 787 1661 856 Minores,
1674 787 1708 848 et
1721 783 1880 861 praelatos
1896 782 1955 841 sui

303 887 511 950 ascribimus.
529 885 572 947 Ut
585 885 696 946 autem
712 884 862 962 pluribus
877 885 984 946 modis
995 899 1100 960 nego-
1152 885 1284 946 Ordinls
1300 885 1366 946 dici
1381 885 1564 958 ministros,
1576 885 1613 946 ut
1629 883 1662 944 et
1672 882 1782 944 verbis
1795 882 1956 942 uteretur

180 1064 185 1074 Ι
241 1042 245 1046 .
302 986 404 1069 tiator
419 984 474 1046 hio
488 982 702 1058 evangelicus
717 982 916 1052 lucraretur,
937 997 976 1044 ao
993 986 1098 1044 totum
1152 983 1335 1058 Evangelii,
1348 983 1434 1059 quod
1448 981 1627 1042 observare
1636 979 1847 1056 promiserat,
1860 978 1895 1038 et
1907 992 1956 1036 ex

303 1097 452 1161 praesens
467 1083 595 1156 tempus
620 1079 783 1142 conflaret
796 1080 830 1140 in
846 1080 1014 1152 meritum,
1032 1093 1097 1140 non
1152 1079 1224 1156 ipso
1240 1080 1373 1141 nomine
1389 1079 1555 1140 discerent
1579 1075 1732 1153 discipuli
1754 1078 1839 1152 ejus,
1860 1073 1955 1150 quod

304 1183 373 1242 tam
402 1193 548 1255 praeesse
582 1177 699 1249 voluit,
727 1192 825 1254 quam
855 1175 1002 1248 subesse,
1038 1191 1099 1238 nec
1152 1176 1193 1237 ad
1216 1177 1406 1238 discendam
1427 1176 1648 1237 humilitatam
1672 1174 1714 1235 ad
1737 1172 1872 1234 scholas
1888 1172 1956 1230 hu-

304 1280 374 1339 tam
399 1275 592 1352 praecipere,
614 1290 712 1350 quam
735 1289 864 1352 parere.
881 1274 1010 1334 Idcirco
1033 1276 1100 1334 Ge·
1152 1274 1241 1335 milis
1263 1274 1387 1336 Christi
1408 1274 1588 1336 venissent.
1605 1273 1764 1347 Magister
1783 1268 1956 1347 siquidem

305 1373 430 1436 ncralis
451 1372 572 1434 cedens
598 1371 720 1443 officio,
743 1371 968 1432 Guardianum
991 1371 1096 1448 petiit,
1152 1370 1351 1432 humilitatis
1382 1373 1479 1433 lesus
1503 1370 1667 1440 Christus,
1693 1370 1728 1430 ut
1750 1366 1958 1428 informaret

305 1475 400 1548 cujus
415 1470 578 1532 voluntati
593 1469 778 1546 peremnia
795 1468 994 1546 subjaceret.
1153 1467 1333 1545 discipulos
1345 1469 1385 1529 ad
1399 1465 1620 1529 humilitatem
1634 1452 1829 1543 perfectam,
1841 1463 1955 1523 dixit:

345 1569 425 1627 Tam
441 1563 529 1625 anim
547 1563 682 1624 uberem
697 1561 870 1624 asserebat
881 1565 1004 1624 sanctae
1019 1561 1100 1622 obe-
1153 1567 1361 1640 <iubamque
1378 1568 1525 1630 volucrit
1539 1567 1633 1628 inter
1646 1579 1708 1626 vos
1720 1566 1837 1636 maior
1855 1563 1954 1632 ficri,

304 1663 439 1724 diontiae
468 1659 629 1732 fructum,
658 1661 694 1720 ut
722 1660 792 1731 01³,
815 1660 871 1736 qni
889 1661 972 1736 iugo
992 1659 1099 1736 ipsius
1151 1664 1197 1724 stt
1210 1664 1326 1726 vester
1339 1664 1518 1735 marleiam·
1533 1663 1567 1726 at
1581 1665 1785 1737 pomumque
1799 1658 1957 1720 volucrit

304 1760 392 1822 colla
414 1758 668 1828 summitterent,
685 1756 905 1832 niltemporis
918 1756 992 1817 sine
1005 1757 1099 1818 lucro
1152 1761 1246 1822 latter
1266 1775 1327 1822 eos
1345 1763 1484 1834 primus
1497 1759 1668 1831 cremarit
1681 1759 1954 1822 vastaremus.

304 1857 463 1922 transiret
492 1877 499 1914 :
525 1854 612 1915 unde
639 1857 672 1916 et
697 1853 805 1926 fratri,
833 1869 907 1915 cum
937 1869 1002 1931 quo
1027 1854 1100 1915 erat
1154 1856 1475 1935 (Marc.,x,43-41l.)

307 1955 427 2016 solitus
441 1953 502 2025 ire,
517 1967 648 2028 semper
663 1951 884 2014 obedientiam
906 1950 1099 2028 promittere
1193 1955 1273 2016 Cum
1301 1956 1411 2016 autem
1442 1955 1629 2032 requireret
1653 1952 1694 2014 ab
1723 1967 1764 2014 eo
1792 1950 1956 2012 dominus

305 2051 541 2121 consueverat,
568 2049 601 2110 et
624 2065 770 2111 servare.
800 2049 892 2110 Dixit
920 2047 1099 2125 aliquando
1153 2051 1332 2124 Ostiensis,
1354 2051 1488 2114 Ordinis
1519 2050 1687 2114 Minorum
1710 2050 1892 2125 protector,
1920 2049 1957 2106 et

306 2147 407 2210 sociis
428 2168 436 2207 :
457 2147 546 2207 luter
578 2145 657 2216 alia,
686 2161 758 2222 quaa
788 2144 964 2220 dignanter
992 2143 1098 2222 pietas
1153 2151 1322 2226 promotor
1331 2150 1531 2226 praecipuus,
1550 2149 1607 2225 qui
1622 2145 1843 2224 postmodum,
1851 2145 1956 2222 juxta

305 2245 389 2308 mihi
412 2242 525 2306 divina
547 2242 722 2310 concessit,
746 2242 832 2302 hanc
857 2242 999 2316 gratiam
1014 2257 1098 2302 cou-
1153 2247 1239 2324 quod
1253 2246 1342 2308 idem
1357 2247 1409 2308 rir
1423 2247 1558 2308 sanctus
1571 2244 1784 2322 praedixerat,
1801 2241 1845 2303 ad
1864 2257 1956 2302 sum·

303 2343 392 2414 tulit,
404 2340 491 2419 quod
504 2339 551 2402 ita
562 2338 740 2415 diligenter
751 2339 879 2400 nouitio
893 2339 992 2400 unius
1008 2338 1099 2399 horae
1153 2360 1242 2404 mum
1277 2343 1489 2421 pontificatus
1530 2342 1727 2404 sublimatus
1761 2341 1953 2410 honorem,

305 2439 484 2510 obedirem,
497 2437 526 2498 si
539 2436 621 2498 mihi
632 2436 843 2498 Guardianus
855 2436 1002 2508 daretur,
1014 2435 1100 2498 sicut
1153 2440 1334 2516 Gregorius
1369 2456 1477 2503 nonus
1503 2441 1554 2503 est
1581 2439 1706 2511 dictus,
1742 2439 1856 2499 utrum
1886 2435 1956 2496 sibi
2042 2469 2043 2474 κ

305 2535 537 2613 antiquissimo
561 2535 594 2595 et
614 2533 854 2594 discretissimo
881 2531 989 2594 fratri.
1012 2531 1099 2592 sub·
1153 2537 1299 2614 placeret
1314 2537 1399 2614 quod
1414 2537 1535 2600 iratres
1550 2537 1603 2598 sui
1618 2535 1898 2615 promererentur
1911 2531 1955 2594 ad
2042 2561 2043 2600 l

305 2633 393 2694 ditus
404 2628 541 2709 (inquit)
554 2630 726 2706 praelatum
740 2645 836 2690 suum
851 2645 917 2691 uon
933 2629 1099 2690 hominem
1153 2634 1398 2697 ecclesiasticas
1424 2635 1615 2712 dignitates,
1646 2632 1819 2710 respondit
1846 2653 1855 2692 ε
1885 2633 1957 2692 Do-
2042 2659 2043 2666 κ

305 2727 519 2792 considerare
534 2727 641 2798 debet,
659 2725 716 2787 sed
731 2726 838 2798 illum,
855 2741 915 2804 pro
931 2728 1026 2804 cujus
1049 2726 1101 2788 est
1153 2731 1254 2804 mine,
1268 2733 1415 2794 minores
1427 2733 1503 2795 ideo
1516 2731 1626 2794 vocati
1640 2731 1717 2792 sunt
1731 2728 1858 2792 fratres
1871 2727 1953 2798 mei,
2042 2775 2043 2812 ἢ

305 2841 419 2890 amore
441 2823 619 2902 subjectus.
641 2825 771 2896 Quanto
793 2823 881 2884 enim
903 2823 1101 2900 contempti·
1154 2830 1189 2890 ut
1203 2832 1346 2906 majores
1368 2829 1441 2890 fleri
1462 2844 1530 2891 nou
1550 2826 1765 2906 praesumant.
1783 2827 1820 2886 Si
1834 2825 1953 2896 vultis,
2042 2837 2043 2848 ¹

305 2923 406 2985 bilior
422 2920 589 3000 praesidet,
605 2921 698 2982 tanto
712 2921 819 2996 magis
834 2921 1006 2983 humilitas
1020 2920 1101 2982 obe-
1154 2927 1191 2988 ut
1210 2925 1335 2989 faciant
1355 2925 1498 2988 fructum
1522 2926 1559 2988 in
1580 2925 1730 2988 Ecclesia
1745 2924 1823 2994 Dei,
1839 2924 1955 2986 tenete
2042 2959 2043 3018 3

306 3021 427 3084 dientis
443 3019 561 3096 placet.
577 3021 658 3080 Cum
673 3033 752 3080 vero
765 3018 839 3080 uice
852 3017 992 3095 quadam
1008 3034 1101 3095 quae-
1152 3022 1241 3096 illos,
1263 3024 1296 3086 et
1316 3025 1512 3085 conservate
1530 3023 1565 3084 iu
1585 3023 1673 3084 statu
1687 3020 1878 3084 vocationis
1893 3035 1957 3080 eo-
2042 3025 2043 3036 ¹

305 3121 438 3182 seretur
460 3115 502 3178 ab
526 3131 582 3187 eo,
608 3115 682 3192 quis
707 3117 795 3178 asset
817 3131 918 3176 verus
942 3114 1099 3178 obediens
1152 3135 1238 3192 rum,
1250 3121 1283 3182 et
1297 3120 1339 3182 ad
1356 3120 1567 3198 praelationes
1578 3118 1827 3181 ecclesiasticas
1838 3116 1956 3178 nulla-

302 3212 515 3294 judicandus,
533 3212 684 3288 corporis
702 3213 825 3274 mortui
848 3212 1100 3274 similitudinem
1153 3219 1253 3279 tenum
1286 3217 1467 3279 ascendere
1493 3217 1702 3293 permittatis.
1728 3215 1769 3276 m
1790 3214 1955 3291 quoniam
2042 3283 2043 3294 2

306 3327 367 3391 pro
382 3310 534 3388 exemplo
556 3309 728 3386 proposuit
744 3331 751 3370 :
768 3309 871 3384 Tolle,
889 3310 1009 3386 inquit,
1025 3313 1123 3370 cor-'
1154 3313 1374 3376 humilitatem
1403 3315 1534 3376 tamin
1562 3328 1609 3386 se,
1635 3327 1734 3390 quam
1763 3312 1802 3372 ln
1830 3309 1955 3370 subdi-

306 3425 368 3488 pus
381 3407 589 3477 examine,et
601 3405 656 3467 ubi
667 3406 841 3482 placuerit,
854 3421 950 3484 pone.
965 3406 1100 3468 Videbis
1154 3410 1208 3480 tis,
1225 3412 1353 3474 cunctis
1377 3409 1574 3487 praelerebat
1597 3408 1799 3478 honoribus,
1821 3407 1956 3468 amator

306 3521 374 3568 non
396 3519 584 3582 repugnare
613 3507 754 3576 motum,
789 3519 856 3566 non
891 3519 1100 3565 murmurare
1153 3508 1329 3570 humilium
1355 3511 1453 3580 Deus,
1480 3507 1656 3570 altioribus
1678 3505 1789 3582 ipsum
1812 3504 1956 3580 dignum

306 3603 425 3676 situm,
454 3617 521 3664 non
543 3600 728 3662 reclamare
749 3601 932 3663 dimissam.
958 3601 1049 3674 Quod
1071 3600 1101 3662 si
1150 3605 1323 3682 judicabat
1355 3605 1515 3681 fastigiis,
1554 3602 1736 3682 secundum
1767 3600 1859 3678 quod
1894 3600 1956 3660 uni

306 3700 473 3764 statuatur
494 3697 530 3760 tn
556 3697 727 3770 cathedra,
751 3713 819 3765 nou
845 3698 1005 3774 alta-sed
1032 3697 1101 3760 ima
1154 3702 1261 3774 fratri,
1282 3701 1355 3766 viro
1384 3701 1518 3764 virtutis
1546 3702 1579 3762 et
1611 3697 1799 3762 devotionis
1826 3696 1956 3775 praeci·

305 3797 473 3875 respiciat.
498 3796 533 3858 Si
554 3795 736 3858 collocetur
755 3795 791 3856 in
813 3809 978 3873 purpura,
1001 3795 1100 3874 duplo
1154 3815 1246 3876 puae,
1280 3799 1368 3860 risio
1397 3797 1528 3860 coelitus
1567 3797 1701 3858 ostensa
1739 3793 1955 3856 monstrarit.

305 3894 475 3974 pallescet.
498 3893 571 3964 Hic,
588 3893 647 3966 ait,
664 3907 763 3955 rarus
779 3890 944 3980 obediens
966 3895 1027 3964 est,
1044 3893 1101 3970 qui
1155 3898 1236 3958 Cum
1257 3895 1346 3957 enim
1367 3895 1456 3956 esset
1474 3894 1509 3955 in
1542 3894 1701 3956 comitatu
1729 3891 1797 3954 riri
1826 3892 1901 3962 Dei,
1923 3891 1958 3950 et

306 4005 367 4055 cur
385 3990 571 4061 moveatur,
588 4005 654 4050 non
675 3988 855 4066 dijudicat3
879 3989 936 4050 ubi
960 3989 1099 4062 locetur,
1154 4009 1221 4054 uua
1247 4007 1321 4054 curn
1344 3991 1467 4068 ipsoin
1482 3989 1624 4068 quadam
1648 3989 1794 4052 ecclesia
1818 3988 1957 4049 deserta

307 4104 375 4150 non
400 4089 515 4158 curat;
543 4088 579 4146 ut
602 4085 854 4156 transmutetur,
882 4100 949 4146 non
975 4086 1099 4162 instat3
1154 4089 1296 4152 ferventi
1325 4089 1438 4150 oraret
1463 4087 1601 4159 affectu,
1622 4086 1658 4148 in
1684 4085 1808 4147 ecstasi
1830 4085 1955 4156 factus,

307 4185 443 4246 evectus
464 4181 506 4242 ad
528 4179 686 4250 officinm,
704 4180 836 4241 solitam
851 4181 942 4242 tenet
960 4182 1101 4244 humill·
1154 4186 1238 4248 vidit
1251 4186 1339 4246 inter
1351 4183 1472 4246 multas
1485 4184 1520 4246 in
1535 4182 1738 4254 coelosedes,
1762 4197 1868 4243 unam
1886 4197 1958 4258 prae

307 4281 430 4352 tatem3
454 4277 528 4352 plus
541 4275 735 4346 honoratus,
753 4276 827 4351 plus
842 4279 973 4353 reputat
994 4293 1031 4340 se
1049 4280 1103 4339 in·
1155 4283 1285 4344 caeteris
1309 4281 1506 4356 digniorem,
1523 4279 1678 4357 pretiosis
1693 4280 1850 4340 ornatam
1868 4278 1959 4354 lapi-

308 4375 456 4452 diguum.
482 4371 574 4434 Dixit
597 4371 777 4448 aliquando
799 4374 890 4436 socio
916 4391 978 4438 suo
999 4397 1006 4436 ι
1027 4377 1102 4438 Non
1155 4377 1252 4440 dibus
1266 4380 1299 4440 et
1322 4377 1535 4453 omnigloria
1554 4375 1786 4450 refulgentem.
1810 4375 1959 4437 Miratus

307 4471 390 4534 mihi
418 4469 535 4532 videor
560 4467 664 4530 frater
691 4469 811 4542 Minor,
842 4470 908 4532 nisi
943 4471 1039 4535 fuero
1067 4473 1102 4534 in
1155 4476 1290 4536 intrase
1304 4471 1700 4551 praecelsirefulgentiam
1710 4473 1838 4544 throni,
1851 4472 1959 4533 anxia

306 4570 408 4641 statu,
425 4582 522 4645 quem
537 4564 598 4627 tibi
613 4565 831 4642 descripsero.
846 4569 930 4630 Ecce
944 4569 1101 4645 praelatus
1155 4571 1254 4647 coepit
1268 4569 1469 4645 cogitatione
1480 4569 1686 4645 perquirere,
1710 4567 1785 4644 quis
1801 4567 1845 4628 ad
1858 4568 1959 4628 illum

308 4667 458 4728 existens
475 4663 628 4734 fratrum,
643 4662 729 4724 vado
744 4664 785 4724 ad
800 4664 992 4741 capitulum,
1009 4681 1100 4742 prae·
1155 4666 1290 4729 deberet
1312 4666 1449 4727 assumi.
1474 4665 1610 4726 audivit
1635 4663 1725 4725 inter
1744 4663 1821 4726 haec
1835 4679 1960 4728 vocem

308 4762 395 4834 dico,
406 4762 440 4823 et
451 4775 645 4824 commoneo
660 4757 792 4832 fratres,
807 4763 840 4823 et
853 4761 889 4822 in
902 4761 968 4822 fine
981 4761 1102 4824 dicitur
1154 4763 1317 4824 dicentem
1332 4761 1397 4822 sibi
1413 4782 1421 4820 :
1440 4760 1542 4822 Sedes
1556 4759 1623 4820 ista
1638 4760 1738 4820 unius
1758 4759 1802 4820 de
1824 4761 1961 4822 ruenti-

308 4857 424 4920 coutra
439 4871 514 4918 me:
530 4856 606 4917 Non
634 4857 792 4917 convenis
807 4856 914 4927 nobis,
928 4857 1005 4934 quia
1027 4858 1100 4918 illi·
1154 4859 1216 4920 bus
1230 4859 1303 4930 fuit,
1318 4860 1351 4919 et
1364 4871 1453 4918 nunc
1463 4856 1582 4916 humili
1593 4857 1747 4918 servatur
1756 4857 1957 4918 Francisco.

305 4953 434 5016 teratus
469 4967 516 5023 es,
551 4951 708 5028 elinguis,
745 4952 849 5016 idiota
881 4955 915 5016 et
946 4953 1098 5030 simplex.
1155 4957 1321 5016 Reversus
1337 4953 1468 5014 demum
1487 4951 1592 5013 frater
1607 4953 1649 5012 ad
1665 4968 1701 5013 se
1721 4951 1763 5014 ab
1785 4953 1959 5016 orationis

306 5049 452 5112 Tandem
476 5048 594 5125 eiieior
616 5065 692 5110 cum
712 5049 900 5127 opprobrio,
917 5049 1100 5126 vilipensus
1153 5049 1427 5122 excessu,rirum
1451 5047 1582 5109 beatum
1605 5049 1755 5109 exterius
1780 5049 1961 5124 prodeun-

307 5145 349 5210 ab
371 5144 535 5206 omnibus.
557 5145 639 5208 Dico
665 5145 742 5217 tibi,
765 5147 831 5208 nisi
857 5146 972 5209 eodem
993 5145 1098 5219 vultu,
1153 5149 1219 5209 tem
1234 5146 1332 5208 solito
1347 5145 1410 5205 fuit
1434 5157 1526 5204 more
1550 5144 1698 5204 secutus.
1714 5145 1879 5222 Cumque,
1903 5147 1961 5208 in-

307 5243 423 5304 eadem
446 5241 567 5304 mentis
589 5241 716 5314 laetitia,
731 5246 763 5305 et
776 5244 892 5306 eodem
915 5243 1100 5304 sanctitatis
1153 5243 1307 5306 cedentes
1323 5256 1383 5318 pec
1396 5241 1497 5312 viam,
1512 5239 1553 5300 de
1571 5241 1640 5301 Deo
1661 5240 1809 5302 invicem
1832 5241 1959 5318 loque-

306 5338 475 5417 proposito
487 5336 561 5398 haec
574 5337 676 5398 verba
699 5339 849 5412 audiero,
867 5339 970 5401 frater
990 5339 1101 5400 Minor
1152 5341 1279 5409 rentur,
1296 5337 1400 5398 frater
1413 5336 1482 5404 ille,
1498 5334 1637 5396 visionis
1652 5351 1722 5396 suae
1746 5351 1815 5397 non
1828 5337 1960 5402 imme-

305 5449 513 5512 nequaquam
527 5449 610 5494 sum.
623 5434 662 5495 nt
677 5434 839 5499 addebat:
855 5437 892 5498 ln
905 5434 1100 5512 praelatione
1153 5450 1235 5506 mor,
1251 5433 1390 5494 solerter
1405 5431 1446 5492 ab
1458 5445 1497 5491 θο
1510 5431 1672 5507 quaesivit,
1687 5431 1764 5507 quid
1782 5432 1825 5495 de
1842 5435 1959 5511 seipso
