4204 6402
330 306 391 368 roe
755 301 788 362 s.
810 299 985 364 nuscum
1013 255 1215 364 senuaar
1230 303 1368 370 orsae
1394 304 1541 368 ouum.
1912 309 1973 370 roo

329 463 381 528 est
394 481 413 524 r
426 460 485 544 (1).
502 459 640 531 cethim,
657 473 749 522 mare
762 459 1011 535 congelascens.
1028 461 1121 527 Mare
1176 461 1264 524 mine
1279 461 1314 524 in
1336 462 1426 529 Isuiu·
1449 462 1493 542 (8,
1510 459 1564 540 3):
1582 463 1704 524 ‹Voca
1727 474 1849 526 nomen
1872 467 1947 542 eujus
1964 486 1971 528 ι

330 560 539 637 congelatum
555 557 703 622 exterius
712 553 812 618 babet
826 557 1119 634 pulchritudinem,
1175 558 1333 622 accelera
1361 559 1469 636 spolia
1496 559 1671 624 detrahere
1701 579 1710 620 z
1736 558 1859 623 festina
1881 577 1973 640 prm·

208 733 211 740 7
327 655 1120 732 ettamenfragileestetcitodissolvitnr.cum
1175 654 1258 718 dari.
1281 656 1974 722 oSecundumboonomenlaudaridebet

322 757 438 826 ‘orclem
462 753 659 822 dissolutum
682 751 792 824 tuerit,
807 751 990 830 apparebit,
1007 753 1119 814 mani·
1175 753 1347 820 Dominus.
1363 753 1572 820 acceleravit
1587 753 1676 816 enim
1692 755 1850 816 Dominus
1865 756 1908 816 ad
1925 756 1971 816 li·

327 849 614 920 testabitnrtoetor
624 852 708 926 eius.
726 853 828 912 Terra
844 850 971 913 cethim
986 850 1039 920 est
1052 851 1122 912 ter-
1174 847 1357 918 berandum
1373 867 1435 920 nos
1448 849 1491 918 de
1509 865 1610 914 manu
1625 849 1765 918 inimici.
1783 852 1861 927 guia
1875 852 1973 914 exul·

328 947 575 1022 renatalicitas,
592 950 625 1010 et
637 947 851 1024 pulchritudo
872 947 1119 1022 mundisuper-
1174 946 1258 1014 tavit
1276 946 1319 1012 ut¹
1333 948 1432 1022 gigas
1454 946 1495 1008 ad
1521 946 1723 1011 currendum
1748 949 1838 1010 riam
1864 947 1971 1027 (Psal.

326 1045 458 1118 ficietis,
473 1061 538 1122 qua
553 1044 727 1118 dissoluta,
752 1043 972 1118 indicabitur,
985 1045 1019 1106 et
1044 1059 1119 1108 ma·
1176 1044 1226 1112 18,
1244 1041 1289 1122 6).
1312 1045 1428 1120 spolia
1448 1043 1604 1116 detraxit,
1621 1042 1753 1120 quando
1768 1059 1849 1106 vasa
1873 1044 1970 1108 tortis

327 1141 540 1207 nitestabitur
553 1140 651 1206 tcctor
663 1143 747 1218 ejus.
1174 1141 1301 1213 tortior
1330 1140 1571 1216 superveniens
1595 1140 1755 1218 diripuit,
1786 1139 1970 1220 sortemque

420 1220 425 1236 ⁸
1174 1236 1336 1310 alligavit,
1353 1239 1386 1298 et
1406 1239 1455 1301 sio
1478 1251 1539 1299 nos
1560 1237 1600 1298 de
1616 1240 1688 1314 ejus
1700 1238 1864 1320 potestate
1886 1239 1970 1300 libe-

1114 1358 1116 1366 s
1174 1334 1271 1394 ravit.
1292 1336 1486 1399 Scaurinum
1501 1335 1564 1398 boc
1585 1334 1749 1410 sidrudem
1765 1349 1892 1397 cucuron
1908 1336 1969 1397 dc·
2069 1407 2070 1410 Ἴ

553 1399 692 1459 SERMO
715 1397 903 1457 nxxxvu.
1174 1428 1229 1492 bet
1247 1429 1378 1492 laucari
1393 1431 1564 1494 eominus.
1581 1431 1667 1494 uino
1691 1432 1788 1494 uase
1811 1429 1876 1510 (re,
1892 1432 1968 1510 an:

424 1549 465 1606 lle
484 1546 706 1607 Preocutnticue
720 1545 784 1604 Filii
798 1544 889 1602 lletin
900 1543 1017 1616 templo.
1174 1527 1367 1604 «Numquid
1380 1527 1546 1592 tolletnra
1558 1527 1813 1604 tortipraeda,et
1823 1529 1910 1606 quod
1921 1528 1967 1607 (3)

419 1694 460 1706 ..
759 1692 764 1704 ,
831 1691 838 1704 ,
1175 1624 1305 1701 captum
1329 1625 1420 1689 osta
1443 1625 1590 1697 robusto,
1616 1625 1878 1689 salvabiturllit
1900 1627 1966 1688 ite-

326 1695 552 1765 Srusctpzmus,
576 1691 679 1758 Deus,
715 1691 992 1750 misericordium
1024 1688 1120 1750 tuam
1175 1737 1281 1790 rum,
1303 1720 1368 1800 (43,
1393 1720 1445 1801 14)

365 1793 402 1851 m
417 1789 529 1897 mem
552 1787 669 1862 templi
695 1786 756 1847 Μ·
777 1787 972 1897 smmum
995 1799 1120 1849 'mmm
1175 1817 1391 1894 Babylonem
1410 1820 1550 1895 Propter
1563 1835 1634 1890 ros,
1652 1818 1733 1881 dicit
1746 1822 1835 1882 Deus
1858 1823 1969 1892 Pater,

292 1911 299 1930 “
367 1879 1120 1956 ‘uum’Deus’w‘laustua'nflne3term
1176 1915 1283 1987 emisi,
1297 1914 1384 1976 idest
1399 1917 1493 1976 extra
1507 1915 1587 1976 misi
1602 1916 1723 1977 Filium
1737 1931 1848 1978 meum
1862 1918 1899 1978 in
1915 1921 1972 1978 Ba·

353 1981 500 2062 jllsstt'lt'a
514 1986 614 2056 piena
628 1980 681 2040 δεῖ
693 1978 842 2040 ‘temera
857 1977 928 2038 tua·
946 1975 1049 2057 (Μ’
1066 1979 1118 2098 47ξ
1175 2010 1341 2088 bylonem,
1360 2011 1447 2073 idest
1462 2011 1495 2072 iu
1511 2012 1680 2080 mundum,
1696 2013 1730 2076 et
1744 2013 1879 2076 detraxi
1892 2029 1971 2076 rec-

367 2079 448 2140 ¹⁰⁰t
461 2073 526 2155 Μ’)
1175 2109 1224 2170 tes
1241 2108 1427 2180 uniuersos,
1445 2108 1530 2170 idest
1556 2109 1676 2172 salutis
1692 2112 1802 2172 omnia
1827 2111 1970 2190 impedi-

365 2213 468 2282 Tuuc,
490 2209 586 2282 dixit,
608 2209 886 2273 misericordiam
899 2207 958 2271 Dei
972 2209 1121 2281 suscept-
1175 2207 1285 2266 menta
1300 2206 1438 2278 removi,
1455 2207 1487 2268 et
1502 2206 1687 2280 Chaldaeos,
1703 2207 1789 2270 idest
1803 2209 1970 2270 daemones

325 2322 415 2379 mut,
432 2305 563 2384 quando
579 2304 685 2366 Filius
700 2303 760 2366 liei
779 2319 799 2366 a
815 2303 913 2366 beata
931 2303 1070 2378 Virgine
1085 2304 1119 2371 iu
1173 2301 1356 2382 gloriantes
1372 2303 1560 2364 inauribus
1576 2304 1736 2365 destruxi.
1753 2305 1864 2366 Nares
1881 2322 1968 2368 mon·

323 2404 446 2480 templo
456 2403 516 2466 Dei
527 2401 829 2480 luitpraesentatus,
840 2402 872 2462 et
883 2401 1037 2465 Simeone
1049 2417 1120 2465 sus·
1173 2399 1223 2460 tes
1239 2401 1317 2460 sulit
1332 2399 1501 2460 bominum
1515 2400 1550 2460 in
1566 2399 1721 2462 fluctibus
1741 2401 1970 2479 hujusmundi

323 2502 451 2579 ceptus.
470 2499 714 2562 attendendum
729 2500 791 2568 est,
808 2497 882 2574 quis
902 2498 963 2560 tuit
979 2497 1036 2560 ille
1061 2499 1118 2574 qui
1174 2495 1309 2556 divitias
1336 2496 1562 2574 deportantes,
1591 2513 1674 2574 quas
1698 2497 1850 2560 diabolus
1873 2501 1969 2578 quasi

324 2598 482 2674 suscepit,
490 2598 524 2658 et
534 2597 608 2673 quis
622 2595 1039 2672 susceptusQuisuscepit,
1057 2593 1119 2656 tuit
1173 2595 1274 2655 nauta
1285 2595 1424 2670 regitat
1437 2595 1603 2671 gloriatur
1613 2609 1687 2656 cum
1700 2611 1760 2672 per
1771 2611 1829 2657 eas
1841 2612 1968 2660 merces
2072 2619 2073 2682 p

325 2696 459 2758 Simeon
469 2708 583 2766 senex,
602 2689 843 2755 inlernsalem.
864 2691 997 2754 Simeon
1014 2693 1119 2756 inter·
1174 2705 1252 2752 suas
1275 2707 1336 2767 per
1352 2691 1609 2756 amaritudinem
1625 2693 1723 2769 buius
1744 2693 1859 2760 seculi
1873 2695 1969 2772 quasi

324 2792 474 2870 pretatur
490 2789 630 2854 audiens
644 2789 827 2852 tristitiam.
840 2789 901 2860 Qui
920 2805 999 2866 ergo
1010 2789 1119 2852 susci·
1173 2805 1233 2866 par
1245 2804 1337 2852 mere
1352 2789 1393 2852 ad
1410 2789 1621 2852 vendendum
1635 2789 1796 2867 deportet.
1806 2793 1905 2854 Hunc
1917 2807 1970 2856 ne·

324 2885 1117 2967 pietdbrlstum,simeondebetesse,utmentem
1173 2886 1723 2963 gotiatoremexpulitllominusin
1738 2887 1967 2958 aduentusuo,

323 2983 445 3055 babeat
459 2983 633 3060 lugubrem
648 2998 708 3060 pro
719 2984 884 3060 peccatis3
900 2986 1024 3055 Senex,
1033 2984 1069 3044 ut
1083 2985 1118 3050 in
1173 2984 1206 3046 et
1229 2983 1377 3060 quotidie
1401 2999 1460 3060 per
1483 2984 1646 3060 gratiam3
1670 2984 1758 3049 trude
1783 2985 1881 3048 isaim
1905 2984 1968 3064 (35,

323 3181 480 3252 rusalem,
498 3179 535 3243 ut
555 3178 770 3241 serenitatem
789 3178 911 3243 ruentis
936 3178 1068 3250 habeut,
1086 3180 1119 3240 et
1172 3176 1336 3250 bitabaut,
1349 3178 1478 3243 orietur
1491 3178 1584 3240 viror
1605 3179 1743 3250 calami,
1761 3179 1794 3242 et
1813 3179 1922 3257 junci,
1938 3183 1970 3246 et

324 3275 612 3354 tranquillitatem.
641 3275 860 3338 Attendamus
888 3275 1000 3347 etiam,
1030 3275 1117 3352 qruod
1173 3290 1239 3338 non
1254 3276 1320 3336 erit
1334 3274 1380 3339 ibi
1402 3275 1454 3340 leo
1478 3276 1632 3353 amplius,
1650 3276 1683 3338 et
1697 3277 1785 3341 mala
1798 3275 1907 3342 bestia
1927 3296 1968 3339 »c

325 3375 397 3452 ipse
422 3373 569 3450 suscepit
598 3371 766 3437 Christum
784 3387 861 3434 cum
887 3373 1029 3444 turture,
1060 3375 1120 3438 aut
1173 3374 1256 3434 Ecce
1270 3372 1434 3448 quomodo
1455 3372 1614 3437 Dominus
1628 3372 1800 3438 resonavit
1820 3373 1861 3434 ad
1876 3391 1966 3450 prae-

324 3469 488 3534 columba.
514 3469 608 3530 Unde
636 3468 736 3532 etiam
759 3485 834 3532 cum
857 3485 919 3530 nos
937 3470 1118 3546 recipimus
1172 3468 1340 3530 dationem
1364 3467 1499 3530 diaboli.
1517 3471 1689 3536 Daemones
1713 3470 1966 3546 expelluntura

326 3567 579 3644 ¹Sacramentum
607 3565 768 3642 corporis,
793 3567 826 3628 et
851 3565 1024 3640 sanguinis
1047 3569 1117 3628 Do-
1172 3565 1349 3638 cubilibus,
1366 3565 1453 3627 idest
1472 3565 1637 3630 mentibus
1662 3566 1853 3642 bominum;
1870 3571 1906 3630 et
1920 3569 1968 3630 sic

325 3662 1116 3740 mini,adbocquodbene,etdignorecipiamus,
1172 3662 1228 3724 ubi
1243 3663 1337 3739 prius
1348 3661 1542 3730 babitabant
1553 3661 1968 3736 draconesorietursiror

324 3763 482 3826 debemus
497 3760 646 3838 recipere
670 3777 746 3821 cum
760 3759 901 3838 turture,
925 3760 1011 3826 idest
1027 3761 1119 3824 luctu
1171 3759 1304 3833 calami,
1315 3761 1350 3822 et
1359 3759 1465 3842 junci.
1481 3762 1517 3822 ln
1528 3760 1657 3822 calamo
1668 3760 1877 3836 significatur
1887 3775 1968 3838 pre-

324 3859 543 3944 pcanltentiae3
566 3858 600 3920 ct
614 3856 778 3932 columba,
797 3857 883 3920 idest
897 3859 1065 3933 restitum
1081 3859 1116 3926 in
1171 3857 1294 3922 dicatio
1312 3879 1319 3916 ι
1336 3859 1372 3918 In
1397 3857 1509 3923 virore
1523 3856 1630 3934 Junci,
1647 3857 1740 3920 viror
1756 3857 1849 3932 fidei,
1866 3863 1903 3922 et
1920 3860 1966 3921 sic

324 3958 433 4025 medic
455 3955 581 4032 templi,
597 3955 683 4021 idest
708 3955 829 4028 cordis,
845 3971 911 4019 nou
927 3955 962 4019 in
978 3955 1114 4032 angulo.
1171 3955 1349 4030 expellitur
1382 3953 1552 4026 diabolus,
1580 3954 1637 4030 qui
1665 3955 1876 4030 significatur
1909 3971 1967 4034 per

323 4059 387 4123 (lor
414 4054 503 4118 enim
532 4052 677 4116 bominis
699 4052 860 4130 templum
893 4055 943 4116 est
973 4053 1116 4130 Spiritum
1170 4050 1299 4121 leonem
1312 4050 1698 4130 proptercrudelitatom.
1715 4052 1962 4129 etsupcrbiam.

304 4146 450 4216 'Sancti
465 4151 559 4218 Sicut
572 4151 661 4212 enim
674 4149 787 4212 lumen
803 4150 836 4210 iu
852 4150 961 4214 medio
971 4151 1117 4226 positum
1170 4152 1236 4210 Per
1258 4149 1389 4220 malam-
1415 4147 1556 4217 bestiam
1588 4149 1789 4224 intelligitur
1815 4150 1962 4223 luxurio,

323 4252 365 4322 ad
380 4264 494 4312 omnes
510 4248 670 4310 terminos
691 4245 807 4316 domus
820 4247 932 4310 radios
947 4247 1113 4320 diffundit,
1148 4258 1151 4269 ·
1170 4261 1243 4322 quae
1260 4259 1385 4322 ,corpus
1407 4245 1555 4315 enemut,
1572 4246 1605 4306 et
1628 4245 1774 4312 animam
1801 4248 1965 4316 contami·

322 4345 563 4424 itegratialiei
588 4345 744 4420 percepta
771 4343 806 4404 in
831 4344 930 4414 corde
956 4343 1112 4409 hominis.
1169 4344 1237 4404 nat.
1269 4396 1289 4410 ,.

322 4445 419 4509 Isaiae
434 4441 498 4521 (19,
516 4439 568 4519 19)
583 4443 663 4502 :clu
677 4439 730 4502 die
746 4439 804 4504 illa
815 4440 994 4505 eritaltare
1004 4441 1064 4502 Dei
1078 4440 1114 4505 in
1209 4438 1366 4516 Sequitur
1383 4440 1547 4503 :lustitia
1558 4441 1661 4514 plena
1672 4441 1882 4504 caldecotam
1893 4443 1961 4504 tuo.

322 4541 540 4612 medioterrae
552 4537 699 4616 AEgypti,
715 4536 872 4602 attitulas
880 4537 1113 4615 Dominijuxta
1168 4537 1220 4601 No
1240 4536 1375 4613 propter
1393 4535 1657 4602 misericordiam
1682 4537 1814 4604 Domini
1832 4540 1963 4616 torpes·

320 4638 482 4710 tormincs
506 4634 554 4714 (2)
571 4637 653 4712 ejus.
670 4634 785 4704 Altarc
796 4633 857 4696 Dei
871 4635 922 4696 est
936 4635 1114 4698 corhomi-
1168 4648 1293 4704 camus,
1310 4631 1385 4702 ideo
1399 4631 1623 4710 subjungitde
1636 4635 1695 4702 liet
1704 4635 1849 4712 justitia.
1868 4637 1961 4700 Unde

321 4737 384 4808 nis,
401 4735 436 4804 iu
451 4735 546 4811 cujus
558 4733 666 4797 medio
674 4729 854 4800 debetesse
867 4730 980 4794 lumen
991 4731 1112 4795 diriore
1167 4731 1203 4798 in
1224 4729 1393 4800 malachie
1417 4728 1461 4807 (3,
1486 4731 1502 4795 1
1519 4731 1554 4798 ot
1566 4727 1599 4808 3)
1617 4732 1792 4797 :eveniet
1814 4733 1857 4797 ad
1877 4735 1961 4796 tem-

320 4833 448 4910 matres,
465 4829 709 4908 quesituras
736 4829 854 4896 titulus
878 4830 976 4905 juxta
996 4829 1114 4896 termi-
1167 4828 1258 4905 plum
1300 4828 1452 4896 emtum
1490 4841 1590 4896 auum
1627 4826 1826 4901 dominator,
1865 4845 1960 4907 quom

321 4947 382 4997 uos
395 4927 550 5000 Domiui;
571 4927 607 4996 ut
619 4927 706 4996 siout
718 4927 788 4990 tota
803 4925 881 4991 libri
894 4926 1000 4992 series
1015 4925 1112 4993 titolo
1167 4940 1226 4992 sos
1249 4924 1409 5002 quamtis,
1431 4923 1630 5002 utzingclus
1645 4925 1848 5001 testamenti,
1864 4941 1960 5004 quem

320 5025 510 5103 respondet,
531 5023 580 5089 sio
599 5024 711 5088 omnia
727 5023 879 5099 ¹corporis
892 5021 1039 5089 membru
1049 5037 1110 5092 ro·
1165 5038 1225 5090 uos
1237 5021 1338 5088 uultis
1353 5038 1391 5095 »r
1405 5021 1447 5090 ut
1460 5020 1576 5086 statim
1605 5019 1717 5087 subdit
1732 5043 1740 5084 ε
1755 5025 1794 5086 nt
1807 5024 1961 5100 purgabit

320 5124 450 5194 sonent,
467 5123 500 5189 et
514 5121 646 5198 sapiant
659 5121 801 5196 gratim
816 5119 887 5185 Dei.
1096 5165 1098 5172 -
1166 5119 1253 5185 lilios
1275 5119 1372 5188 Levi,
1388 5118 1422 5185 et
1439 5117 1565 5186 colabit
1582 5133 1640 5184 eos
1658 5120 1754 5196 quasi
1775 5137 1907 5195 aurum,
1929 5123 1961 5183 et

361 5219 739 5298 aequiconsonantiam
749 5231 874 5282 nomen
883 5218 993 5292 tuum,
1005 5221 1109 5293 Deus,
1166 5217 1354 5298 argentum.
1371 5215 1458 5287 Quid
1468 5214 1570 5282 iactet
1584 5217 1753 5288 stannum,
1766 5217 1823 5280 ubi
1837 5232 1960 5281 concn-

318 5320 505 5388 atcetlous
520 5317 631 5383 tuctu
651 5315 739 5387 tinus
754 5315 871 5379 terrra.
888 5317 934 5379 Ile
957 5315 1022 5380 boc
1043 5332 1108 5382 uo-
1146 5314 1267 5378 tiator
1303 5311 1421 5382 murus
1459 5311 1644 5388 paradisii·
1664 5315 1783 5382 Postea
1814 5315 1959 5393 loquitur

356 5476 397 5546 (1)
411 5477 479 5540 isa,
494 5473 538 5540 23,
556 5472 580 5528 l.
1146 5531 1148 5541 ,
1164 5470 1274 5527 salvum
1290 5483 1354 5528 esse
1369 5468 1493 5540 poterit?

356 5546 395 5615 (tl
409 5545 495 5616 Vulg.
513 5559 520 5600 :
534 5541 697 5599 terminum.
915 5597 916 5602 ,
1080 5581 1083 5594 .
1200 5541 1242 5610 tt)
1258 5541 1340 5612 vulg.
1358 5556 1365 5596 :
1382 5539 1455 5596 ruisi.

354 5617 394 5688 (3)
406 5614 490 5686 Vulg.
506 5629 512 5668 :
531 5613 585 5668 Aut
605 5610 681 5682 quod
706 5617 820 5682 ceptum
838 5611 919 5670 tuerit
941 5627 956 5670 a
981 5613 1107 5682 robusto,
1202 5611 1242 5678 (5)
1259 5609 1345 5682 Vulg.
1362 5627 1368 5666 ;
1387 5611 1416 5665 ln
1430 5609 1532 5680 quilius
1545 5610 1633 5682 prius.

1460 1739 1467 1784 :
1484 1739 1502 1782 c
1519 1723 1659 1800 Propter
1675 1735 1736 1784 vos
1759 1723 1857 1786 emisi
1870 1721 1918 1803 (1)
1935 1724 1968 1786 iu
2070 1717 2071 1722 ’
