4158 6380
313 295 335 354 t
863 289 1064 355 Moluium
1087 291 1144 354 AD
1170 293 1401 357 LECTOREM.
1938 291 1960 356 8

315 450 438 532 pientia
452 449 628 514 eonsilium
647 447 695 530 (l)
717 447 867 528 ligabant
884 465 925 512 aa
939 451 975 511 in
996 449 1110 526 digitis
1164 451 1221 513 sed
1236 452 1270 515 ot
1278 467 1338 530 par
1347 451 1521 514 distinctas
1532 449 1677 515 familias
1687 452 1784 516 arant
1794 452 1962 532 dlspersa.

316 550 397 622 suls
425 563 525 626 opera
548 549 774 626 exsequendo,
791 550 824 610 et
847 547 1036 610 scribebant
1050 548 1110 609 illa
1165 550 1309 613 Praevidi
1330 565 1391 627 ego
1422 549 1581 622 lahorem,
1603 551 1636 614 at
1656 549 1790 627 horrui3
1809 551 1866 614 sed
1882 567 1963 614 om-

315 647 351 708 in
380 645 503 708 tabulis
538 646 647 709 condis
680 647 744 718 sui,
779 644 919 706 firmiter
941 644 1110 706 memoriae
1164 646 1256 708 nium
1271 647 1461 710 nostrorum
1486 663 1768 725 quarumcumque
1792 649 1963 710 Minorum

317 742 597 806 commendantes.
634 743 676 806 lt
698 743 871 820 postquam
895 743 1020 820 optima
1050 742 1110 803 illa
1165 746 1465 822 congregationum
1495 745 1707 822 praelatorum
1735 745 1961 820 benignitate,

315 840 837 918 tabularia‚viviquel1imagistri
849 838 1109 907 vivisabierunt
1165 843 1222 920 qui
1238 842 1379 903 liberum
1395 842 1435 903 ad
1459 857 1520 902 sua
1542 840 1757 920 praebuerunt
1775 857 1961 916 aceessum,

218 973 224 982 ι
316 941 489 1004 otmarum
501 936 772 998 dissimilitudine
787 936 963 1014 studioque
978 936 1111 998 diverso
1143 995 1144 998 ,
1165 942 1233 1001 Deo
1248 935 1331 1000 duoa
1349 940 1383 1000 et
1401 937 1553 1016 adjutore
1567 938 1701 1000 tandem
1716 953 1798 1016 opus
1818 937 1961 1001 absolvi.

317 1037 353 1098 in
368 1036 537 1100 contraria
550 1035 638 1112 rapti
653 1034 760 1097 nostri
774 1033 982 1108 consodales,
998 1035 1111 1096 varios
1205 1037 1285 1098 liaeo
1298 1035 1485 1112 Wadingus
1501 1035 1556 1097 oui
1576 1035 1663 1097 siout
1674 1035 1800 1112 aliquid
1811 1035 1966 1098 substra-

180 1218 183 1224 .
317 1135 411 1208 fines,
427 1133 481 1197 vel
495 1131 663 1194 liberioris
671 1133 705 1194 et
717 1131 889 1210 amplioris
902 1130 1109 1203 litteraturas,
1166 1133 1258 1194 xissa
1268 1133 1394 1196 alimen
1409 1133 1469 1204 est,
1482 1133 1531 1194 sio
1541 1132 1666 1210 aliquid
1677 1131 1845 1194 addidisse
1856 1132 1966 1194 teme

317 1233 376 1294 aut
390 1229 565 1294 statotionia
581 1229 848 1307 solitariorisqua
860 1227 950 1302 vitm,
964 1227 1029 1290 sibi
1042 1227 1112 1290 sta·
1166 1231 1260 1293 ritas.
1275 1230 1386 1292 Nullis
1410 1229 1499 1292 anim
1510 1233 1581 1308 jam
1604 1230 1756 1292 romanet
1769 1231 1962 1308 scrupulus,

316 1328 463 1400 tuenunt,
480 1327 515 1388 in
529 1327 707 1404 pluresque
728 1342 765 1394 sa
785 1325 930 1388 familias
950 1324 1114 1387 dissocia·
1167 1344 1232 1406 qua
1255 1327 1297 1391 de
1311 1341 1415 1390 nausa
1436 1328 1513 1390 anta
1533 1327 1677 1404 primam
1695 1327 1874 1390 editionem
1888 1327 1965 1390 haeo

318 1427 398 1489 runt
424 1423 483 1505 (2),
511 1424 692 1502 plurimum
717 1438 826 1501 passa
851 1423 929 1484 sunt
949 1421 1113 1500 dispendii
1168 1425 1328 1503 opusoula
1336 1440 1396 1503 per
1409 1426 1458 1488 tot
1470 1424 1661 1488 delituerint
1673 1427 1964 1503 temporaneum

319 1523 456 1604 (praetar
469 1523 570 1584 aliam
590 1521 683 1584 illam
700 1522 866 1600 jacturam
881 1521 918 1581 D.
939 1521 1115 1583 Bonaven-
1168 1524 1242 1600 post
1259 1523 1376 1601 planos
1399 1521 1659 1600 quadringentos
1682 1537 1801 1593 annos,
1824 1537 1890 1599 quo
1904 1520 1963 1583 la·

317 1621 404 1684 taras
418 1617 529 1697 atate)
552 1618 685 1692 tabula,
711 1617 924 1690 monimenta,
951 1617 1112 1680 archiva·
1167 1620 1248 1682 bore
1261 1621 1297 1682 in
1309 1619 1571 1690 unumoolleota,
1583 1617 1735 1696 quodque
1744 1617 1843 1680 loetus
1854 1619 1965 1680 Fran-

319 1733 385 1798 que
398 1716 600 1794 Religionis;
615 1731 676 1777 nee
688 1716 756 1778 tam
770 1714 869 1777 taoila
883 1715 957 1778 erat
971 1714 1113 1790 collige·
1169 1718 1249 1780 oisoi
1261 1717 1442 1793 legitimus,
1457 1717 1491 1778 et
1506 1714 1593 1793 quod
1615 1715 1766 1778 doctrina
1782 1715 1874 1778 illius
1886 1731 1964 1778 ooa-

318 1831 369 1888 ra,
382 1831 456 1895 quaa
479 1819 546 1877 n'on
567 1813 674 1877 solum
698 1827 758 1891 per
784 1813 897 1892 pluras
918 1813 1111 1886 conventus,
1169 1815 1274 1878 lastis.
1289 1815 1383 1884 vale,
1396 1814 1503 1876 nostn
1518 1827 1644 1875 memor
1658 1812 1745 1890 apud
1760 1815 1875 1876 Deum.

356 1989 399 2070 (l)
418 1991 502 2052 Prov.
515 2003 565 2050 an.
578 1990 652 2066 Lyra
661 1987 778 2050 ibidem.
1204 1977 1651 2056 (llllidel’etrumllodulphum,
1663 1979 1963 2052 monetaneum.

1170 2061 1236 2113 ante
1249 2053 1349 2112 tidros
1363 2051 1471 2112 litator.
1486 2049 1603 2122 suant
