4184 6410
49 287 115 348 697

50 441 247 506 ostenderet
273 443 305 506 ei
339 445 506 507 Assuerus
541 429 679 506 auream
705 443 847 520 virgam.

50 547 232 614 Assuerus,
259 543 316 620 qui
341 541 513 605 beatitudo
535 541 850 620 interpretatur,est

52 643 156 713 Deus,
180 641 276 716 cujus
297 640 452 701 vindictae
480 639 575 716 virga
601 641 652 702 est
674 639 847 711 severitas,

52 755 156 815 quam
174 737 324 808 inclinat,
340 753 413 798 cum
430 737 595 814 parcendo
607 736 848 814 peccatoribus,

54 836 91 896 in
108 836 239 911 signum
254 835 441 896 clementiae
463 835 607 897 ostendit
631 850 704 896 eam
719 835 760 895 ad
773 849 851 911 pec-

54 935 199 1005 catores,
217 934 254 995 ut
268 933 358 1009 ipsos
381 932 422 992 ad
444 947 479 992 se
499 932 644 993 revocet.
668 932 796 993 Etenim
815 931 850 991 in

54 1047 140 1093 auro
151 1030 346 1106 potestatem
359 1029 497 1106 regiam,
514 1045 612 1105 quam
629 1027 800 1090 exercebit
815 1028 851 1088 in

51 1129 192 1207 judicio.
224 1127 260 1188 Si
287 1127 376 1188 enim
400 1127 519 1189 Esther
533 1129 612 1188 tunc
628 1125 758 1197 ornata,
775 1125 851 1202 pul-

55 1227 151 1298 chra,
168 1224 320 1288 omnibus
340 1224 505 1296 amabilis,
521 1224 682 1300 gratiosa,
700 1225 732 1284 et
747 1223 851 1284 mori-

54 1324 185 1400 gerata,
207 1322 399 1383 exanimata
420 1321 471 1382 est
496 1321 573 1382 ante
600 1319 719 1382 taciem
745 1322 850 1396 ejus:

55 1436 120 1497 ego
133 1421 235 1481 miser
248 1419 302 1480 ubi
316 1417 456 1496 parehol
469 1418 724 1494 Longitudinem
747 1418 851 1493 virgae

54 1517 133 1584 tert.
146 1517 233 1579 idest
249 1505 415 1594 patienter
427 1533 516 1578 nunc
526 1515 676 1592 corripit,
692 1519 724 1576 et
735 1529 853 1591 expec-

56 1617 118 1678 tat.
141 1615 369 1676 summitatem
390 1615 535 1676 ostentat
558 1613 593 1673 in
620 1613 697 1686 tine,
725 1612 854 1674 scilicet

57 1711 347 1790 glorificationem,
362 1712 493 1788 quando
507 1709 723 1784 osculabitur,
737 1711 770 1770 et
793 1710 854 1770 da-

58 1811 151 1873 bitur
168 1809 275 1871 imber
295 1809 463 1871 serotinus
475 1808 535 1881 eis,
553 1808 609 1884 qui
621 1808 660 1868 de
675 1805 850 1879 matutino,

59 1911 95 1970 et
118 1909 152 1969 in
180 1906 344 1970 matutino
358 1905 466 1968 imbre
485 1905 629 1967 fructum
653 1904 797 1980 faciunt3
820 1905 855 1966 et

56 2007 138 2068 tunc
154 2005 227 2068 tinit
241 2005 309 2068 vita
325 2003 459 2066 illorum
475 2003 509 2064 in
524 2002 695 2066 voluntate
711 2005 798 2079 ejus.

362 2273 502 2334 SERMO
518 2272 554 2332 L.

58 2421 190 2492 Qualiter
203 2423 278 2478 Deus
293 2435 344 2494 per
358 2419 512 2476 adventurn
533 2433 617 2476 suum
633 2417 777 2491 planctum
792 2431 856 2474 nos-

98 2517 183 2579 trum,
205 2523 290 2582 quern
309 2508 502 2566 contraximus
524 2523 539 2564 a
559 2507 659 2580 primis
679 2505 854 2578 parentibus,

98 2599 238 2656 convertit
264 2596 460 2670 ingaudium.
487 2596 613 2664 Qualiter
638 2597 714 2652 lleus
736 2609 787 2667 per
814 2608 857 2652 as·

98 2693 242 2759 sumptam
255 2699 371 2744 carnem
383 2684 419 2742 de
434 2685 550 2742 inimico
563 2698 616 2740 nos
629 2682 792 2740 vindicavit.

65 2829 278 2892 convertisti
295 2827 471 2902 planctum
493 2841 611 2888 meum
629 2829 666 2887 tn
691 2827 857 2902 pendium

229 2928 326 2997 mibi,
343 2925 406 2986 etc.
425 2923 529 3004 (Psal.
547 2925 598 2993 29,
616 2921 683 3002 12.)

16 3145 23 3156 ,
107 3081 185 3138 llaec
208 3077 287 3138 suut
313 3074 416 3138 verba
449 3075 606 3136 Ecclesiae
632 3073 789 3144 laetantis,
824 3073 859 3134 et

62 3175 246 3238 exultantis
262 3173 307 3234 de
325 3172 499 3235 beneflciis
514 3171 578 3233 sibi
592 3169 722 3233 collatis
736 3187 754 3233 a
770 3173 857 3244 Deo;

63 3273 143 3351 quia
159 3271 335 3333 infirmitas
350 3271 473 3332 nostrae
488 3269 714 3339 mortalitatis,
735 3283 857 3345 proce-

63 3371 147 3432 dens
162 3368 333 3446 exprimis
353 3367 559 3445 parentibus,
579 3383 654 3444 quae
668 3368 742 3427 erat
756 3380 860 3427 causa

430 285 538 348 PARS
569 285 713 348 PRIMA.
729 313 770 332 -
788 285 1008 348 EXPOSI'I'IO
1039 285 1084 348 IN
1116 286 1320 349 PSALMOS.

1638 289 1700 351 698

903 444 1010 508 citur:
1028 445 1229 508 convertisti
1246 445 1415 522 planctum
1435 461 1544 509 meum
1558 447 1594 509 in
1609 453 1699 525 gau-

905 541 996 604 dium
1021 543 1116 604 mihi.
1133 543 1229 605 Unde
1244 543 1341 606 Isaiae
1357 542 1422 624 (59,
1440 543 1492 624 17)
1510 545 1698 609 reindutus

904 643 956 702 est
985 641 1182 702 vestimento
1226 639 1273 720 (4)
1309 641 1458 715 ultionis,
1496 645 1529 705 et
1564 645 1699 720 opertus

904 739 955 800 est
963 736 1010 819 (5)
1022 739 1124 816 pallio
1137 739 1445 802 zeli.»Vestimento
1455 740 1604 814 ultionis,
1612 742 1699 805 idest

905 853 1006 899 carne
1020 838 1147 908 nostra,
1163 851 1224 912 per
1238 853 1337 914 quam
1353 836 1514 899 ultionem
1530 840 1639 901 sumet
1656 840 1698 902 de
1757 915 1760 922 .

905 934 1062 1007 diabolo,¹
1077 934 1134 1010 qui
1161 933 1274 994 dolose
1296 935 1443 1010 captivat
1457 950 1563 1011 genus
1575 936 1699 998 huma-

906 1047 995 1103 num,
1017 1032 1050 1092 et
1072 1031 1294 1107 depraedatur.
1324 1032 1418 1094 Unde
1443 1033 1540 1094 lsaiae
1562 1032 1699 1114 (33,1):

906 1128 994 1186 «Vae
1008 1125 1063 1202 qui
1077 1125 1250 1202 praedaris,
1268 1141 1379 1188 nonne
1389 1126 1461 1203 ipse
1471 1127 1701 1204 praedaberisi

906 1225 987 1285 Item
995 1221 1251 1302 (6):‹Nunquid
1260 1224 1508 1287 tolleturaiorti
1516 1224 1651 1306 praeda(
1673 1225 1699 1306 ),

906 1321 940 1382 et
953 1323 1070 1398 captus
1094 1337 1115 1382 a
1141 1321 1277 1384 robusto
1293 1322 1478 1384 salvabitur
1490 1324 1534 1382 t»
1550 1325 1703 1400 Respon-

907 1418 962 1480 det
976 1439 983 1478 :
999 1418 1170 1495 Equidem,
1193 1419 1271 1495 quia
1298 1433 1319 1480 n
1344 1417 1422 1482 forti
1443 1419 1575 1481 diabolo
1588 1419 1702 1497 praede

906 1515 1040 1592 generis
1053 1515 1190 1578 humani
1207 1517 1390 1589 auferetur,
1404 1517 1438 1578 et
1451 1533 1472 1578 a
1484 1518 1616 1580 Christo
1633 1518 1704 1580 sal-

907 1613 1051 1674 vabitur.
1068 1611 1162 1680 Unde
1178 1613 1250 1690 ipse
1264 1615 1352 1675 idem
1368 1615 1475 1676 isaias
1491 1612 1536 1694 (9,
1553 1614 1588 1695 5)
1604 1637 1612 1674 :
1629 1618 1703 1677 Om-

907 1711 960 1771 nis
974 1710 1122 1772 violenta
1136 1711 1309 1787 praedatio,
1317 1711 1404 1773 idest
1414 1713 1523 1774 omnis
1535 1713 1702 1776 violentus

907 1808 1085 1884 praedator,
1102 1805 1189 1870 idest
1203 1809 1366 1881 diabolus,
1382 1809 1439 1886 qui
1459 1810 1582 1872 dicitur
1597 1812 1702 1874 vesti-

908 1905 1055 1968 mentum
1078 1905 1213 1968 mistum
1237 1906 1412 1981 sanguine,
1433 1907 1511 1984 quia
1526 1923 1700 1984 respersus

908 2003 1120 2080 peccatorum
1142 2005 1332 2065 nostrorum
1363 2005 1539 2080 sanguine,
1570 2005 1635 2067 erit
1665 2005 1703 2066 in

909 2100 1185 2173 combustionem,
1201 2101 1312 2162 eterit
1325 2099 1419 2162 cibus
1440 2102 1529 2178 ignis
1549 2101 1702 2164 interne-

909 2197 963 2272 lis,
998 2213 1073 2259 cum
1103 2198 1246 2260 tumultu
1279 2196 1453 2261 sententiae
1478 2198 1703 2261 damnationis

910 2296 1100 2371 perpetuae3
1127 2294 1205 2371 quia
1230 2294 1322 2355 zelus
1343 2295 1476 2356 Domini
1499 2294 1601 2357 faciet
1623 2295 1699 2370 hoc,

910 2393 997 2453 idest
1013 2389 1151 2469 pallium
1172 2391 1236 2453 zeli
1257 2391 1509 2467 indignationis,
1523 2392 1610 2454 idest
1624 2408 1703 2454 caro

911 2489 1703 2566 assumptaperzelum,etlervoremcaptivitatis,

911 2587 989 2665 quia
1004 2587 1040 2647 in
1051 2585 1260 2647 humanitate
1272 2585 1452 2662 judicabit;
1473 2587 1514 2648 de
1531 2591 1704 2665 qqupos·

910 2684 998 2747 tolus
1021 2683 1098 2764 (Tit.
1114 2685 1145 2756 3,
1159 2682 1192 2762 5)
1211 2705 1218 2743 ε
1234 2684 1337 2745 «Non
1359 2699 1402 2745 ex
1423 2683 1579 2761 operibus
1602 2685 1706 2762 Justi-

910 2781 978 2853 tiae,
1009 2797 1082 2858 quae
1104 2780 1243 2842 lecimus
1258 2795 1334 2852 nos,
1356 2781 1448 2842 »sed
1463 2798 1481 2842 tt
1495 2783 1631 2859 propter
1651 2781 1707 2843 ni-

912 2879 1013 2940 miam
1049 2878 1259 2951 charitatem,
1287 2892 1352 2954 qua
1373 2878 1493 2940 dilexit
1517 2894 1591 2941 nos.
1613 2893 1634 2940 ›
1656 2877 1705 2960 (8)

913 2977 1004 3048 Quod
1027 2975 1167 3053 pallium
1196 2975 1280 3037 bene
1309 2975 1432 3037 dicitur
1452 2975 1705 3052 indignationis.

913 3072 1153 3150 Indignabatur
1167 3074 1255 3134 enim
1272 3075 1371 3144 Deus,
1388 3073 1474 3149 quod
1490 3072 1707 3135 diabolusde-
1741 3137 1746 3148 ,

913 3169 1029 3233 ludere
1047 3169 1226 3239 nitebatur,
1252 3171 1339 3248 quod
1371 3173 1459 3231 Deus
1495 3170 1707 3248 disposuerat

913 3267 1098 3329 reformare
1117 3267 1157 3328 de
1177 3265 1368 3328 hominibus
1384 3281 1509 3336 casum,
1527 3269 1559 3329 et
1572 3269 1706 3329 ruinam

914 3365 1128 3441 angelorum
1143 3365 1176 3426 et
1189 3364 1264 3425 ideo
1278 3365 1350 3426 zelo
1363 3364 1595 3438 humanitatis,
1612 3367 1708 3443 quasi

62 3468 175 3528 luctus
197 3465 315 3539 nostri,
342 3466 393 3527 est
416 3464 548 3526 occasio
563 3463 677 3539 gaudii
693 3462 800 3525 nostri
823 3463 859 3522 in
911 3465 1015 3538 pattto
1048 3461 1289 3538 indignationis
1323 3465 1499 3539 coopertus
1521 3465 1583 3525 est.
1611 3464 1706 3526 Unde

65 3565 175 3641 capite
190 3564 304 3625 nostro
322 3562 465 3634 Christo,
483 3561 523 3622 de
536 3576 601 3638 quo
618 3560 773 3621 Salomon
786 3557 833 3638 (1)
851 3580 858 3618 :

63 3680 85 3723 a
98 3661 191 3723 Oculi
203 3661 365 3738 sapientis
378 3659 415 3720 in
433 3657 539 3735 capite
556 3659 629 3735 eJus
642 3677 650 3716 r
662 3657 783 3718 stultus
798 3671 862 3716 au-

64 3762 133 3822 tem
148 3759 183 3820 in
198 3758 345 3821 tenebris
358 3756 516 3817 ambulat.
534 3757 600 3816 »In
612 3753 759 3816 tenebris
769 3753 863 3828 igno·

65 3857 186 3919 rantiae
229 3855 381 3932 graditur
415 3854 556 3928 stultus,
599 3851 656 3913 sed
701 3848 862 3926 sapientis

916 3558 1140 3621 Ecclesiastici
1159 3557 1223 3638 (36,
1236 3561 1256 3619 8
1267 3559 1301 3621 et
1310 3557 1343 3638 9)
1368 3561 1533 3621 :nExcita
1545 3559 1706 3632 furorem,

915 3656 949 3717 et
962 3655 1094 3716 effunde
1106 3655 1203 3716 iram.
1213 3655 1342 3716 Extolle
1352 3653 1398 3735 (9)
1413 3656 1655 3726 adversarium,
1675 3657 1709 3718 et

916 3751 1028 3828 asdige
1041 3751 1225 3811 inimicum.
1240 3751 1430 3812 »Inimicus
1446 3753 1518 3813 erat
1531 3752 1683 3813 diabolus
1699 3773 1707 3812 ι

915 3849 1138 3911 Adversarius
1162 3847 1272 3919 homo,
1290 3848 1368 3925 quia
1383 3850 1590 3925 peccaverat.
1605 3851 1708 3921 Quasi

67 3954 157 4018 oculi
167 3955 203 4014 in
219 3953 328 4030 capite
341 3955 426 4028 ejus,
445 3952 530 4012 idest
545 3949 689 4020 Christo,
706 3947 864 4008 conside·
917 3944 1027 4008 dicat:
1044 3945 1161 4007 Excita
1175 3943 1334 4016 iurarem,
1358 3945 1392 4006 et
1407 3943 1541 4006 effunde
1561 3946 1658 4020 iram,
1672 3947 1710 4008 ut

66 4053 186 4123 rantis,
218 4050 334 4129 quanti
354 4049 474 4127 capitis
490 4049 534 4110 sit
555 4046 750 4108 membrum.
768 4043 862 4106 Unde
917 4042 1061 4106 extollas
1071 4041 1312 4114 adversarium,
1329 4041 1497 4103 hominem
1506 4042 1632 4120 quitibi
1647 4043 1710 4104 ad-

66 4149 245 4226 Apostolus
260 4146 307 4228 (2)
325 4169 332 4209 ε
347 4163 366 4208 t
380 4149 493 4225 Ipsum
518 4145 612 4207 dedit
639 4144 739 4221 caput
762 4157 863 4220 super
917 4141 1072 4204 versatur
1085 4139 1331 4216 perpetratione
1355 4140 1579 4216 peccatorum,
1608 4143 1710 4203 etsie

68 4263 201 4308 omnem
223 4245 452 4308 Ecclesiam.»
474 4244 523 4306 lbi
552 4243 634 4305 dicit
657 4237 861 4319 Glossat3):
918 4236 1100 4300 contundes
1128 4236 1312 4311 inimicum,
1337 4237 1425 4299 idest
1446 4235 1626 4311 diabolum,
1653 4240 1711 4317 qui

67 4346 179 4422 Majus
199 4343 323 4402 donum
338 4342 418 4404 dare
440 4357 507 4402 non
522 4341 641 4419 potuit.
666 4341 735 4401 Hoc
764 4337 865 4414 caput
918 4335 1076 4397 confusus
1098 4334 1151 4396 est
1170 4333 1207 4394 in
1234 4335 1500 4406 restauratione,
1524 4336 1557 4397 et
1577 4351 1712 4414 repara·

68 4456 137 4502 nou
152 4438 270 4499 habuit
282 4438 385 4498 Adam
400 4439 476 4500 ante
491 4438 621 4514 lapsum
643 4452 703 4513 per
725 4434 863 4498 confor—
917 4433 1008 4495 tione
1029 4430 1168 4492 bumani
1190 4431 1315 4507 lapsus.
1337 4431 1376 4492 Et
1394 4430 1479 4493 bene
1501 4431 1634 4505 dicitur,
1651 4448 1713 4494 ex-

68 4535 221 4600 mitatem
238 4534 378 4595 naturae.
395 4534 487 4606 Quod
507 4534 540 4595 et
562 4549 623 4596 nos
636 4533 701 4594 sibi
712 4531 863 4610 reaptam
918 4530 1016 4602 tolle;
1032 4529 1111 4607 quia
1134 4544 1201 4590 non
1222 4529 1350 4591 tautum
1366 4529 1444 4590 tulit
1464 4545 1551 4600 eum,
1565 4530 1632 4590 imo
1646 4545 1711 4590 ex-

68 4637 230 4712 tanquam
245 4629 429 4692 membrum
440 4630 563 4707 capiti;
579 4630 612 4691 et
626 4629 700 4692 ideo
711 4629 796 4692 bene
809 4629 865 4690 di·
918 4627 996 4690 tulit
1022 4625 1190 4687 bominem
1210 4626 1251 4686 ad
1267 4625 1439 4687 meliorem
1463 4626 1597 4699 statum,
1625 4627 1712 4706 quod

108 4839 149 4980 (ἐξ
164 4835 313 4980 dddlds'd’,
321 4835 375 4964 12Ιὲο
970 4901 998 5028 7³
1014 4901 1097 4970 Vntq.
1121 4897 1264 4970 Numquid
1285 4898 1425 4956 tolletura
1446 4896 1510 4955 lorti
1530 4896 1649 4970 preda?
1663 4907 1714 4957 aut

109 4980 148 5050 (3)
169 4979 244 5036 llicit
256 4978 363 5045 illoesa,
379 4981 430 5034 etc.
440 4978 473 5034 ln
488 4983 608 5048 unaque
622 4973 734 5042 Glossa,
749 4969 863 5040 ordina·
921 4987 978 5044 quo
1012 4976 1127 5042 ceptum
1147 4969 1232 5052 tuerit
1253 4983 1269 5024 a
1289 4968 1416 5052 robusto,
1432 4969 1620 5052 salvumesse
1633 4977 1712 5042 pote·

72 5051 115 5108 ria
142 5057 171 5105 et
196 5048 370 5106 interlineari
388 5047 582 5104 testimonium
609 5043 684 5102 istud
704 5042 867 5100 desiderari·
920 5041 1059 5110 ritiQuia
1075 5039 1137 5096 baec
1159 5039 1228 5096 drcit
1242 5041 1399 5096 Dominus:
1423 5037 1607 5110 nqurdnmmt
1622 5042 1712 5112 capti·

73 5130 130 5179 tur.
145 5121 181 5176 At
196 5121 223 5176 s.
237 5119 414 5191 Augustinus
428 5120 528 5175 Enarr.
543 5118 572 5173 in
587 5116 663 5174 Psal.
679 5116 724 5183 stt,
738 5121 768 5172 et
782 5129 817 5171 ex
832 5127 867 5171 eo
921 5114 1023 5170 vitasa
1041 5110 1105 5167 lorti
1118 5111 1230 5194 tolletur
1245 5126 1252 5166 :
1267 5118 1295 5168 et
1309 5108 1385 5183 quod
1399 5108 1525 5167 ablatum
1537 5109 1622 5168 tuerit
1635 5125 1652 5168 a
1665 5126 1712 5169 ro·

74 5189 152 5249 Beda
163 5189 289 5262 Exposit.
304 5189 443 5260 tnEptst,
459 5186 608 5260 adEpltes.
621 5201 684 5259 cap.
702 5188 728 5253 l,
749 5183 836 5242 habet
847 5201 863 5256 ¹:
921 5183 1014 5252 busto,
1031 5180 1197 5238 salvabitur.

75 5261 215 5318 «Nullum
226 5258 436 5332 majusdonum
455 5266 589 5331 prestare
605 5263 701 5330 posset
720 5258 796 5314 Deus
813 5253 866 5313 bo·
958 5254 998 5326 (8)
1014 5251 1119 5324 Ephes.
1134 5252 1161 5318 2,
1174 5251 1201 5307 d.

968 4829 999 4900 d)
1019 4831 1087 4897 isa..
1105 4828 1149 4897 tt,
1166 4828 1201 4885 id
1215 4827 1295 4885 etit.

72 5331 209 5398 minibus,
226 5344 311 5402 quarn
322 5337 354 5386 ut
367 5328 493 5412 Verbum
512 5343 606 5399 suum,
621 5326 759 5412 perquod
771 5325 868 5383 condi·
958 5325 998 5396 (9)
1011 5324 1133 5392 Entella,
1149 5325 1200 5404 etc.
1215 5321 1296 5404 (αἱ).
1306 5319 1384 5378 'l'olle
1399 5318 1604 5404 adversarium.
1620 5323 1714 5396 Aliqui

73 5401 114 5458 dit
133 5403 240 5469 ornnia,
262 5399 368 5457 laceret
388 5399 442 5457 rllrs
460 5405 600 5473 caputet
620 5399 867 5470 tllosertanquam
923 5401 1019 5452 temen
1032 5396 1059 5451 le
1101 5401 1141 5461 nt,
1157 5399 1248 5464 mqurt
1258 5393 1288 5448 P.
1302 5390 1338 5448 de
1352 5391 1378 5449 la
1394 5393 1474 5464 llaye
1485 5406 1513 5447 rn
1529 5391 1599 5450 Brbl.
1616 5395 1713 5450 llan:

923 5465 1032 5524 Extolle
1046 5478 1061 5520 a
1085 5463 1251 5520 versarium.
1265 5463 1339 5518 Sene
1351 5463 1489 5536 lyranus,
1503 5468 1532 5519 et
1542 5463 1603 5534 ipsa
1614 5463 1714 5522 Glossa

74 5471 203 5530 membra
219 5477 375 5542 coaptaret.
395 5491 406 5520 ›
1533 5534 1539 5544 Ι

922 5535 1116 5593 ordinariasic
1131 5533 1231 5606 legunt
1246 5550 1253 5589 :
1271 5532 1380 5589 Extolle
1393 5531 1601 5590 adversarium.

113 5543 154 5610 (tt
169 5541 254 5613 Vulg.
277 5541 463 5597 vestimentis.

113 5614 154 5688 (5)
166 5611 252 5684 Vulg.
270 5611 350 5682 quasi
364 5611 458 5682 pallio.
