4152 6388
631 277 739 340 PARS
763 279 966 340 SECUNDA.
981 280 1231 341 -REGUKAE
1342 361 1343 370 ἵ

392 561 540 620 PRIMA
573 544 750 622 REGULA
782 561 1210 622 SANCTIMONIALIUM
1240 562 1275 622 S.
1306 542 1468 624 CLARAE

583 731 711 775 ΑΒΕΔΊῸ
729 731 881 776 amuclsco
900 731 952 776 PRO
970 730 1073 776 bisunu
1091 731 1270 778 consentiri.

417 909 585 958 mortineil.

143 1004 236 1068 Idem
249 1007 301 1069 est
313 1005 413 1084 hujus
428 1010 565 1085 Regulos
578 1010 822 1088 argumentum,
838 1025 900 1072 ea·

98 1101 179 1166 dem
194 1105 345 1178 materia,
360 1105 496 1168 totidem
511 1108 632 1186 capita,
646 1123 713 1171 non
725 1108 901 1171 dissimilia

98 1202 281 1278 praecepta,
296 1201 467 1265 simillima
482 1205 617 1266 omnino
631 1205 746 1280 verba,
764 1222 803 1268 ac
813 1221 902 1283 prae-

98 1297 266 1361 cedentia.
287 1300 357 1362 Nec
379 1301 558 1375 immerito,
576 1305 611 1365 ut
632 1319 716 1381 quos
735 1303 824 1365 idem
839 1318 902 1379 ge-

97 1395 178 1456 nuit
189 1396 296 1472 pater,
311 1397 447 1460 diversa
460 1414 526 1460 non
542 1399 813 1464 discriminarent
825 1400 901 1460 ins-

97 1491 212 1554 tituta.
227 1493 384 1556 Eamdem
400 1496 513 1569 etiam,
529 1497 645 1572 paucis
665 1498 811 1569 mutatis,
837 1496 899 1559 de-

98 1587 149 1650 dit
158 1587 306 1652 foeminis
319 1591 480 1669 Regulam
490 1595 708 1670 Augustiana,
720 1595 817 1672 epist.
830 1595 898 1666 109,

98 1701 204 1764 quam
216 1703 275 1765 pro
298 1690 405 1751 sarvia
420 1691 479 1751 Dei
504 1693 760 1771 conscripserat,
786 1693 819 1755 et
838 1691 901 1753 ha·

99 1780 214 1858 betur,
240 1786 319 1847 tom.
344 1788 370 1858 Ι,
396 1786 431 1846 in
451 1787 527 1849 fine.
551 1788 614 1850 Sed
639 1789 797 1866 quosdam
818 1790 897 1862 vidi,

98 1881 206 1943 etiam
228 1897 271 1943 ex
291 1884 427 1956 nostris,
454 1885 511 1961 'qui
534 1885 685 1948 dubitent
707 1886 747 1947 da
763 1888 899 1949 auctore

97 1977 316 2056 hujusquam
331 1980 504 2042 offerimus
527 1985 675 2060 Regulus,
701 1983 899 2046 Franciscus

97 2091 140 2136 ne
156 2076 215 2148 sit,
232 2093 276 2138 an
288 2078 386 2139 alius.
404 2079 494 2141 Inter
508 2078 571 2142 hos
593 2096 660 2142 non
675 2081 798 2143 inlimae
811 2082 898 2142 notae

98 2175 151 2234 est
173 2173 354 2252 Rodulpb,
381 2174 438 2236 lib.
464 2177 497 2248 Ι,
525 2192 595 2239 suae
623 2179 896 2254 aristocreon,

97 2269 154 2332 fol.
173 2271 244 2344 132,
259 2271 316 2349 qui
330 2271 371 2334 ab
385 2274 579 2336 innocentio
594 2276 640 2337 lli
664 2276 852 2348 exaratam,
867 2277 900 2338 et

954 893 1183 957 testimonium
1200 896 1357 970 sufficiat,
1374 913 1448 975 quaa
1460 914 1619 994 expresse
1638 901 1673 960 in
1689 915 1751 962 suo
1833 895 1836 903 “

955 993 1164 1066 testamento,
1181 993 1268 1070 quod
1283 1010 1327 1056 ex
1340 995 1470 1057 vetusto
1486 995 1673 1058 memoriali
1685 1012 1750 1058 ex-

955 1090 1110 1164 tractum,
1127 1090 1279 1154 invenies
1304 1091 1391 1168 apud
1412 1093 1562 1154 Marcum
1581 1095 1750 1158 Portuen-

956 1203 1026 1250 sem
1039 1188 1232 1266 episcopum
1247 1191 1261 1252 l
1275 1206 1320 1267 p.,
1347 1189 1406 1251 lib.
1423 1192 1510 1262 v111,
1534 1206 1562 1251 c.
1579 1192 1631 1252 35.
1657 1190 1749 1254 Idem

956 1286 1057 1361 etiam
1086 1286 1244 1360 sentiunt,
1276 1287 1391 1350 doctus
1413 1287 1508 1364 pater
1533 1287 1689 1349 Miranda
1713 1289 1750 1350 in

955 1384 1182 1458 depositione
1205 1382 1354 1461 ejusdem
1377 1385 1525 1461 Regulae,
1542 1387 1556 1446 Ι
1575 1403 1621 1462 p..
1642 1388 1751 1462 capo

955 1482 988 1544 et
1010 1483 1041 1552 7,
1064 1481 1097 1542 et
1118 1483 1147 1541 11
1171 1498 1217 1558 p.,
1239 1497 1311 1558 cap.
1328 1483 1358 1553 1,
1375 1481 1408 1544 et
1431 1482 1651 1544 communiter
1678 1481 1748 1544 alii.

956 1575 1064 1650 Quare
1094 1577 1223 1639 nullum
1247 1577 1344 1640 video
1376 1577 1549 1640 sufficiens
1577 1577 1750 1642 dubitandi

955 1671 1216 1736 fundamentum.
1242 1674 1402 1752 Regulam
1426 1675 1512 1737 hano
1539 1675 1749 1738 strictissime

955 1772 989 1832 et
1001 1772 1042 1832 ad
1060 1787 1203 1848 unguem
1219 1772 1387 1849 pleraeque
1399 1774 1435 1832 B.
1462 1773 1569 1834 Clarae
1588 1788 1748 1850 sequaces

953 1867 989 1928 in
998 1868 1319 1945 pluribuscoenobiis
1330 1885 1389 1946 per
1399 1871 1564 1946 Europam
1575 1871 1746 1948 dispersae,
1813 1909 1816 1926 .

953 1965 1154 2042 regulariter
1165 1965 1353 2038 observant,
1365 1966 1517 2028 licetalia
1529 1983 1628 2046 quarn
1640 1953 1748 2044 pluria
1819 2039 1822 2045 ¹

953 2061 1237 2135 monasteria,sub
1253 2063 1473 2124 Clarissarum
1486 2065 1586 2126 etiam
1598 2064 1743 2137 nomine,
1770 2105 1776 2120 .

953 2159 1100 2222 laxiores
1120 2159 1299 2224 observant
1316 2161 1468 2236 regulas;
1485 2161 1638 2237 quaedam
1653 2165 1749 2224 lnno·
1807 2200 1815 2224 2
1939 2211 1945 2218 .

953 2257 1054 2318 centii
1074 2257 1129 2330 iv,
1153 2257 1229 2318 aliae
1250 2273 1330 2320 vero
1355 2257 1481 2319 Urbani
1497 2258 1597 2322 etiam
1618 2261 1673 2321 IV.
1698 2263 1748 2321 Ex

19 2530 24 2543 ,
98 2481 188 2535 mor,
205 2467 370 2530 consentit
391 2467 518 2542 pisan,
534 2467 620 2530 libro
642 2471 668 2540 I,
684 2468 850 2532 Coniorm.
865 2471 896 2542 8,

953 2371 1017 2432 quo
1034 2353 1071 2415 ot
1085 2355 1172 2432 quod
1194 2353 1319 2432 plures,
1337 2354 1595 2432 appellationem
1619 2357 1745 2418 sortitae

953 2450 994 2511 ab
1008 2449 1141 2512 Urbano
1156 2466 1284 2512 summo
1299 2451 1470 2526 pontione,
1485 2451 1581 2515 dictae
1595 2453 1662 2515 sint
1677 2454 1746 2514 Ur·

99 2368 276 2431 sororibus
290 2369 448 2433 traditam
462 2370 601 2433 indicat.
618 2372 691 2445 Cui,
716 2356 770 2434 s'ui
781 2373 900 2436 imme-

98 2563 188 2640 part,
206 2564 298 2636 11,111
317 2565 393 2627 Vita
406 2568 447 2626 Β,
464 2566 737 2638 cgarae‚d100ns;
755 2584 773 2628 g
785 2571 813 2630 Α
827 2570 897 2629 90.
951 2547 1101 2612 hanistae.
1118 2550 1156 2608 In
1168 2547 1333 2625 principio
1359 2563 1565 2626 praemonere
1589 2564 1747 2612 necessa-

98 2663 196 2724 mino
220 2663 415 2725 Innocentio
440 2663 485 2726 ΠΙ
523 2662 685 2740 Regulam
714 2678 898 2741 pauperum
952 2645 1038 2706 lium
1056 2644 1225 2717 duximus,
1250 2645 1402 2722 tluaedam
1426 2661 1446 2706 a
1468 2646 1639 2754 Gordissale
1662 2649 1747 2756 {³1¹0-

98 2759 314 2822 oomrnarum
330 2759 428 2821 orara
442 2761 548 2838 petiit,
564 2761 598 2824 et
617 2760 781 2836 ottanum
803 2763 898 2840 eujus
951 2743 1088 2814 tectore.
1105 2745 1139 2805 et
1152 2742 1347 2804 Innocentio
1362 2744 1465 2822 Pana.
1487 2757 1553 2804 nno
1566 2745 1599 2807 et
1613 2744 1654 2805 aa
1673 2759 1747 2822 1psa

98 2857 306 2935 principium
324 2857 396 2934 ipse
419 2858 575 2920 Pontifex
590 2858 753 2936 plorando
777 2874 821 2919 ex
835 2858 897 2919 de·
952 2839 1090 2918 Vifssitffl
1104 2839 1212 2912 Clara,
1234 2839 1430 2950 intellqsita
1452 2839 1558 2950 sUJ'SSO
1575 2857 1635 2918 2Γο
1656 2845 1745 2904 tem·

97 2954 237 3018 votione
253 2956 452 3033 conscripsit
462 2972 562 3018 manu
574 2971 672 3016 sua.»
684 2956 747 3018 Sed
760 2957 830 3032 jam
841 2972 900 3017 su·
952 2953 1071 3014 porum
1082 2937 1212 2998 Γᾶῑῗθῐῑθ
1223 2936 1448 3016 willermi&
1461 2939 1577 3010 utrm„
1586 2939 1622 2998 in
1636 2939 1743 3016 princ·

98 3068 174 3132 pra,
192 3051 359 3116 conform.
384 3055 415 3125 6,
441 3053 474 3116 et
493 3055 610 3132 postea
628 3053 795 3116 Coniorm.
812 3054 842 3126 9,
862 3054 898 3115 in
952 3033 1100 3110 ejusdem
1125 3031 1273 3110 Ressulae·
1297 3035 1398 3111 Cujus
1413 3033 1585 3111 originale
1599 3035 1745 3096 authen·

98 3151 225 3230 princ,
238 3153 271 3212 et
283 3150 320 3212 in
336 3149 413 3225 line,
428 3165 496 3212 uon
512 3150 615 3212 semel
636 3151 694 3212 sed
715 3149 895 3224 multoties,
954 3132 1054 3193 ticum
1069 3130 1130 3192 sub
1145 3131 1399 3193 confirmatione
1425 3132 1458 3193 et
1480 3131 1572 3193 bulla
1592 3131 1746 3209 plumbea

98 3246 159 3320 ait,
187 3247 423 3325 asseveratque
461 3261 481 3308 a
511 3246 691 3308 Francisco
726 3246 897 3323 scriptam,
952 3229 1169 3290 inconvento
1190 3227 1496 3290 sanctimonialium
1516 3228 1746 3292 Chamheriaci

99 3345 287 3416 exaratam,
313 3345 347 3406 ct
369 3343 686 3406 sanctimonialibus
710 3343 751 3406 ab
780 3343 896 3406 eodem
951 3325 1133 3402 Pl0llsstiae
1161 3325 1269 3433 tflflcfi
1299 3327 1541 3434 BOUalenttlfae
1567 3326 1745 3404 diligenter

97 3441 261 3504 traditam
284 3443 414 3502 ann06
450 3456 520 3503 suae
542 3441 784 3504 conversionis.
807 3441 898 3504 Idem
952 3421 1224 3485 CUStOdil'ih'adlt
1238 3423 1382 3484 Flfflam·
1401 3421 1516 3485 etaln.

98 3541 271 3616 amquam
294 3537 518 3600 indubitatum
540 3539 696 3616 supponit
724 3541 895 3602 Firmum.

99 3639 213 3699 anum
228 3639 306 3698 ora.
323 3637 353 3708 5,
368 3637 401 3699 et
413 3635 471 3698 ult.
486 3638 594 3714 parte,
609 3637 717 3700 urae.
735 3639 760 3709 1,
783 3635 842 3699 f01·
864 3639 895 3708 a,
968 3661 1119 3722 ausona
1137 3662 1189 3720 nr
1208 3661 1296 3720 viru
1315 3661 1491 3720 sonoauu
1509 3661 1727 3721 racanauu.

99 3735 165 3798 col.
182 3737 213 3807 2,
230 3733 266 3796 in
279 3733 390 3797 indice
403 3749 519 3796 eorum
540 3749 613 3811 quaa
636 3733 847 3796 continentur
861 3735 897 3796 in
1327 3784 1365 3800 ..

98 3831 190 3894 dicta
201 3832 306 3910 parte,
315 3830 430 3894 ubisic
440 3831 758 3894 recenset:«Prima
768 3832 899 3908 Regula
1313 3909 1314 3912 Ἴ

99 3945 256 3992 sororum
273 3945 457 4006 pauperum
480 3927 740 3994 mendicantium
765 3930 896 3991 Sanctae
1199 3889 1443 3953 CAPITULUM
1472 3891 1498 3952 1·

99 4025 210 4089 Clarae
226 4027 297 4090 aB.
309 4027 490 4089 Francisco
506 4026 607 4100 aditet,
624 4029 657 4089 et
669 4025 711 4088 ab
726 4029 897 4088 innocen·-
990 4028 1028 4088 ln
1043 4025 1178 4086 nomine
1192 4023 1334 4086 Domini.
1351 4025 1467 4085 Amen.
1486 4023 1607 4100 Incipit
1620 4024 1748 4100 Regula
1818 4027 1820 4030 ’

98 4123 145 4186 tio
164 4125 209 4185 IV
219 4123 557 4186 confirmatasldem
569 4123 704 4194 ibidem,
715 4122 777 4184 col.
789 4125 820 4196 3,
836 4138 897 4186 re·
951 4125 984 4187 et
998 4124 1104 4186 forma
1118 4122 1195 4183 vitae
1215 4119 1350 4184 Ordinis
1370 4123 1528 4182 Sororum
1552 4136 1746 4199 pauperum,

98 4220 184 4298 petit
198 4221 234 4282 in
250 4221 392 4298 princip.
408 4221 557 4297 Regulae,
577 4222 610 4284 et
629 4221 670 4282 ad
686 4219 784 4282 linem
800 4223 896 4298 ejus·
951 4235 1024 4297 quaa
1039 4216 1172 4296 quidem
1194 4217 1244 4277 est
1265 4217 1418 4278 sanctum
1437 4215 1654 4292 Evangelium
1676 4219 1746 4280 Do-

99 4317 189 4390 dem,
210 4317 265 4378 fol.
291 4319 342 4390 28,
368 4318 431 4380 col.
458 4317 487 4389 1,
515 4318 649 4380 modurn
675 4317 895 4397 professionis
950 4315 1033 4378 mini
1048 4313 1154 4376 nostri
1165 4315 1245 4374 Jesu
1261 4312 1384 4388 Christi
1396 4311 1588 4384 observare,
1603 4315 1747 4378 vivendo

99 4415 324 4478 Clarissarum
355 4416 471 4492 primae
493 4415 629 4492 Regulae
660 4416 797 4494 apponit
822 4416 894 4476 ita:
950 4415 986 4476 in
1005 4411 1207 4483 obedientia,
1226 4411 1299 4472 sine
1317 4411 1463 4488 proprio,
1486 4413 1519 4472 et
1532 4411 1568 4471 in
1583 4412 1763 4474 castitate.

98 4515 196 4590 «Ego
208 4515 352 4576 sororN.
360 4527 477 4585 voveo,
486 4515 519 4576 et
528 4514 685 4590 promitto
696 4516 775 4583 Deo,
785 4515 820 4574 Β.
828 4514 897 4574 bla-
950 4511 1047 4574 Clara
1062 4508 1200 4585 indigna
1213 4507 1337 4569 ancilla
1350 4507 1473 4570 Christi
1486 4509 1649 4585 promittit
1663 4508 1746 4572 obe·

99 4611 160 4672 riae
182 4610 325 4685 virgini,
351 4612 428 4682 etc,
448 4610 517 4672 toto
541 4613 689 4686 tempore
713 4611 789 4673 vitae
813 4623 895 4672 meae
950 4609 1109 4671 diantiam
1132 4607 1165 4668 et
1186 4604 1409 4667 reverentiam
1424 4605 1557 4666 domino
1573 4608 1672 4682 Papae
1690 4609 1747 4666 In-

99 4723 236 4770 servare
259 4706 401 4770 formam
424 4708 502 4770 vitae
534 4723 687 4770 sororum
711 4722 896 4784 pauperum
950 4705 1124 4775 nocentia,
1149 4719 1188 4764 ac
1212 4701 1462 4763 successoribus
1484 4704 1557 4777 ejus
1583 4703 1745 4764 canonice

101 4805 233 4868 Sanctae
249 4804 367 4877 Clarae,
382 4820 442 4882 per
454 4804 607 4866 eumdem
622 4807 658 4865 B.
681 4805 895 4867 Franciscum
950 4801 1165 4873 intrantibus,
1185 4801 1218 4862 et
1237 4799 1395 4862 Ecclesiae
1413 4801 1582 4860 Romanae.
1606 4801 1645 4861 Et
1658 4800 1747 4866 sicut

100 4903 209 4964 eidem
225 4903 355 4966 Sanctae
378 4901 485 4962 Clarae
511 4902 678 4974 traditam,
696 4902 730 4963 et
751 4917 810 4980 per
831 4902 894 4963 do·
950 4901 985 4961 in
998 4889 1161 4976 principio
1176 4896 1406 4959 conversionis
1421 4911 1507 4968 suae,
1523 4912 1589 4957 una
1602 4913 1676 4959 cum
1689 4913 1746 4961 so·

99 5001 228 5061 minum
249 4999 481 5062 Innocentium
506 5002 630 5076 Papam
657 5001 701 5060 IV
724 4998 894 5076 approba·
949 4996 1081 5059 roribus
1107 4995 1188 5066 soie,
1218 4993 1371 5072 promisit
1390 4992 1612 5054 obedientiam
1635 4996 1746 5058 Fratri

99 5099 180 5170 mm,
195 5097 351 5170 vivendo,
376 5097 438 5159 etc.
456 5095 576 5158 »Idem
592 5096 682 5157 clare
700 5096 799 5158 habet
823 5097 895 5173 ipse
949 5093 1139 5165 Francisco,
1154 5092 1201 5154 ita
1216 5090 1366 5152 eamdem
1382 5089 1545 5168 promittit
1562 5092 1744 5154 inviolabi-

99 5195 213 5257 lnnoo.
225 5196 281 5268 IV,
292 5195 327 5257 in
339 5193 610 5271 proaemiossullaa
630 5194 894 5256 confirmationis
949 5192 1026 5253 liter
1044 5189 1222 5252 observare
1241 5186 1492 5268 successoribus
1508 5189 1589 5248 suis.
1611 5191 1653 5252 lit
1669 5190 1746 5252 alim

99 5293 248 5369 ejusdem
268 5291 420 5368 Regulae;
443 5291 529 5370 quod
552 5291 638 5353 etin
666 5291 763 5353 titulo
787 5291 894 5351 eidem
950 5285 1747 5361 sororesteneantursempersuccessorihusfra·

100 5389 204 5451 Bullaa
220 5389 431 5467 superposito
453 5389 574 5452 asserit
593 5390 748 5451 Laertius
762 5389 894 5450 Charu—
950 5386 1010 5448 tris
1032 5383 1204 5446 Francisci
1225 5384 1259 5444 et
1284 5382 1394 5444 sorori
1416 5381 1533 5455 Clarae,
1550 5384 1583 5444 et
1597 5383 1673 5445 aliis
1686 5384 1747 5445 ab·

100 5485 182 5560 bin„
205 5487 283 5550 tom.
313 5489 341 5560 l,
367 5487 420 5548 sui
446 5485 551 5558 Bull.,
587 5486 718 5548 constit.
751 5489 809 5558 12,
833 5484 894 5546 sub
948 5482 1083 5544 batissis
1111 5479 1272 5542 canonice
1299 5479 1415 5542 electis
1435 5479 1466 5542 ei
1491 5479 1745 5542 succedentibus

101 5585 214 5645 lnnoc.
225 5587 278 5645 IV.
291 5587 329 5646 nt
342 5599 401 5662 pro
412 5584 567 5654 omnibus.
579 5584 725 5659 eJusdem
738 5585 772 5646 B.
786 5585 894 5645 Clarae
950 5577 1095 5641 obedire.
