4184 6410
138 322 197 388 aaa
616 319 620 326 ’
706 319 1028 424 raonnoouuus.
1044 325 1206 400 -vrra
1720 311 1780 380 554

138 485 175 544 P.
197 481 292 544 Vixit
333 495 440 544 annos
480 481 607 556 LXVII,
643 479 715 543 dies
750 485 806 544 IX.
843 483 932 546 Obiit
986 484 1113 562 possit:
1130 483 1163 544 et
1176 483 1226 544 est
1237 482 1339 544 tantae
1351 482 1388 543 in
1400 480 1487 542 banc
1503 495 1608 558 usque
1623 477 1710 540 diem
1726 492 1780 539 ve-

137 581 227 641 XVll
242 578 405 640 kalendas
418 580 534 656 aprilis
549 580 695 641 MDLIII.
710 595 729 640 a
986 580 1169 643 necationis
1183 581 1252 642 tam
1267 579 1353 658 apud
1373 577 1563 646 Patavinos,
1579 591 1678 652 quam
1691 574 1779 651 apud

177 704 216 762 pn
237 701 353 763 gadem
372 703 514 764 ecclesia
539 701 575 763 in
598 702 731 763 sublimi
753 717 831 764 „ca
851 717 933 764 con·
986 691 1100 738 omnes
1125 678 1258 738 exteras
1284 675 1449 745 nationes,
1471 673 1507 734 ut
1528 673 1624 732 multi
1649 687 1716 734 non
1737 687 1780 732 ex

136 799 243 862 ditum
277 813 398 875 corpus
427 799 578 861 Rainerii
611 797 732 861 summi
755 800 929 877 juriscon-
986 774 1157 850 Hispaniis
1194 773 1334 844 tantum,
1364 772 1421 833 aut
1455 787 1498 832 01
1535 768 1779 845 Ulissiponensi

137 896 228 969 sulti,
243 895 369 957 Bartoli
385 896 616 972 praeceptoris;
639 893 788 972 subjecto
804 896 930 956 heroici
986 871 1078 943 urbe,
1100 873 1134 933 Oi
1158 869 1373 944 P0lil¹g³¹iiae
1395 883 1508 943 l⁰g¹102
1534 866 1591 928 ³011
1611 867 1712 927 eiiam
1736 880 1779 926 01

137 992 297 1054 carminis
312 992 493 1069 epitaphio,
510 993 543 1054 01
564 993 598 1053 qn
614 993 791 1070 capitulari
811 993 881 1054 ΜΘ
895 993 930 1054 in
986 968 1093 1029 Gallia
1107 969 1139 1030 et
1150 983 1193 1029 ex
1203 968 1343 1043 utraque
1359 966 1535 1028 Germania
1550 964 1632 1025 illuc
1644 963 1776 1034 abeant,

137 1089 316 1166 magnifico
333 1089 514 1152 mausolaeo
530 1090 606 1152 ante
625 1105 718 1152 aram
738 1089 844 1151 incisa
860 1089 931 1151 baec
985 1065 1043 1143 ‘1¹¹i
1066 1064 1225 1142 templum
1245 1063 1309 1124 ¹¹⁰⁰
1332 1065 1366 1124 ei
1391 1061 1498 1124 ⁸³¹¹⁰ii
1522 1062 1596 1123 Viri
1617 1059 1783 1138 filiium

136 1185 249 1249 brevis
264 1185 459 1264 inscriptio,
985 1161 1182 1240 suppliciter
1204 1161 1417 1222 venerentur.
1444 1157 1659 1220 Sebastianus
1681 1157 1779 1218 Lusi-

508 1322 515 1334 ,
611 1279 616 1294 ·
804 1323 810 1336 ,
985 1260 1086 1321 taniae
1110 1274 1182 1331 rex,
1210 1259 1244 1320 et
1272 1257 1465 1334 Margarita
1497 1255 1673 1316 austriaca
1697 1254 1780 1314 Phi·
1857 1245 1862 1254 “

157 1321 290 1384 cmm
299 1319 631 1394 mmmmm
644 1322 742 1382 Am·
754 1333 911 1395 ipw⁰⁰p⁰
985 1356 1066 1434 lippi
1083 1359 1128 1418 lll
1143 1359 1277 1433 conjux,
1292 1370 1332 1416 eo
1345 1353 1551 1415 ducebantur
1566 1367 1646 1428 erga
1660 1351 1777 1412 Virum

422 1417 642 1478 iamiam·
986 1453 1135 1514 sanctum
1150 1452 1283 1524 affectu,
1309 1452 1346 1512 ut
1365 1450 1452 1528 apud
1475 1448 1641 1511 sereniss.
1663 1449 1777 1508 Vene-

177 1548 291 1610 Multae
312 1549 490 1610 servantur
512 1548 547 1609 in
572 1547 671 1626 adyto
693 1563 752 1609 seu
776 1547 930 1610 sacristia
984 1552 1095 1612 torum
1107 1549 1256 1626 rempub.
1277 1548 1443 1610 instanter
1462 1546 1593 1622 egerint
1608 1561 1668 1622 pro
1686 1544 1777 1606 obti-

137 1647 329 1708 sanctorum
353 1645 518 1723 reliquiae,
541 1647 575 1708 et
591 1645 743 1722 supellex
761 1660 858 1706 sacra
880 1646 932 1705 lo·
984 1647 1093 1708 nenda
1116 1634 1497 1723 aliquali'reliquiarum
1521 1644 1670 1722 ejusdem
1694 1657 1777 1719 par·

136 1744 378 1822 cupietissima,
399 1759 464 1821 qua
487 1745 647 1821 majorem
671 1758 785 1820 paucae
808 1742 933 1804 babent
982 1743 1086 1805 ticula
1102 1743 1175 1818 regi
1188 1743 1289 1804 missa
1302 1741 1433 1803 brachii
1446 1757 1523 1818 pars
1538 1757 1593 1802 an.
1613 1741 1701 1802 1570.
1717 1741 1780 1801 Re·

135 1841 299 1902 ecclesiae.
327 1843 446 1902 Decem
472 1839 575 1903 babet
599 1855 716 1901 cruces
739 1842 928 1918 argenteas,
984 1839 1174 1916 ginaeanno
1199 1840 1290 1907 1610,
1317 1853 1395 1914 pars
1414 1838 1519 1899 altera
1544 1851 1714 1898 concessa.
1740 1839 1778 1896 ln

136 1938 266 2000 statuas
280 1937 449 1999 sexdecim
465 1939 667 2008 sanctorum,
686 1937 810 1998 calices
826 1937 929 2014 quin·
984 1936 1099 2014 templi
1115 1935 1280 1998 vestibulo
1295 1951 1396 2014 supra
1418 1951 1531 1996 arcum
1554 1935 1659 2011 portae
1681 1934 1779 1995 Occi-

136 2035 307 2112 quaginta,
331 2049 470 2097 aureum
498 2051 600 2096 unum
624 2033 723 2111 pretii
751 2049 930 2096 aureorum
984 2033 1128 2096 dentalis
1151 2033 1307 2111 leguntur
1328 2033 1399 2095 baec
1418 2034 1548 2095 vetusta
1571 2033 1602 2094 el
1626 2031 1778 2109 impolita

134 2131 391 2208 quingentorum
436 2131 574 2208 viginti,
622 2131 839 2214 tabernacula
873 2146 931 2190 ar·
985 2132 1145 2193 carmina.

134 2229 255 2304 gentea
276 2228 342 2290 tria
364 2229 504 2304 majora,
525 2229 654 2294 minora
674 2227 741 2288 alia
765 2243 824 2306 pro
847 2241 930 2289 con·

133 2324 310 2387 servandis
322 2326 513 2387 sanctorum
526 2325 677 2402 reliquiis
689 2325 838 2400 triginta,
855 2339 931 2386 can·

132 2421 273 2483 delabra
300 2437 421 2532 magna
448 2422 573 2494 decem‘
589 2421 772 2534 ‚lampades
794 2421 927 2494 mniias'
1001 2473 1086 2546 CuJ'us
1097 2473 1133 2531 ad
1150 2472 1312 2546 exemplum
1323 2480 1467 2531 sacratum
1481 2472 1565 2530 visita
1581 2471 1741 2545 Templum,

133 2518 194 2580 sed
210 2534 310 2580 unam
325 2535 496 2580 immensae
518 2519 627 2591 mohs,
644 2520 771 2580 statuas
791 2533 835 2580 ex
852 2519 929 2580 roto
1037 2562 1127 2635 Expla
1142 2577 1219 2619 nune
1233 2568 1299 2619 vom
1322 2560 1437 2618 ,oemim
1454 2561 1553 2634 virque
1568 2567 1645 2618 noto.

133 2614 264 2677 oblatas
280 2616 417 2693 majoris
433 2614 591 2692 ponderis
612 2617 764 2693 quatuor,
788 2615 928 2677 minoris
1000 2651 1084 2708 Nunc
1098 2657 1200 2723 regna,
1214 2603 1331 2722 plen&
1340 2650 1389 2722 qul
1403 2649 1472 2706 vixit
1487 2663 1606 2721 pauper,
1618 2648 1741 2722 ,genu-s,
1845 2700 1852 2716 .

133 2711 271 2788 triginti
286 2727 417 2784 ¹¹⁰V⁰mv
441 2711 572 2774 tabum
594 2711 770 2787 arginieas
790 2714 926 2788 septem,
1019 2736 1181 2811 ‘llispanus
1195 2739 1321 2812 genitus,
1337 2736 1442 2796 Paduoe
1455 2737 1518 2795 tulit
1536 2751 1600 2795 csse
1614 2737 1743 2795 colonus.

133 2823 254 2870 narem
275 2808 440 2884 integram
461 2807 613 2869 omnibus
630 2809 846 2870 armamentis
868 2824 927 2870 or-

133 2907 265 2982 natam3
303 2905 447 2967 statuam
473 2920 640 2992 magnam,
667 2905 776 2966 ideam
804 2904 927 2983 praele—
1023 2907 1170 2970 Probant
1197 2907 1271 2970 haec
1302 2905 1504 2968 laudabilem
1536 2906 1775 2968 Patavinorum

133 3001 261 3064 rentem
278 2991 370 3064 urbis
392 3003 576 3075 Patavinae,
595 3003 721 3080 ‚praeter
741 3003 842 3068 aliam
864 3003 929 3063 ml·
982 3003 1218 3081 gratitudinem
1233 3020 1314 3081 erga
1329 3005 1479 3066 sanctum
1491 3005 1600 3066 virum
1616 3003 1658 3069 ob
1672 3002 1777 3065 bene-

133 3101 250 3160 nutam
282 3099 521 3177 supellectilem
554 3100 692 3162 multam
724 3100 835 3162 nimis.
860 3101 928 3162 Ad·
983 3102 1058 3164 licia
1072 3104 1219 3180 accepta,
1235 3104 1268 3164 et
1282 3103 1449 3179 praecipue
1468 3101 1509 3162 ob
1529 3101 1703 3162 liberatam
1720 3102 1776 3160 cl-

132 3211 257 3259 nexum
285 3197 525 3260 monasterium
551 3197 682 3274 patrum
722 3199 927 3260 conventua-
982 3199 1129 3271 ritatem,
1145 3215 1248 3277 quare
1263 3200 1450 3277 praeparato
1470 3199 1649 3260 mausolaeo
1667 3198 1776 3260 exbu-

132 3294 227 3368 lium,
241 3294 467 3370 gratissimum
483 3297 542 3366 est,
560 3295 595 3356 in
611 3310 676 3372 quo
691 3295 779 3357 ultra
794 3295 926 3357 centum
982 3299 1067 3359 mari
1097 3298 1161 3359 boc
1194 3312 1282 3358 anno
1310 3298 1423 3359 Sancti
1455 3296 1528 3358 Viri
1563 3298 1708 3373 Corpus,
1743 3297 1775 3358 et

132 3393 391 3464 commorantur,
409 3393 446 3454 ut
460 3391 626 3469 publicam
641 3392 787 3455 retinent
798 3393 928 3454 Acade-
982 3394 1152 3458 decentius
1162 3395 1299 3457 recondi
1318 3395 1506 3456 voluerunt.
1529 3395 1615 3455 Huic
1628 3394 1776 3455 transla-

130 3487 233 3549 miam
248 3488 437 3551 liberalium
453 3489 576 3550 artium
591 3489 625 3550 et
639 3489 829 3566 theologiae.
847 3490 927 3566 Opi·
980 3494 1063 3556 tioni
1080 3508 1207 3555 summa
1230 3493 1439 3555 solemnitate
1450 3495 1593 3569 peraetae
1608 3492 1642 3552 in
1657 3493 1775 3554 octava

131 3601 205 3647 mos
219 3585 319 3648 habet
330 3586 403 3648 baec
418 3586 507 3647 aedes
520 3585 680 3658 redditus,
696 3586 732 3646 in
746 3586 927 3664 eademque
982 3591 1250 3652 Resurrectionis
1264 3591 1446 3651 Dominicae
1465 3591 1528 3650 Vll
1540 3590 1618 3649 ldus
1636 3589 1773 3665 Aprilis,

130 3683 257 3746 residet
275 3683 449 3760 pravitatis
470 3681 638 3744 haereticae
657 3683 847 3760 inquisitor,
870 3685 927 3761 qui
981 3686 1133 3750 interluit
1142 3687 1472 3764 generalisminister
1485 3687 1517 3746 S.
1528 3688 1772 3758 Bonaventura,

131 3797 177 3843 ex
191 3779 402 3843 minoritisin
416 3781 476 3842 illa
491 3780 571 3841 urbe
587 3795 717 3857 semper
732 3781 924 3843 assumitur.
982 3783 1039 3860 qui
1053 3783 1141 3844 inter
1156 3782 1295 3844 effossas
1309 3797 1424 3842 sacras
1442 3781 1603 3858 reliquias
1622 3781 1775 3857 linguam

172 3879 288 3957 Neque
315 3881 463 3956 tempore
490 3878 663 3952 decrescit,
699 3877 758 3939 sed
785 3877 821 3938 in
856 3878 926 3939 dies
981 3879 1054 3940 Viri
1064 3879 1170 3940 sancti
1180 3861 1318 3954 triginta
1333 3878 1416 3940 duos
1431 3893 1536 3938 annos
1547 3893 1621 3937 cum
1637 3894 1776 3956 corpore

130 3976 239 4052 magis
274 3976 416 4052 augetur
449 3975 550 4053 buJus
585 3975 667 4036 aedis
702 3976 860 4052 majestas
894 3976 928 4037 et
981 3976 1162 4048 humatam,
1177 3975 1350 4037 rubentem
1366 3974 1474 4037 adbuc
1487 3976 1519 4036 et
1533 3974 1696 4053 integram
1712 3976 1775 4037 ad-

131 4074 304 4151 splendor;
331 4075 379 4135 ita
403 4073 549 4134 meretur
583 4072 821 4134 miraculorum
852 4072 925 4134 sre-
981 4073 1179 4136 mirabiliter
1192 4075 1370 4150 repertam,
1382 4073 1414 4134 et
1426 4072 1618 4134 reverenter
1632 4088 1705 4134 cum
1720 4073 1774 4134 la-

131 4171 270 4250 quentia
291 4172 325 4233 et
346 4170 551 4246 magnitudo,
575 4186 649 4248 quae
668 4169 706 4231 in
726 4170 813 4231 hanc
838 4170 925 4232 diem
981 4171 1127 4250 cbrymis
1140 4173 1309 4248 acceptam
1324 4171 1380 4250 pio
1395 4169 1458 4232 hoc
1469 4170 1639 4232 decoravit
1648 4171 1774 4248 elogio:

131 4268 175 4330 ob
199 4267 329 4341 merita,
354 4269 387 4329 et
407 4266 682 4329 intercessionem
704 4267 804 4344 hujus
828 4283 927 4328 sanc-
982 4272 1138 4346 odioque
1153 4269 1585 4342 bencdtclolquaeseocpcr
1598 4271 1710 4330 Deum
1725 4271 1777 4330 bc-

130 4361 253 4425 iissiffli
278 4361 356 4435 Viri,
386 4363 454 4422 1³00
477 4361 525 4424 iia
552 4361 696 4433 volente,
731 4361 923 4437 perdurant.
980 4368 1168 4441 cedtcisti,
1198 4367 1231 4428 ct
1257 4369 1343 4428 alios
1374 4367 1574 4428 berzediccrc
1603 4367 1775 4438 documii,

131 4459 302 4532 Quatenus
316 4459 416 4520 tantae
438 4459 496 4520 rei
511 4473 572 4534 per
596 4459 788 4520 universum
813 4457 925 4520 orbem
981 4463 1632 4538 communicateapparatuappparatu
1644 4465 1776 4538 suerint

129 4558 298 4619 terrarum
324 4556 371 4617 ita
397 4555 496 4631 longe
519 4555 652 4632 lateque
675 4555 765 4617 fama
790 4572 927 4633 percre-
980 4565 1186 4639 erancum
1200 4563 1372 4634 obsequio.
1389 4562 1493 4631 Quam
1511 4559 1628 4621 devote
1643 4560 1776 4620 oscula·
1819 4631 1824 4646 ι

130 4654 215 4728 buit,
249 4655 286 4716 ut
316 4652 500 4715 christiana
538 4652 657 4728 religio
691 4653 833 4715 alterum
867 4669 928 4731 pa·
980 4661 1034 4721 tus
1062 4657 1199 4720 tranauit
1228 4656 1448 4734 opumaunus
1473 4655 1646 4717 patavinis
1674 4656 1775 4732 digna

130 4753 266 4816 monum
289 4750 349 4812 vix
375 4747 497 4811 haheat
532 4751 654 4827 praeter
678 4749 926 4812 immaculatam
980 4756 1078 4818 theca
1092 4754 1328 4832 reponendam.
1438 4821 1439 4824 Ἴ
1877 4747 1879 4753 ’

130 4848 303 4925 Virginem
328 4845 387 4908 Dei
413 4845 731 4938 matremMariam,
762 4862 860 4923 quem
885 4846 926 4909 ob
1020 4855 1135 4930 Neque
1146 4850 1355 4913 hicsnbstitit
1365 4847 1776 4921 civiumvoneratio‚ultra

132 4945 325 5026 quotidiana
349 4943 512 5006 miracula
536 4943 615 5005 huie
637 4947 676 5004 D·
699 4944 845 5005 Antonio
867 4960 926 5021 pro
981 4951 1104 5012 etenim
1127 4949 1280 5026 superius
1302 4947 1438 5008 narrata
1461 4946 1608 5007 decrevit
1627 4946 1774 5024 Respub.

132 5044 223 5106 cultu
234 5042 418 5122 praeponat,
431 5041 727 5120 quemvetiOflariiS
737 5041 924 5114 ditioribus,
982 5064 1069 5110 anno
1083 5049 1173 5119 1265,
1190 5047 1227 5108 ut
1241 5045 1356 5107 eadem
1372 5043 1480 5106 cultus
1496 5042 1705 5107 solemnitate
1721 5061 1778 5107 ce-

131 5143 191 5203 aut
211 5139 459 5202 ardentioribus
491 5138 647 5217 precibus
672 5153 732 5216 pro
762 5139 870 5202 salute
890 5139 926 5200 in
981 5145 1169 5208 lebraretur
1183 5142 1320 5214 festum,
1344 5143 1443 5218 atque
1463 5139 1539 5203 sesti
1561 5141 1633 5202 dies
1653 5143 1776 5206 Octava

132 5236 288 5300 maximis
303 5237 463 5314 periculis
478 5235 687 5314 impetranda
703 5234 854 5298 crebrius
873 5237 928 5298 in·
982 5242 1117 5319 propter
1132 5239 1301 5302 obtentum
1321 5253 1360 5299 eo
1376 5236 1430 5298 die
1445 5237 1616 5315 singulare
1639 5239 1778 5301 liberta-

131 5336 297 5414 terpellet.
314 5337 423 5407 Quare
441 5335 560 5397 merito
573 5333 652 5394 huic
672 5334 755 5395 Divo
775 5335 842 5396 tam
858 5350 928 5398 ,au-
982 5338 1025 5401 tis
1040 5337 1237 5400 beneficium
1254 5358 1262 5395 :
1278 5335 1315 5397 ut
1327 5335 1361 5396 in
1378 5333 1509 5412 publico
1520 5334 1592 5396 loro
1603 5334 1689 5398 binae
1705 5338 1778 5398 eri-

131 5437 278 5512 gustum,
306 5433 405 5509 atque
430 5431 564 5506 insigne
593 5429 753 5508 templum
779 5431 927 5493 erectum
982 5438 1141 5513 gerentur
1160 5434 1329 5496 hincinde
1342 5432 1472 5506 statua,
1496 5448 1563 5494 una
1579 5436 1615 5494 S.
1628 5434 1775 5506 Antonii,

131 5534 194 5606 est,
211 5531 247 5592 ut
260 5529 349 5592 inter
363 5528 695 5605 magnificentissima
710 5528 813 5592 totius
835 5530 927 5592 orbis
983 5533 1088 5595 altera
1105 5534 1138 5594 S.
1151 5529 1370 5601 Prosdocimi,
1387 5531 1494 5592 sancti
1505 5531 1596 5593 Petri
1607 5530 1775 5607 discipuli,

132 5627 287 5700 aedilicia,
315 5627 376 5692 ‹vel
408 5625 613 5704 praecipuum
637 5626 824 5690 existimari
849 5630 927 5706 jure
985 5627 1779 5708 etprimiepiscopi.ratavini;etdiosoctoante,

1002 2297 1078 2355 llille
1092 2295 1221 2354 ducentis
1235 2310 1293 2354 uno
1303 2303 1434 2354 currente
1448 2296 1577 2370 trigenis.

1037 2385 1179 2442 Antonius
1194 2383 1279 2442 irater
1294 2385 1372 2442 venit
1386 2383 1421 2442 ed
1437 2385 1492 2442 alta
1513 2391 1616 2457 pater:
