4184 6410
305 310 367 372 583
726 312 758 372 S.
786 311 961 374 ANTONII
989 311 1178 386 annuntii
1208 311 1346 374 OPERA
1374 310 1522 374 omnia.
1558 317 1563 322 '
1887 313 1954 378 584

306 467 369 532 bus
384 469 500 532 contra
516 483 628 546 regem
647 467 757 544 Moab,
774 471 810 532 ut
824 470 966 535 babetur
978 471 1097 548 quarto
1153 469 1320 534 daemones
1343 470 1458 534 dicunt
1477 492 1486 534 :
1508 485 1601 543 uww
1612 486 1720 549 ilerde
1734 475 1953 548 adpraedcm

306 568 444 646 ¹Regum,
461 566 534 641 regi
552 565 707 630 uidelicet
726 567 839 640 ildom,
861 567 932 643 regi
953 567 1049 638 luda,
1066 567 1099 629 et
1153 570 1263 630 Moab.
1299 569 1369 630 Hoc
1393 570 1444 631 est
1467 567 1554 645 quod
1584 566 1707 632 dicitur
1733 569 1795 633 Job
1825 567 1870 650 (3,
1886 570 1921 650 8)
1941 588 1951 626 :

304 663 377 739 regi
398 663 512 724 lsrael.
539 665 604 724 Per
626 665 694 726 tres
709 679 806 742 roges
821 664 961 742 quilibet
986 665 1096 738 bomo,
1153 663 1468 738 «maledicamini,
1490 665 1547 742 qui
1567 665 1771 730 maledicunt
1787 666 1866 740 diei,
1890 668 1952 746 qui

305 759 362 837 qui
376 761 412 820 in
426 758 533 822 tribus
547 758 632 822 bene
647 776 683 821 se
698 762 794 838 regit,
811 761 1021 837 intelligitur.
1036 761 1098 832 Qui
1153 762 1262 836 parati
1281 762 1359 824 sunt
1379 762 1543 826 suscitare
1562 762 1758 826 Leviathun.
1781 780 1799 824 s
1817 766 1952 835 Quanto

304 857 395 922 enim
418 857 565 918 membra
589 873 650 919 sua
673 857 720 920 ita
743 859 842 934 regit,
865 860 902 920 ut
925 859 992 920 sint
1005 873 1097 919 arma
1153 857 1241 920 enim
1256 858 1378 935 aliquis
1393 858 1434 919 ad
1449 858 1571 920 bonum
1584 861 1855 936 properattanto
1870 875 1952 922 eum

299 953 440 1034 justitiae
455 954 490 1016 in
504 954 656 1027 salutem,
673 970 735 1016 rex
746 957 797 1017 est
817 955 930 1016 Edom.
954 954 1016 1029 Qui
1036 971 1099 1015 au·
1153 954 1304 1017 diabolus
1317 971 1466 1032 pugnare
1477 971 1544 1018 non
1560 959 1681 1018 cessat.

303 1054 369 1116 tom
385 1051 578 1113 interiorem
600 1052 727 1129 partem
742 1053 895 1124 rationis,
916 1052 1002 1114 idest
1015 1068 1097 1114 sen·
1193 1053 1349 1130 Sequitur
1363 1069 1371 1114 :
1387 1053 1433 1114 nt
1453 1067 1560 1128 super
1576 1059 1740 1130 poputum
1762 1055 1860 1116 tuum
1884 1057 1950 1118 be-

304 1148 495 1210 sualitatem
510 1149 557 1210 ita
572 1149 669 1224 regit,
687 1151 724 1211 ut
744 1149 911 1226 superiori
926 1149 1095 1221 consonet,
1152 1151 1298 1212 nedictto
1312 1151 1384 1212 tua.
1399 1149 1461 1211 illa
1477 1149 1590 1226 utique
1605 1149 1805 1223 benedictio,
1822 1151 1866 1214 de
1880 1167 1952 1228 qua

302 1260 366 1308 rex
386 1247 437 1307 θεῖ
456 1245 554 1307 luda.
581 1247 644 1317 Qui
659 1247 866 1324 superiorem
884 1245 932 1308 ita
949 1245 1046 1325 regit,
1062 1247 1098 1308 ut
1151 1246 1399 1311 Deuteronomii
1419 1245 1484 1326 (33,
1504 1245 1555 1326 16)
1569 1263 1577 1308 :
1592 1263 1612 1308 c
1627 1247 1818 1310 Benedictio
1840 1249 1950 1322 illius,

302 1344 457 1405 versetur
479 1343 570 1404 circa
596 1358 649 1416 ea,
674 1358 748 1420 quae
771 1359 904 1406 sursum
925 1344 1014 1415 sunt,
1030 1357 1097 1404 non
1152 1344 1207 1420 qni
1230 1343 1385 1421 apparuit
1408 1344 1443 1405 in
1464 1343 1559 1416 rubo,
1582 1345 1697 1407 veniat
1720 1361 1821 1424 super
1844 1349 1951 1424 caput

304 1455 378 1518 quae
391 1440 638 1518 superterram,
653 1455 715 1503 rex
738 1441 843 1501 israel
859 1443 919 1502 est.
939 1439 1098 1516 Huicigi-
1151 1441 1286 1518 loseph,
1308 1441 1343 1502 et
1363 1456 1465 1518 super
1484 1441 1643 1504 verticem
1665 1443 1864 1504 Nazaraei.»
1883 1443 1950 1516 Qui

302 1540 368 1610 tur,
385 1537 442 1616 qui
456 1538 492 1612 in
507 1537 560 1599 his
575 1537 683 1601 tribus
696 1552 733 1598 se
747 1537 831 1599 bene
844 1537 941 1614 regit,
956 1537 1098 1599 salutem
1151 1536 1306 1614 apparuit
1324 1537 1360 1596 in
1382 1535 1466 1597 rubo
1487 1535 1579 1608 dicit,
1600 1551 1668 1596 non
1688 1536 1725 1596 in
1744 1536 1873 1612 angelo
1889 1535 1949 1614 qui

300 1633 522 1698 facitllliseus
535 1650 646 1707 varus,
662 1635 791 1697 scilicet
804 1635 956 1697 Christus
982 1635 1097 1696 contra
1152 1634 1306 1711 apparuit
1326 1632 1480 1706 Abrahae,
1505 1634 1539 1695 et
1561 1631 1674 1694 multis
1695 1632 1784 1706 aliis,
1809 1635 1949 1710 propter

301 1748 414 1810 regam
428 1732 538 1806 Moab,
556 1732 640 1796 idest
652 1732 831 1804 diabolum,
851 1723 1032 1794 secundum
1049 1731 1096 1801 id,
1151 1729 1440 1806 significationem.
1461 1730 1499 1791 ln
1520 1729 1730 1808 apparitione
1744 1729 1833 1791 enim
1853 1730 1947 1806 ignis

302 1832 340 1893 ut
364 1830 488 1908 legitur
510 1829 596 1906 quod
635 1829 720 1892 dixit
753 1829 883 1890 Eliseus
906 1850 915 1890 :
942 1845 961 1888 c
984 1828 1097 1890 Facite
1151 1826 1186 1888 in
1209 1826 1292 1889 rubo
1316 1825 1541 1904 significatum
1564 1827 1615 1889 θεῖ
1635 1826 1781 1904 qualitor
1803 1842 1947 1890 conscr-

304 1926 436 1990 alvoum
474 1925 633 1988 torrentis
675 1925 776 2004 hujus
815 1925 923 1987 fossas
958 1927 992 1988 et
1023 1924 1095 1987 ios·
1151 1925 1207 1986 vat
1224 1925 1384 1986 Dominus
1405 1940 1483 1987 suos
1502 1924 1538 1986 in
1557 1923 1786 1987 tribulatione.
1803 1925 1894 2000 Ignis
1908 1925 1947 1984 in

302 2039 385 2086 sas»
407 2021 467 2104 (1).
499 2024 623 2085 Alveus
652 2023 811 2086 torrentis
832 2039 926 2084 mens
947 2023 1008 2095 θεῖ,
1038 2037 1097 2100 par
1151 2021 1235 2084 rubo
1261 2020 1410 2094 ardebat,
1436 2021 1493 2083 sed
1515 2036 1583 2082 non
1606 2020 1844 2083 comburebat:
1870 2024 1948 2082 erat

303 2137 403 2201 quarn
418 2121 511 2198 jngis
527 2121 658 2182 torrens
678 2120 903 2199 lacrymarum
926 2119 1060 2182 emanat
1086 2140 1094 2180 :
1151 2119 1238 2181 onim
1254 2134 1321 2180 non
1339 2118 1382 2180 ad
1403 2118 1700 2196 consumptionem,
1720 2117 1778 2180 sed
1798 2117 1841 2179 ad
1858 2118 1946 2179 illu-

302 2219 359 2280 sed
375 2217 572 2296 quandoque
594 2216 752 2280 deliciunt
774 2232 870 2296 aquas
895 2217 979 2278 istae.
1000 2217 1097 2278 iere-
1150 2217 1377 2278 minutionem.
1407 2214 1462 2277 Sic
1486 2217 1519 2278 et
1544 2216 1627 2278 viris
1648 2216 1750 2293 justis
1770 2214 1948 2278 tribulatio

301 2315 378 2378 miaa
409 2313 476 2395 (31,
506 2313 541 2394 9)
567 2335 576 2376 :
603 2332 622 2375 c
651 2317 689 2376 ln
717 2313 798 2376 lietu
822 2313 970 2386 venient,
1001 2314 1034 2374 et
1060 2313 1096 2373 in
1150 2313 1239 2376 valet
1252 2309 1297 2375 ad
1314 2311 1582 2385 illuminandum,
1598 2329 1667 2374 non
1685 2312 1727 2374 ad
1742 2328 1949 2374 consumen-

302 2411 533 2476 misericordia
563 2411 721 2474 reducam
747 2427 805 2472 eos
838 2427 899 2488 per
931 2410 1095 2472 torrentes
1150 2411 1238 2472 dum.
1254 2409 1445 2472 Benedictio
1467 2411 1539 2472 baec
1558 2415 1608 2472 θεῖ
1629 2425 1735 2486 super
1755 2409 1860 2484 caput
1879 2413 1947 2471 Jo-

302 2524 477 2590 aquarum.
492 2525 512 2569 s
526 2509 762 2570 Deficientibus
787 2509 897 2570 autom
921 2507 975 2569 his
999 2506 1095 2585 aquis
1149 2512 1243 2582 sopit,
1266 2507 1322 2585 qui
1344 2507 1584 2584 interpretatur
1603 2521 1798 2569 accrescens
1819 2528 1828 2568 :
1850 2507 1947 2568 tanto

300 2605 457 2669 fodienda
478 2606 530 2667 ast
547 2621 640 2668 mens
655 2603 797 2667 fossorio
815 2604 1048 2675 confessionis,
1064 2604 1097 2666 at
1150 2605 1239 2667 enim
1259 2605 1312 2666 vir
1331 2605 1441 2684 justus
1463 2603 1709 2677 invirtutibus,
1733 2605 1767 2666 θῖ
1788 2604 1821 2665 in
1842 2602 1943 2664 bonis

301 2703 455 2768 iacienda
470 2703 522 2765 θεῖ
535 2701 638 2773 fossa,
648 2703 824 2773 utiterum,
838 2704 872 2764 et
887 2702 1008 2764 iterum
1019 2716 1096 2763 con·
1150 2701 1305 2779 operibus
1327 2701 1572 2777 augmentatur,
1597 2703 1721 2779 quanto
1745 2701 1852 2778 magis
1875 2701 1946 2764 tri-

301 2801 465 2874 titeamur,
481 2799 616 2877 nequid
632 2799 851 2862 remaneatde
862 2797 1015 2862 sordibus
1026 2799 1096 2860 ter·
1149 2798 1300 2874 bulatur3
1317 2799 1473 2876 quoniam
1482 2799 1580 2877 juxta
1594 2799 1809 2877 Apostolum:
1826 2802 1946 2862 aribo·

301 2913 470 2960 ranorum.
1149 2897 1231 2960 brito
1242 2897 1451 2973 patientiam
1465 2898 1643 2970 operatur,
1653 2897 1944 2972 patientiorem,

343 2997 414 3058 Hoc
437 2995 489 3058 est
508 2993 594 3072 quod
616 2992 697 3056 dicit
715 2993 879 3056 ieremias
890 2990 934 3074 (4,
946 2991 980 3073 3)
998 3009 1006 3054 :
1022 2995 1095 3055 No-
1148 2995 1369 3070 :peractam
1400 3008 1470 3055 aon
1504 2994 1682 3068 consttmdtt
1705 2991 1767 3072 (3),
1801 2992 1868 3054 imo
1904 2992 1947 3054 de

181 3091 183 3096 ’
304 3093 386 3156 cate
406 3095 501 3154 uobis
526 3096 657 3163 novate,
676 3091 711 3153 ct
732 3091 837 3154 notite
855 3105 976 3153 serere
989 3105 1096 3164 super
1149 3091 1287 3171 praemio
1313 3107 1468 3152 securum
1491 3089 1582 3153 iacit.
1608 3091 1832 3168 augmentum
1854 3089 1946 3152 istud

300 3193 431 3264 spinos.
447 3189 576 3250 Novato
591 3187 711 3249 novale
724 3185 819 3249 vobis
835 3203 894 3264 per
907 3186 1094 3258 contessio—
1149 3189 1283 3250 notatur
1296 3187 1443 3250 secunda
1464 3186 1557 3248 Petri
1578 3186 1613 3246 in
1636 3185 1822 3264 principio:
1839 3203 1859 3246 θ
1879 3187 1949 3246 Mi-

302 3301 391 3358 nem,
406 3286 516 3347 sentes
531 3285 743 3362 peccatorum
758 3285 964 3346 amoventes.
977 3285 1016 3346 Et
1032 3299 1096 3346 no·
1150 3284 1289 3346 nistrate
1310 3284 1345 3345 in
1365 3283 1430 3344 ilde
1448 3284 1560 3346 vestra
1581 3283 1749 3356 virtutem,
1770 3283 1805 3344 in
1820 3283 1947 3344 virtuto

301 3381 485 3446 liteserore
508 3381 596 3442 bona
619 3396 721 3457 opera
745 3396 845 3458 super
860 3381 975 3458 spinas
994 3380 1095 3447 vitio
1149 3382 1260 3443 autem
1279 3379 1463 3452 scientiam,
1487 3379 1524 3441 in
1547 3380 1687 3442 scientia
1709 3381 1819 3442 autem
1835 3379 1947 3441 absti-

302 3480 483 3557 numquis
506 3494 573 3540 non
595 3477 848 3551 fructificarent,
869 3476 927 3539 sod
949 3477 1096 3540 suffoca·
1150 3479 1308 3550 nentium,
1328 3477 1365 3540 in
1385 3477 1586 3540 abstinentia
1603 3479 1713 3539 autem
1733 3476 1943 3554 patientiam,

301 3575 847 3640 rentnrabcis.Eltattendendnm
865 3575 1019 3660 estquod
1041 3589 1096 3636 se·
1150 3575 1373 3653 inpatientia
1402 3576 1512 3636 autem
1543 3574 1711 3652 pietatem,
1747 3574 1783 3635 in
1819 3574 1947 3650 pietate

302 3675 416 3754 quitur
430 3675 465 3736 in
479 3673 594 3736 eodem
610 3673 718 3750 capite
733 3675 872 3750 Regum,
891 3672 978 3750 quod
996 3673 1093 3734 Moa—
1150 3689 1296 3737 amorem
1320 3671 1553 3746 fraternitatis,
1581 3672 1618 3733 in
1644 3688 1758 3734 amore
1783 3670 1949 3734 fraterni-

300 3771 412 3835 bite«
428 3770 535 3849 primo
554 3785 652 3832 mane
667 3771 842 3848 surgentes
857 3770 930 3832 orto
940 3772 1011 3848 jam
1024 3768 1095 3832 sole
1149 3773 1229 3835 tatis
1254 3771 1428 3833 caritatem
1443 3768 1504 3849 (4).
1520 3785 1540 3829 s
1559 3772 1643 3832 Ecce
1663 3769 1799 3846 gradus,
1824 3768 1948 3848 quibus

302 3885 345 3932 ex
355 3867 498 3932 adverso
511 3884 674 3945 aquarum
688 3867 845 3930 viderunt
857 3883 959 3945 aquas
970 3864 1093 3928 rubeas
1150 3869 1310 3943 ascendit,
1335 3871 1369 3932 ot
1391 3867 1523 3946 proiicit
1546 3859 1600 3930 u'ir
1615 3869 1739 3945 justus.
1765 3869 1946 3948 Sequitur:
2062 3943 2063 3968 ἢ

302 3966 397 4046 quasi
412 3964 621 4041 sanguinem,
636 3965 669 4026 θῖ
681 3963 838 4028 dixerunt
855 3964 1012 4040 :sanguis
1022 3963 1097 4040 gla-
1150 3970 1190 4029 Et
1212 3981 1313 4042 super
1333 3966 1492 4028 verticem
1511 3965 1674 4038 Nazaraei,
1698 3965 1755 4044 qui
1776 3965 1949 4042 interpro-
2062 4023 2063 4060 3

303 4063 350 4125 dii
371 4062 443 4125 est:
462 4062 697 4138 pugnaverunt
719 4075 816 4136 reges
840 4061 956 4123 contra
984 4075 1031 4132 εθ,
1064 4059 1096 4122 et
1150 4065 1240 4127 tatur
1254 4060 1403 4125 floridus.
1426 4064 1533 4138 Super
1552 4062 1729 4136 animnos,
1746 4062 1802 4140 qui
1823 4062 1949 4124 florent
2062 4069 2063 4088 ¹

302 4160 382 4223 caesi
406 4159 484 4219 sunt
510 4158 624 4219 mutuo
641 4177 648 4217 :
665 4172 754 4218 nunc
769 4171 869 4233 perge
890 4155 932 4216 ad
948 4155 1095 4232 praedam
1149 4159 1339 4229 virtutibus,
1356 4158 1497 4222 elbonis
1513 4159 1681 4236 operibus,
1698 4158 1872 4222 descendit
1885 4158 1948 4222 be-

302 4254 401 4318 Moab
416 4252 475 4334 (2).
491 4256 594 4330 Aquae
608 4251 721 4314 rubeae
744 4253 840 4329 quasi
855 4251 1004 4330 sanguis,
1019 4253 1097 4315 sunt
1150 4257 1295 4322 nediotio
1321 4255 1391 4334 Dei,
1419 4255 1460 4318 de
1486 4257 1607 4334 quibus
1633 4255 1796 4318 babemus
1829 4256 1951 4320 Eccle-

301 4351 470 4430 laorymoe,
493 4363 567 4427 quaa
582 4349 661 4412 sunt
674 4347 812 4425 sangnis
826 4349 948 4413 animae
973 4348 1010 4410 in
1024 4364 1097 4427 poa-
1151 4354 1280 4418 siastici
1304 4351 1370 4433 (39,
1398 4354 1437 4415 18
1462 4355 1497 4416 et
1524 4351 1601 4432 19):
1627 4369 1646 4414 c
1672 4353 1774 4426 Quasi
1800 4352 1949 4416 Libanus
2062 4405 2063 4408 θ

302 4450 526 4526 armataque
540 4446 612 4509 orto
627 4446 698 4508 sole
713 4445 876 4524 gratiaein
891 4445 1026 4508 bomine
1041 4462 1097 4524 ap·
1151 4451 1286 4516 odoram
1309 4449 1486 4518 suavitatis
1509 4448 1629 4512 habete
1654 4471 1662 4512 :
1695 4449 1813 4513 florete
1844 4449 1948 4513 liores
2062 4483 2063 4512 l

302 4548 432 4627 parent,
460 4546 494 4608 θῖ
511 4543 695 4621 procedunt
719 4559 762 4604 ex
782 4543 858 4620 boc,
883 4543 969 4622 quod
998 4529 1096 4620 reges
1151 4549 1247 4627 qnasi
1261 4547 1380 4622 lilium,
1397 4549 1430 4610 et
1443 4546 1520 4610 date
1533 4546 1680 4619 odorem,
1697 4547 1730 4610 et
1744 4546 1896 4610 frondete
1909 4548 1947 4610 in
2062 4575 2063 4580 ¹

303 4644 453 4724 pugnant
480 4643 596 4704 contra
622 4655 670 4714 εθ,
696 4641 730 4703 θῖ
751 4640 866 4703 mutuo
892 4655 929 4702 se
952 4641 1095 4703 caedunt.
1151 4645 1338 4723 gratiam.»
1362 4646 1467 4711 Ouust
1492 4647 1643 4706 Libanus
1666 4647 1808 4708 odorem
1825 4649 1949 4708 suoci-
2062 4635 2063 4670 ³

304 4743 435 4818 Pugnat
449 4739 538 4802 enim
549 4737 692 4801 interior
703 4753 781 4816 pars
796 4737 937 4800 rationis
952 4751 1028 4800 cum
1040 4754 1098 4801 su·
1152 4745 1235 4806 tctts
1248 4741 1366 4805 bobeta
1386 4756 1446 4818 per
1464 4741 1672 4804 orationem:
1696 4741 1818 4816 [torota
1840 4741 1949 4814 tiores

304 4840 448 4918 periore,
465 4839 501 4898 ut
515 4852 589 4898 cam
603 4835 770 4913 subjiciat.
792 4837 924 4912 Pugnat
944 4835 1099 4912 superior
1151 4840 1313 4902 bonorum
1338 4852 1489 4916 operum,
1514 4839 1547 4900 et
1570 4837 1758 4900 virtutum:
1782 4841 1885 4913 quast
1905 4842 1950 4902 ti-

304 4953 379 5002 cum
394 4935 566 5006 interiore,
582 4934 618 4995 ut
629 4948 704 4994 eam
718 4932 853 4994 obedire
865 4930 981 5008 iaciat:
997 4933 1031 4993 et
1040 4931 1099 4993 hu·
1152 4939 1236 5000 :ium
1258 4951 1319 5014 per
1341 4935 1527 4998 castitatem
1551 4951 1558 4996 :
1584 4934 1663 4998 date
1687 4937 1827 4997 odorem
1849 4933 1949 4998 bonae

303 5032 459 5111 jusmodi.
473 5029 961 5108 Exbocproceduntlacrymae
975 5027 1016 5090 ab
1029 5029 1100 5090 ani·
1153 5035 1276 5098 lama:
1304 5033 1338 5095 et
1360 5033 1518 5108 frondete
1546 5035 1584 5094 tu
1608 5033 1764 5109 qratiam
1785 5031 1827 5096 da
1849 5031 1950 5096 bonis

307 5129 570 5208 mapoenitentis,
578 5126 819 5206 quasvidentcs
827 5125 994 5199 Moabitae,
1012 5125 1099 5190 idest
1153 5131 1272 5195 pesnis
1287 5131 1355 5192 Deo
1368 5128 1457 5206 grati
1471 5129 1665 5194 existentes.

344 5315 386 5385 (ll
401 5312 563 5386 lVlteg.3,
580 5315 624 5370 ll.
991 5309 993 5316 ’
1093 5383 1094 5386 ¹
1189 5311 1231 5382 (3)
1248 5311 1341 5378 Rom,
1357 5309 1385 5377 b,
1400 5309 1417 5367 3
1432 5307 1507 5366 adt.

344 5387 385 5458 (2)
402 5385 441 5444 lV
454 5385 524 5457 llcg.
542 5385 568 5453 3,
585 5381 619 5440 Ξῖ
634 5391 661 5440 θῖ
676 5383 720 5440 Ξῖ.
1190 5381 1231 5455 (t)
1247 5381 1273 5438 ll
1289 5381 1360 5448 Pet,
1378 5381 1405 5449 l,
1420 5379 1438 5436 b
1452 5378 1487 5436 ud
1503 5381 1528 5437 7.
