4226 6406
199 242 365 339 '371

306 469 457 517 suellen·
478 467 597 521 ANIMA,
619 465 685 514 VEL
708 467 858 517 SANCTUS
884 467 1100 518 resumenda.

400 599 584 662 (Pmlametri.)

307 719 371 779 Gor
383 717 465 779 mihi
478 716 608 780 iuratus
623 717 716 794 cogis
727 717 851 780 babere
863 717 1015 781 moduml

305 815 384 876 Inte
398 814 524 877 muwto
537 815 616 892 qnid
629 831 805 892 superesse
817 817 943 892 potestl

307 912 362 973 Sic
376 912 455 988 igne
468 912 503 972 in
518 912 627 974 medio
646 912 756 974 terrea
770 929 881 974 massa
893 914 995 990 calet3

304 1011 392 1072 Aere
407 1008 456 1071 sic
468 1007 569 1072 vestit
580 1010 650 1071 sole
663 1009 807 1072 micante
816 1009 928 1087 jubar.

305 1104 361 1166 Sic
375 1107 463 1183 perit
477 1106 550 1184 ipse
564 1120 634 1178 aer,
652 1107 701 1168 sic
713 1106 801 1184 perit
812 1107 884 1184 ipse
900 1106 1050 1184 chalybs.

305 1201 402 1263 Haud
417 1201 517 1263 aliter
531 1201 675 1264 mentem
690 1201 821 1265 Christe
835 1203 979 1264 resolvis
994 1215 1098 1264 amor.

344 1333 429 1406 Quid
444 1349 550 1402 mens,
562 1333 642 1412 quid
657 1333 758 1396 iaciat
767 1350 834 1396 non
846 1335 934 1412 potis
948 1333 1102 1412 ipsasuil

306 1430 341 1492 Si
355 1431 389 1493 te
403 1430 534 1493 Christe
549 1429 651 1494 refert
665 1446 759 1492 mens
773 1447 859 1505 mea,
875 1431 962 1494 iacta
976 1433 1047 1504 tua,

303 1527 407 1606 Culpa
423 1528 556 1600 tuaest,
575 1527 736 1605 quidquid
758 1527 866 1590 victus
881 1543 995 1592 amore
1007 1543 1099 1604 gero.

303 1625 456 1702 Desipiol
473 1640 533 1702 per
544 1626 578 1688 te
592 1641 666 1686 sum
680 1624 821 1688 rationis
838 1640 952 1701 egens,

302 1722 423 1786 Mentis
438 1721 553 1801 inopst
566 1726 668 1785 Amor
685 1723 746 1795 est,
763 1723 821 1800 qui
835 1723 916 1788 iacit
933 1739 1007 1786 esse
1025 1723 1102 1784 ino-

1002 1817 1100 1900 [pem.

460 1938 665 2004 (Accereoaliet.)

426 2076 464 2136 In
478 2076 556 2151 igne
571 2074 779 2149 curlocabas,

426 2173 462 2234 Si
475 2173 716 2249 temperantem
732 2171 887 2234 amabast

422 2269 558 2332 Tenelle
573 2285 625 2330 me
641 2269 819 2347 coquebas,

422 2367 507 2439 Quid
523 2366 683 2442 grandior
697 2365 874 2444 patrabast

424 2465 520 2526 Hanc
533 2463 685 2526 semitam
701 2464 827 2541 parasti

423 2562 525 2622 Amor
537 2560 631 2622 mihi.
649 2561 741 2632 Quod
749 2575 865 2626 ,errem

424 2659 495 2719 Tua
511 2657 619 2718 omnis
634 2671 714 2733 ergo
728 2657 838 2734 culpa.

465 2791 514 2851 Tu
528 2789 723 2852 vnlneratus
738 2791 809 2867 ipse

423 2886 556 2950 Amoris
571 2903 606 2949 es
622 2887 765 2964 sagittis.

373 3005 376 3012 ¹
421 2987 466 3046 'le
482 2984 788 3053 devocavitaethra,

420 3081 600 3160 Terrisque
615 3081 792 3144 collocarit

338 3215 343 3220 -
421 3179 629 3258 Nudumqne,
649 3194 909 3257 pauperemque;

423 3275 499 3339 Non
513 3277 613 3350 tecta,
630 3293 697 3338 non
712 3277 814 3354 agelli

421 3375 554 3436 Novere
568 3373 812 3451 possidentem

335 3495 341 3506 ·
423 3472 467 3534 Ut
481 3471 601 3534 divites
617 3472 747 3548 egestas

419 3569 502 3643 Tua,
519 3569 660 3641 Christe,
678 3585 739 3631 nos
754 3567 879 3632 bearet.

419 3667 524 3729 Ardea
539 3681 653 3729 amore
667 3666 797 3740 vivens,

421 3764 461 3826 Et
475 3763 632 3826 occidens
647 3779 772 3827 amore.

461 3895 537 3960 lbas
552 3913 666 3960 amore
681 3897 789 3960 victus

420 3994 487 4057 Ceu
501 3993 615 4057 ebrius
630 4010 690 4072 per
703 3993 816 4056 orbern
830 4015 837 4053 :

420 4092 605 4168 Praedaque
619 4093 652 4153 te
666 4090 878 4168 triumphans

421 4191 524 4249 Amor
538 4187 762 4264 superbiebat.

416 4286 538 4346 Amore
553 4285 601 4346 nil
615 4283 771 4356 vacabat,

419 4383 534 4460 Tuque
548 4382 621 4460 ipse
635 4382 668 4444 te
680 4381 836 4444 vacabas.

423 4481 463 4542 Et
477 4479 601 4557 templa
616 4495 691 4541 curn
706 4478 865 4552 subisses,

422 4579 477 4640 Sic
491 4592 573 4640 voce
589 4577 817 4655 personabas:

420 4675 518 4754 Oqui
533 4676 619 4748 sitis,
636 4674 762 4748 adesto,

416 4773 503 4836 Ades
518 4773 599 4849 huc;
618 4773 709 4836 sitim
723 4770 862 4834 levabo:

417 4869 570 4932 Mercede
583 4885 648 4948 qua
663 4869 817 4932 bibendil

419 4971 551 5042 Amore,
569 4983 693 5040 amore,
708 4981 833 5029 amore.

391 5170 560 5236 (llornltcci.)

336 5309 412 5372 Non
427 5306 639 5385 sempiterne
651 5305 704 5367 vis
718 5305 893 5384 sapientiae

300 5407 427 5471 celavit
442 5405 537 5482 ignes
552 5403 698 5480 pectoris
714 5419 846 5474 aureos,

298 5505 384 5580 Quin
399 5517 488 5579 saepe
502 5515 657 5564 versares
671 5499 803 5562 Amoris

299 5605 425 5679 bargus
440 5614 531 5677 opes,
548 5597 788 5675 grauidamque
804 5611 919 5660 cornu.

746 275 779 336 S.
802 273 1023 338 FRANGISGI
1043 275 1271 338 nselslnrls
1293 277 1523 340 OPUSCULA.

1897 283 1960 342 372

1199 437 1245 498 Te
1258 437 1388 514 lapsum
1401 435 1539 514 Olympo
1551 433 1701 512 Virginis
1713 439 1749 500 ln
1761 438 1873 500 sinum

1158 535 1261 596 Amor
1274 533 1422 611 puellum
1436 548 1502 595 non
1517 549 1596 596 caro
1609 533 1734 598 vestiit.

1157 635 1279 692 Amore
1295 633 1411 710 captus
1426 633 1462 694 tu
1477 631 1597 694 subisti

1159 728 1360 800 Quadrindae
1376 729 1466 791 mala
1480 729 1577 805 signa
1592 745 1745 808 quercus.

1198 846 1334 906 Haesere
1346 860 1457 917 voces,
1471 843 1641 922 verbaque
1653 844 1805 908 faucibus

1159 941 1290 1003 Amoris
1305 957 1401 1018 erg03
1419 957 1494 1004 cum
1508 941 1710 1004 taciturnior

1159 1040 1301 1100 Causam
1316 1039 1403 1101 tueri
1418 1039 1590 1116 denegasti

1157 1138 1176 1199 J
1179 1135 1289 1198 udicio
1303 1136 1488 1214 expositam
1503 1135 1654 1214 profano.

1195 1253 1244 1312 Tu
1259 1267 1378 1330 nempe
1392 1252 1515 1314 amoris
1531 1252 1666 1314 victima
1680 1251 1803 1315 nobilis

1156 1351 1237 1410 Esse
1252 1349 1442 1426 expetebas.
1459 1349 1700 1428 Insuperebills

1158 1445 1213 1508 Sic
1227 1445 1330 1508 robur
1345 1445 1533 1508 immortale
1548 1447 1674 1512 dextrae

1156 1541 1274 1604 vinxit
1288 1557 1393 1614 amor,
1408 1541 1611 1619 latebrisque
1626 1543 1758 1605 clausit.

1228 1695 1235 1706 '
1281 1723 1435 1788 perpera.)

1317 1835 1404 1910 Ergo
1420 1833 1449 1894 si
1463 1832 1544 1896 iacit
1557 1831 1697 1906 ebrium,

1278 1931 1313 1992 Si
1326 1930 1446 1993 mentis
1461 1929 1541 1992 iacit
1553 1930 1721 2008 impotem,

1277 2028 1312 2090 Si
1325 2027 1415 2091 vires
1431 2041 1526 2089 amor
1539 2028 1655 2105 eripit;

1274 2128 1377 2187 Amor
1390 2125 1423 2187 te
1438 2139 1568 2204 quoque
1580 2124 1735 2203 perdidit,

1276 2223 1395 2300 injecit
1408 2222 1469 2285 tibi
1484 2221 1629 2295 vincula,

1275 2319 1472 2398 Ademitque
1486 2320 1679 2396 potentiam.

1275 2417 1397 2480 Contra
1412 2417 1506 2494 queis
1521 2432 1583 2494 ego
1598 2416 1726 2480 viribus

1274 2514 1392 2576 Nitarl
1407 2514 1491 2587 Quid
1507 2515 1588 2576 mihi
1604 2513 1747 2589 roboris,

1274 2613 1343 2674 Has
1359 2613 1395 2674 ut
1409 2612 1593 2674 sustineam
1608 2611 1718 2675 iaceat

1276 2708 1339 2783 Qui
1352 2724 1405 2770 me
1418 2709 1573 2787 desipere
1586 2710 1728 2788 impulit,

1274 2807 1337 2868 Hic
1351 2807 1494 2870 mentem
1509 2807 1632 2884 eripuit
1646 2807 1718 2870 tibi.

1275 2903 1337 2977 Qui
1354 2921 1407 2966 nne
1422 2903 1651 2981 languidulum
1667 2904 1758 2969 iacit.

1273 3003 1320 3064 Te
1331 3001 1498 3064 imbellem
1512 3017 1642 3080 qnoque
1656 3002 1811 3065 reddidit.

1273 3099 1371 3172 Nola,
1387 3115 1449 3161 nec
1464 3114 1549 3176 queo
1562 3101 1700 3177 perpeti.

1272 3197 1405 3258 Amoris
1419 3195 1490 3258 tera
1504 3197 1631 3273 praelia.

1274 3293 1405 3366 vicisti,
1424 3295 1525 3356 Pater
1537 3293 1672 3371 optime.

1275 3393 1323 3451 Do
1336 3405 1456 3452 manus
1469 3394 1580 3464 Amor,
1598 3391 1723 3469 accipe.

1273 3490 1348 3551 Jam
1363 3489 1528 3550 sententia
1541 3487 1703 3560 constitit,

1272 3588 1394 3648 Amore
1412 3585 1448 3648 ut
1462 3601 1596 3664 peream
1610 3584 1716 3648 brevi.

1273 3685 1292 3746 J
1294 3699 1347 3743 am
1360 3683 1523 3746 solamina
1536 3699 1669 3761 respue,

1273 3785 1395 3844 Amore
1408 3782 1443 3844 at
1456 3781 1555 3860 cupio
1570 3780 1666 3844 mori.

1247 3972 1501 4038 (rapueramus.)

1193 4088 1325 4150 Amoris
1338 4104 1441 4150 unum
1455 4103 1577 4152 nomen
1590 4104 1627 4152 os
1642 4091 1675 4152 et
1688 4103 1748 4151 cor
1759 4091 1867 4152 sonat.

1153 4186 1274 4248 Amore
1289 4201 1347 4248 cor
1361 4186 1527 4264 liquescit.
1543 4189 1568 4248 0
1585 4201 1690 4260 amor,
1704 4187 1791 4248 mori

1153 4287 1273 4346 Amore
1288 4300 1340 4346 me
1353 4285 1516 4362 permitte.
1532 4287 1612 4348 lesu
1627 4300 1732 4356 amor,
1747 4301 1766 4346 o
1779 4291 1888 4347 amori

1153 4385 1228 4446 Jam
1238 4383 1335 4444 teneo
1351 4382 1477 4460 portus,
1492 4382 1636 4461 aequoris
1648 4382 1715 4444 vici
1730 4383 1851 4445 minas.

1154 4481 1179 4544 Ο
1194 4494 1289 4540 amor
1302 4481 1411 4552 lesus,
1425 4495 1444 4542 o
1459 4495 1565 4553 amor,
1581 4481 1723 4557 quantas
1738 4478 1847 4541 sacest

1154 4578 1179 4638 O
1195 4593 1289 4638 amor
1302 4579 1411 4650 lesus,
1428 4592 1567 4658 camon,
1583 4577 1652 4640 vita
1668 4575 1807 4654 aufugit.

1153 4677 1213 4747 Da,
1230 4673 1272 4735 de
1284 4673 1399 4736 beatos
1412 4675 1507 4736 ducis
1523 4675 1697 4753 amplexus
1712 4691 1817 4736 amor.

1153 4773 1262 4834 Muter
1275 4772 1312 4832 in
1327 4786 1475 4834 amorem
1492 4793 1499 4832 :
1516 4771 1667 4834 deseram
1682 4772 1814 4846 memet,
1831 4770 1916 4832 mibi

1152 4870 1314 4941 Mortuus,
1332 4869 1549 4943 amoririrus,
1563 4871 1663 4948 atque
1678 4885 1773 4931 amor
1787 4883 1905 4932 novus.

1152 4967 1952 5041 Amor,oamor‚emor,omniaexclamant,amor:

1152 5065 1260 5144 Magis
1270 5064 1448 5142 expetitus,
1457 5080 1521 5142 quo
1529 5066 1637 5142 magis
1646 5066 1811 5128 amantem
1823 5065 1950 5143 reples.

1312 5164 1337 5224 0
1353 5162 1500 5224 circulus

1311 5253 1361 5312 Tu
1375 5250 1485 5313 cordis
1501 5266 1548 5326 es,

1310 5339 1360 5398 Tu
1372 5338 1475 5400 restis
1490 5353 1538 5411 es,

1312 5427 1352 5488 nt
1366 5425 1473 5487 dulcis
1489 5441 1536 5487 es.

1312 5517 1337 5575 Ο
1353 5529 1458 5587 amor,
1473 5529 1578 5586 amor,

1314 5605 1460 5675 Oamor,
1477 5605 1585 5664 amor!
