4226 6406
328 311 385 373 531
750 298 755 310 '
800 307 856 366 ΑΙ)
884 300 1024 365 OPERA
1044 302 1085 395 ‘'S.
1113 300 1290 364 ANTONII
1318 291 1506 362 PADUANI
1922 301 1989 364 532

326 472 425 532 Mane
453 466 591 530 alterins
618 465 672 528 die
700 464 857 526 minister
891 465 963 526 adit
993 461 1124 539 magis·
1182 461 1358 538 episcopus
1380 459 1583 522 sacrificium
1599 455 1679 522 iecit
1695 481 1703 520 z
1720 473 1760 520 eo
1777 461 1930 537 peracto,
1948 463 1987 524 et

326 570 461 639 tratum,
474 567 507 627 et
521 563 702 626 convocato
717 564 835 625 senatu
848 561 1021 623 humiliter
1030 575 1127 637 opem
1181 559 1351 636 exsequiis
1372 557 1561 626 celebratis,
1587 557 1702 634 quinto
1729 557 1770 618 ab
1796 557 1888 619 obitu
1904 561 1984 636 ejus

327 666 361 725 et
376 661 553 724 consilium
569 659 734 738 implorat.
1182 656 1252 728 die,
1295 658 1395 718 terrae
1431 655 1626 717 mandatum
1653 656 1704 717 cst
1729 655 1985 718 sanctissimum

366 759 581 836 Magistratus
594 759 634 819 de
648 755 815 820 communi
830 755 979 819 omnium
992 755 1127 816 senten·
1181 769 1314 832 corpus.

325 857 373 920 tia
386 855 540 918 custodes
555 855 691 918 adhibet
712 855 786 916 loco
803 854 891 915 sacri
911 851 1072 930 corporiS,
1094 851 1127 912 et

325 954 387 1016 sub
408 970 507 1032 poena
535 954 668 1015 centum
693 952 855 1014 librarum
871 953 976 1022 cavet,
993 949 1125 1027 nequis
1420 922 1557 984 CAPUT
1588 922 1737 982 XXVIII·

324 1053 393 1116 vim
420 1049 550 1113 adierat
564 1049 735 1121 tratribus,
752 1049 810 1111 aut
829 1049 977 1110 armatus
992 1047 1034 1109 ad
1049 1061 1124 1108 eum
1179 1075 1351 1134 Mirm„
1378 1071 1677 1146 fsequengggpma,
1727 1071 1896 1148 plurem
1936 1075 1986 1133 aa

323 1149 434 1211 locum
462 1147 610 1216 accedat,
638 1147 743 1208 donec
770 1147 946 1223 episcopus
965 1146 999 1207 et
1014 1145 1124 1207 clerus
1239 1171 1460 1232 enecandum
1499 1171 1580 1230 mm,
1614 1171 1690 1242 aare
1728 1183 1855 1243 corpus
1888 1183 1982 1244 per,

325 1245 404 1324 quid
421 1245 495 1306 lieri
510 1244 690 1323 oporteret,
708 1245 904 1306 statuerent.
914 1241 1027 1305 Altera
1037 1241 1123 1315 luce,
1240 1267 1399 1329 gram·

325 1343 562 1422 episcopusin
590 1357 663 1404 eam
688 1357 802 1403 curam
826 1342 859 1402 et
888 1339 1123 1416 cogitationem

324 1441 505 1518 diligenter
515 1439 666 1501 incubuit
679 1441 728 1500 :ot
739 1439 853 1500 audita
861 1439 1002 1515 utraque
1018 1437 1122 1512 parte,
1218 1434 1341 1496 Eadem
1360 1435 1434 1512 ipsa
1455 1433 1520 1509 die,
1541 1435 1737 1512 tempestate
1754 1433 1815 1495 illa
1835 1434 1870 1495 in
1884 1435 1984 1496 tran-

323 1539 459 1601 tandem
486 1537 612 1610 voluit,
641 1537 678 1598 ut
703 1551 746 1598 ex
772 1535 917 1597 ministri
951 1533 1123 1597 voluntate
1179 1533 1377 1611 quillitatem
1414 1532 1572 1602 redacta,
1599 1533 1772 1608 coeperunt
1797 1531 1984 1593 miraculo-

317 1635 437 1698 ·omnia
453 1635 582 1706 tierent,
603 1634 769 1710 Jussitque
784 1633 867 1694 utet
882 1633 991 1694 clerus
1009 1632 1041 1693 et
1061 1645 1123 1708 po·
1179 1646 1252 1692 rum
1273 1645 1454 1693 coruscare
1473 1630 1570 1705 signa
1587 1630 1656 1692 :ita
1676 1633 1712 1692 ut
1733 1630 1850 1707 quovis
1865 1629 1983 1691 affecti

321 1733 420 1812 putus
447 1733 568 1804 omnis,
597 1731 651 1792 die
673 1731 819 1792 crastina
848 1730 890 1792 ad
916 1729 1123 1791 efferendum
1178 1728 1305 1800 morbo,
1327 1728 1369 1789 ad
1384 1728 1593 1790 contractum
1606 1728 1725 1790 tumbae
1740 1727 1885 1789 ViriDei
1900 1743 1983 1789 mox

322 1845 456 1891 sacrum
479 1843 599 1904 corpus
624 1841 753 1887 summo
768 1840 865 1886 manc
889 1825 1121 1887 convenirent.
1178 1825 1425 1889 revalescerent
1441 1826 1518 1903 :qni
1533 1841 1613 1887 vero
1633 1839 1702 1902 prae
1727 1824 1824 1886 turba
1840 1825 1980 1901 propius

322 1925 535 2002 Magistratui
556 1939 686 2001 quoque
707 1923 876 2000 praecepit,
894 1925 932 1985 ut
951 1921 1120 1994 fratribus,
1178 1923 1338 1985 accedere
1363 1937 1431 1982 non
1458 1923 1627 1999 poterant,
1656 1935 1769 1983 coram
1803 1920 1979 1989 omnibus,

322 2039 366 2084 ne
379 2022 458 2100 quid
467 2022 661 2099 paterentur
675 2020 848 2092 molestiae,
868 2035 929 2081 sna
947 2035 1009 2096 ope
1022 2019 1123 2080 ades·
1178 2021 1278 2082 etiam
1294 2021 1329 2081 in
1350 2020 1461 2097 platea
1476 2020 1552 2080 sani
1575 2019 1765 2081 evaderent.
1792 2018 1840 2079 lbi
1854 2033 1977 2080 revere

324 2121 409 2187 sent.
429 2117 645 2194 Magistratus
660 2117 803 2178 libenter
814 2119 909 2193 jussa
922 2117 1078 2193 capessit,
1091 2117 1124 2176 et
1177 2119 1266 2180 oculi
1289 2133 1453 2180 caecorum
1475 2115 1723 2194 aperiebantur,
1739 2131 1839 2177 aures
1854 2115 1980 2178 surdo·

323 2232 367 2278 ex
388 2215 531 2278 adverso
557 2214 717 2289 fluminis,
740 2213 827 2291 quod
848 2213 967 2276 cellam
982 2212 1122 2275 fratrum
1177 2231 1252 2277 rum
1263 2215 1583 2292 patebant:claudns
1596 2213 1809 2276 sicutcervus
1818 2212 1977 2275 saliebat:

322 2312 427 2376 ambit
452 2328 495 2374 ex
521 2311 663 2373 navibus
683 2312 716 2373 et
732 2311 834 2387 lignis
850 2311 1005 2374 celeriter
1027 2312 1123 2373 curat
1176 2312 1225 2374 ibi
1249 2313 1358 2375 soluta
1393 2311 1562 2374 mutorum
1592 2311 1719 2387 lingua,
1752 2311 1914 2372 velociter
1942 2312 1978 2372 et

322 2411 457 2487 pontem
482 2407 612 2480 confici,
637 2424 680 2469 ne
699 2407 790 2470 cives
816 2407 857 2469 de
882 2409 998 2471 Pontis
1012 2409 1122 2486 capite
1177 2411 1276 2489 plane
1302 2412 1370 2471 Deo
1395 2409 1510 2470 laudes
1534 2407 1865 2485 promebatdenique
1880 2423 1983 2469 omne

322 2507 443 2568 animis
455 2506 754 2578 commoverentur,
772 2507 802 2567 si
813 2507 1121 2584 cernerentcorpus
1177 2523 1283 2584 genus
1307 2506 1541 2583 aegritudinum
1557 2504 1796 2583 depellahatur,
1813 2507 1847 2567 et
1861 2505 1977 2582 optata

320 2619 381 2681 per
406 2619 484 2664 snos
512 2602 595 2663 tlnes
622 2603 756 2665 delerri.
773 2602 881 2664 atilli
899 2603 1120 2666 nlhilominus
1177 2605 1339 2668 divinitus
1367 2602 1531 2665 beneficia
1568 2601 1843 2680 impetrabantur.
1869 2605 1978 2664 Porro

319 2700 410 2762 versi
420 2701 457 2760 in
468 2699 678 2772 seditionem,
692 2701 826 2775 pontem
836 2699 930 2762 illum
942 2700 1119 2777 dissipant.
1176 2703 1266 2764 cives
1282 2702 1332 2762 illi
1349 2701 1390 2762 de
1412 2702 1521 2778 capite
1536 2701 1662 2774 Pontis,
1679 2701 1737 2778 qui
1750 2701 1882 2777 pontem
1895 2699 1978 2761 des-

321 2799 368 2859 Ea
394 2813 449 2858 res
474 2797 577 2859 totius
601 2797 747 2859 civitatis
773 2797 902 2859 animos
928 2798 1119 2866 concitavit,
1175 2801 1361 2870 traxerant,
1374 2797 1533 2875 lacrymis
1548 2797 1666 2871 inlusi,
1677 2799 1711 2859 et
1726 2798 1884 2859 detractis
1900 2785 1998 2860 cal-'

322 2894 410 2972 quod
424 2894 517 2957 tanta
532 2895 703 2956 temeritas
722 2893 763 2955 ad
788 2895 936 2956 omnium
962 2895 1120 2972 injuriam
1176 2896 1368 2968 ceamentis,
1394 2895 1484 2958 clero
1509 2911 1584 2956 cum
1612 2895 1767 2957 crucibus
1793 2896 1826 2956 et
1851 2895 1979 2957 rexillo

322 2991 534 3055 redundaret.
566 2993 681 3069 ltaque
709 2991 812 3053 armis
837 2992 975 3066 muniti,
1005 3009 1121 3054 omnes
1177 2993 1396 3072 praecedente,
1411 3008 1486 3054 cum
1507 2994 1599 3054 tanta
1614 2994 1803 3054 reuerentia
1817 2993 1851 3054 et
1864 2991 1980 3054 bumi-

322 3090 582 3168 proficiscuntur
591 3093 706 3161 contra
717 3089 794 3151 illos
804 3090 915 3166 pontis
927 3105 1119 3152 eversores:
1176 3092 1269 3154 litate
1278 3106 1389 3152 coram
1399 3091 1788 3168 tumuloseprostraturi
1799 3091 1977 3162 venerunt,

320 3187 402 3249 ethi
416 3203 482 3249 non
497 3188 607 3248 minus
619 3187 759 3249 tidenter
773 3187 814 3250 ad
830 3202 923 3248 arma
939 3203 975 3248 se
989 3191 1118 3265 parant,
1175 3190 1211 3250 ut
1236 3187 1431 3266 poenitentia
1459 3201 1520 3248 sua
1544 3187 1674 3249 animos
1701 3187 1902 3249 intuentium
1932 3187 1977 3248 ad

322 3285 413 3346 omni
435 3283 585 3362 periculo
605 3285 803 3361 contempto.
831 3284 990 3346 videntes
1010 3286 1120 3346 autem
1176 3285 1312 3346 multam
1359 3285 1682 3346 commiserationem
1728 3285 1974 3361 permoverent.
2099 3343 2100 3354 ,

320 3383 450 3443 tantum
477 3381 569 3442 urbis
589 3381 691 3444 totius
719 3382 911 3454 discrimen,
936 3398 1057 3458 magno
1076 3384 1121 3444 ti·
1175 3383 1277 3444 Erant
1289 3381 1359 3443 illic
1375 3381 1510 3457 milites,
1523 3381 1703 3444 delicatum
1717 3381 1891 3443 hominnm
1909 3397 1976 3457 ge·
2099 3419 2100 3450 ι

320 3494 414 3541 more
437 3479 583 3558 correpti
613 3481 690 3541 sunt
706 3500 714 3541 ι
729 3495 791 3541 nec
817 3481 927 3542 minus
947 3480 1120 3544 terreban·
1176 3495 1251 3551 nus,
1265 3495 1348 3557 quos
1359 3479 1460 3541 etiam
1469 3483 1631 3541 matronae
1646 3477 1786 3552 nobiles,
1800 3495 1869 3556 pras
1882 3480 1977 3540 tene·

319 3578 376 3639 tur
387 3592 551 3654 pauperes
565 3577 721 3651 dominae,
738 3591 799 3638 sna
816 3577 914 3654 culpa
936 3593 993 3639 eas
1005 3577 1120 3640 turbas
1174 3577 1322 3640 ritudine
1350 3576 1408 3638 vix
1439 3591 1475 3638 se
1500 3575 1658 3648 terentes,
1682 3575 1816 3639 nudatis
1834 3575 1978 3653 pedibus

319 3675 502 3737 concitatas
514 3675 717 3736 asserentes.
727 3677 1119 3750 Tumveromagistratus
1175 3674 1409 3752 sequebantur.
1439 3673 1510 3736 Nec
1542 3673 1567 3734 ii
1595 3673 1779 3745 dumtaxat,
1802 3673 1860 3735 sed
1881 3673 1977 3735 cives
2045 3679 2050 3688 '
2099 3705 2100 3746 3

319 3771 415 3832 illum
440 3773 555 3850 populi
578 3772 756 3834 tumultum
777 3787 844 3834 non
859 3772 981 3846 terens,
1005 3788 1119 3834 omnes
1175 3787 1290 3834 omnes
1317 3772 1353 3833 in
1379 3771 1491 3848 partes
1520 3770 1700 3846 distributi,
1730 3771 1827 3833 statis
1855 3769 1976 3831 diebus
2099 3771 2100 3848 ζ

318 3883 400 3930 voce
432 3867 595 3945 praeconis
622 3869 665 3930 ad
692 3867 853 3946 palatium
891 3869 1063 3941 conuocat,
1087 3869 1120 3931 et
1174 3885 1249 3932 cum
1275 3868 1492 3946 processione
1510 3868 1623 3938 simili,
1645 3867 1976 3946 abjectisapedibus

318 3966 429 4042 pontis
443 3964 655 4027 eversoribus
670 3965 851 4034 interdicit,
868 3981 910 4026 ne
923 3981 963 4028 ea
979 3965 1032 4028 die
1043 3967 1118 4027 ausi
1174 3967 1308 4039 calceis,
1331 3966 1373 4027 ad
1396 3975 1527 4030 sacrum
1540 3963 1630 4027 beati
1647 3965 1720 4028 Viri
1734 3965 1898 4030 tumulum
1911 3980 1976 4027 ac-

204 4121 208 4126 .
257 4037 261 4050 ⁸
321 4061 390 4124 sint
412 4063 523 4124 redire
538 4055 690 4124 ad'aedes
706 4079 795 4124 suas.
812 4064 940 4124 amotis
954 4079 1035 4138 ergo
1050 4063 1118 4126 illis
1174 4063 1345 4128 cedebant.
1373 4062 1559 4126 veniebant
1586 4063 1702 4126 itidem
1730 4063 1902 4138 religiosi,
1933 4077 1977 4124 ac

320 4159 495 4222 seditionis
509 4159 712 4234 auctoribus,
734 4161 910 4236 episcopus
923 4175 999 4220 cum
1014 4161 1116 4242 clero,
1173 4165 1340 4239 postremo
1355 4161 1532 4238 episcopus
1543 4161 1694 4223 cumtoto
1705 4159 1807 4232 clerc,
1823 4174 1981 4236 praecep-

319 4255 535 4331 magistratus
550 4270 625 4316 cum
639 4254 813 4330 militibus,
827 4258 860 4318 et
872 4256 1047 4318 innumera
1059 4273 1119 4335 po·
1172 4261 1262 4322 tores
1276 4273 1351 4321 cum
1370 4259 1474 4320 multa
1489 4258 1713 4320 studiosorum
1735 4259 1882 4332 caterva,
1897 4273 1979 4319 ma-

319 4351 390 4428 pnli
416 4351 640 4424 multitudine,
665 4351 827 4414 institutis
848 4368 954 4430 usque
973 4353 1013 4414 ad
1031 4357 1118 4416 sacri
1171 4355 1333 4432 gistratus
1360 4371 1435 4416 cum
1460 4355 1605 4416 militum
1628 4356 1669 4418 et·
1689 4355 1873 4432 potentium
1898 4353 1974 4416 ire-

320 4450 470 4527 corporis
481 4449 588 4511 locum
600 4449 882 4526 processionibus,
895 4467 970 4512 cum
985 4451 1118 4529 hymnis
1172 4453 1321 4532 quentia,
1338 4453 1462 4530 aliique
1478 4453 1688 4514 diversarum
1702 4453 1827 4515 artium
1838 4450 1973 4529 proles-

318 4547 352 4609 et
366 4547 505 4610 canticis
519 4545 760 4624 spiritualibus,
774 4562 832 4624 per
842 4547 985 4610 medium
1000 4550 1118 4627 capitis
1173 4566 1280 4622 sores,
1294 4549 1489 4625 singulatim
1506 4550 1670 4612 ordinatis
1686 4547 1968 4627 processionibus,

319 4646 430 4722 pontis
464 4644 505 4706 ad
540 4644 718 4706 ecclesiam
755 4645 975 4708 sanctissimae
1001 4648 1118 4708 matris
1173 4647 1273 4710 certis
1303 4645 1421 4709 diebus
1444 4648 1479 4708 et
1499 4645 1603 4719 boris,
1621 4661 1736 4709 cereos
1759 4645 1920 4708 babentes
1935 4646 1970 4706 in

318 4744 391 4817 Dei,
411 4743 500 4804 idem
513 4742 700 4804 beatissimi
715 4742 786 4804 Viri
806 4758 928 4819 corpus
942 4743 1027 4805 mira
1042 4759 1117 4805 om·
1172 4744 1338 4816 manibus,
1364 4743 1482 4824 positis
1504 4743 1637 4816 calceis,
1659 4743 1895 4830 decentissime
1910 4742 1974 4804 ad-

318 4841 411 4900 nium
427 4841 635 4902 exultatione
649 4839 867 4904 transierunt.
884 4841 1118 4919 supponebant
1172 4842 1347 4903 venerunt.
1369 4842 1473 4902 Erant
1485 4844 1596 4906 autem
1612 4841 1714 4910 cerei,
1731 4839 1879 4918 quiante
1899 4840 1974 4901 sin-

319 4938 430 4997 autem
454 4938 579 5000 feretro
608 4931 766 4999 lrum'eros
790 4955 870 5000 suos
885 4939 1037 5016 primarii
1055 4941 1118 5000 viri
1172 4939 1269 5016 gulos
1284 4939 1537 5000 adventantium
1557 4939 1661 5001 coetus
1685 4937 1915 5014 portabantur,
1930 4952 1973 4998 ea

319 5034 476 5106 civitatis,
507 5037 541 5095 et
562 5035 790 5110 magistratus,
808 5033 925 5098 beatos
943 5052 979 5098 se
994 5037 1117 5098 existi·
1173 5037 1391 5116 longitudine,
1403 5039 1517 5098 utnon
1527 5036 1593 5097 nisi
1604 5035 1717 5112 aliqua
1728 5035 1974 5112 praecisaparte

319 5130 459 5202 mantes,
477 5131 533 5207 qui
556 5131 703 5192 loculum
730 5133 784 5194 uel
807 5133 927 5195 leviter
953 5133 1118 5209 attingere
1173 5135 1262 5196 intra
1277 5133 1381 5195 aedem
1407 5132 1610 5195 beatissimae
1636 5133 1753 5195 matris
1774 5132 1835 5194 Dei
1853 5131 1974 5193 interri
2099 5193 2100 5198 ,

319 5227 501 5318 merentur.
524 5229 689 5306 Quotquot
714 5230 825 5291 autem
852 5244 967 5292 cereos
994 5231 1118 5293 habere
1173 5233 1319 5309 possent,
1329 5232 1433 5294 multa
1444 5231 1545 5293 etiam
1555 5229 1738 5292 formarum
1752 5229 1842 5292 inter
1859 5245 1896 5292 se
1910 5245 1974 5290 va-

318 5319 509 5402 potuetunt,
533 5341 591 5386 eos
606 5327 935 5389 accensosmanibus
954 5327 1117 5403 terebant,
1173 5330 1292 5391 rietate
1318 5329 1500 5392 artificiose
1526 5327 1687 5391 distincti.
1710 5327 1850 5399 Quidam
1872 5327 1974 5390 etiam

319 5437 461 5501 quorum
475 5421 568 5484 tanta
587 5425 660 5484 erat
675 5425 782 5501 copia,
798 5427 835 5486 ut
858 5441 975 5487 eorum
992 5427 1118 5487 lumine
1173 5443 1243 5504 prae
1273 5442 1335 5488 suo
1370 5426 1517 5504 pondere
1551 5425 1701 5486 humeris
1733 5425 1973 5502 portabantur,

319 5521 416 5598 qnasi
438 5518 508 5581 tota
523 5519 603 5580 urbs
624 5519 828 5584 inflammata
847 5523 1027 5586 videretur.
1055 5523 1119 5586 Ubi
1173 5525 1324 5586 nonnulli
1336 5524 1491 5586 curribus
1500 5522 1718 5586 vehebantur.
1728 5524 1809 5584 Cum
1819 5537 1886 5584 non
1895 5537 1975 5598 pos-

322 5619 362 5680 ad
380 5617 548 5697 perpetuae
564 5617 713 5693 Virginis
729 5618 889 5696 templum
904 5622 1039 5682 ventum
1054 5623 1117 5692 est,
1173 5623 1371 5685 cantantem
1390 5622 1565 5700 praenimia
1580 5620 1792 5684 multitudine
1807 5619 1849 5682 ad
1864 5619 1975 5682 eccle-
