4118 6390
131 253 209 313 1233
503 249 1088 314 PARSPRIMA.-EXPOSIT10
1117 247 1162 308 nt
1191 247 1394 309 rsnnnos.
1489 225 1503 239 ‘
1694 247 1773 309 rael

129 409 308 486 graculum
329 410 467 480 certum,
484 411 521 471 ut
543 425 610 472 non
635 409 751 470 cadam
771 406 813 468 ab
828 407 922 484 ipsis,
960 409 1056 495 ‚cTu
1069 408 1180 468 autem
1202 422 1277 467 cum
1300 407 1462 478 oraveris,
1477 406 1565 467 intra
1586 405 1621 467 in
1636 404 1775 468 cubicu-

129 508 289 582 etlingua
313 521 387 567 mea
410 506 525 582 perdat
549 505 752 566 meteEtin
775 506 923 566 Prover-
979 505 1058 575 lum,
1082 505 1116 566 et
1140 505 1253 565 clauso
1280 505 1377 578 ostio,
1393 519 1452 566 ora
1477 505 1608 565 Patrem
1628 505 1772 564 tuum.»

129 603 195 664 biis
218 603 282 683 (21,
307 601 386 681 23):
412 619 431 664 a<
454 603 515 674 Qui
540 603 685 664 custodit
702 617 738 663 os
762 617 870 672 suum,
892 603 925 661 et
1020 602 1198 677 signanter
1216 603 1324 663 antem
1342 601 1482 663 dicitur:
1497 602 1656 676 EffundO,
1677 599 1773 679 quasi

132 701 281 776 linguam
307 715 412 771 suam,
444 699 588 762 custodit
601 698 643 760 ab
662 697 828 774 augustiis
849 698 925 758 ani·
980 698 1102 776 ubique
1115 698 1275 761 lundein
1287 702 1356 762 toto
1372 699 1564 775 corpore,et
1578 699 1645 759 toto
1661 696 1772 767 corde,

129 813 216 858 marn
232 812 337 858 suam.
354 796 540 857 »Deverbo
554 794 730 869 mendacii,
746 794 926 856 Ecclesias-
979 797 1013 859 et
1033 797 1102 858 toto
1128 795 1243 858 habitu
1264 795 1360 858 debet
1383 796 1529 866 extendi,
1552 795 1585 855 et
1612 793 1773 872 praetendi

129 895 187 956 tici
211 891 275 972 (20,
297 891 351 971 27)
369 915 375 953 :
394 910 413 953 c
431 894 545 954 Potior
565 894 615 955 est
635 892 700 964 tur,
720 907 817 969 quam
838 892 925 951 assi·
979 895 1098 965 oratio,
1128 893 1215 955 sicut
1239 894 1361 970 legitur
1386 893 1505 954 Esther
1533 890 1635 971 (14,’1
1651 891 1692 952 ad
1707 888 1740 970 3)
1765 910 1774 949 =

129 991 240 1054 duitas
267 991 332 1050 viri
359 990 547 1063 mendacis,
573 989 793 1067 perditionem
813 990 923 1051 autem
980 990 1166 1066 «confugit
1180 991 1221 1051 ad
1236 992 1422 1063 Dominum,
1440 1005 1565 1067 pavens
1577 989 1772 1066 periculum,

130 1087 228 1150 ambo
248 1087 502 1148 haereditabunt.
527 1091 608 1148 »De
627 1086 729 1147 verbo
745 1085 923 1162 jnratori0,
980 1088 1067 1164 quod
1080 1087 1285 1149 imminebat.
1295 1086 1774 1164 Cumquedeposuissetvestes

129 1185 353 1247 Ecclesiastici
371 1183 434 1263 (23,
446 1184 479 1264 9)
497 1206 504 1243 :
519 1185 926 1246 «turationinonassues-
980 1185 1103 1260 regias,
1121 1184 1266 1258 fletibus,
1296 1187 1329 1246 et
1356 1184 1461 1246 luctui
1489 1185 1566 1261 apta
1581 1183 1775 1244 indumenta

130 1285 184 1344 cat
199 1298 236 1343 os
252 1285 357 1353 tuum,
372 1281 467 1342 multi
489 1283 578 1342 enim
601 1296 699 1342 casus
713 1281 748 1340 in
762 1280 833 1340 illa.
848 1282 925 1340 »Ee
981 1282 1137 1360 suscepit,
1154 1285 1186 1344 et
1201 1299 1260 1359 pro
1279 1283 1458 1357 unguentis
1473 1282 1588 1352 variis,
1602 1283 1725 1347 cinere,
1742 1280 1776 1339 et

130 1379 231 1440 verbo
246 1375 922 1456 indisciplinato,ineodem(23,17et18):
981 1375 1126 1440 stercore
1152 1380 1303 1456 implevit
1329 1382 1437 1456 caput,
1468 1380 1501 1440 ct
1522 1395 1642 1454 corpus
1678 1390 1774 1436 sunm

130 1477 420 1552 «indisciplinatae
444 1475 585 1552 loquelae
608 1491 674 1535 non
696 1475 868 1535 assuescat
888 1489 924 1534 os
980 1475 1172 1538 humiliavit
1203 1475 1342 1553 jejuniis
1378 1477 1590 1553 :omniaque
1618 1475 1710 1544 loca,
1739 1472 1775 1533 in

129 1576 222 1635 tuum
248 1595 256 1632 ε
281 1574 332 1635 est
352 1574 441 1634 enim
469 1573 505 1633 in
530 1573 587 1633 illa
623 1570 760 1633 verbum
784 1571 923 1648 peccati.
981 1571 1099 1648 quibus
1114 1571 1222 1634 laetari
1236 1575 1466 1643 consueverat,
1482 1571 1626 1633 crinium
1646 1571 1778 1631 lacera-

129 1673 294 1731 Memento
305 1671 421 1747 patris,
434 1672 467 1730 et
482 1670 685 1736 matristuae,
699 1685 718 1729 a
732 1668 819 1729 idest
832 1668 923 1739 Adae,
980 1670 1072 1730 tione
1092 1669 1236 1746 replerit
1256 1667 1315 1749 (1).
1336 1670 1376 1731 Et
1397 1667 1637 1746 deprecabatur
1658 1665 1776 1728 Domi-

129 1770 162 1829 et
176 1769 264 1836 Evae,
280 1782 419 1844 quorum
432 1768 570 1842 uterque
585 1765 703 1826 habuit
714 1765 851 1826 verbum
867 1764 925 1824 in·
980 1781 1071 1826 num.
1088 1783 1105 1826 »
1120 1769 1203 1827 Ecce
1219 1767 1363 1843 qualiter
1389 1767 1500 1840 corde,
1521 1767 1555 1827 et
1569 1765 1685 1828 habitu
1699 1779 1778 1826 ora-

129 1863 395 1940 discipliuatum;
421 1865 457 1924 ul
473 1879 587 1924 eorum
603 1863 755 1939 exemplo
770 1865 803 1924 te
814 1862 924 1924 corri-
980 1864 1105 1925 tionem
1119 1863 1313 1938 complebat,
1330 1865 1384 1924 vel
1394 1863 1538 1926 orationi
1553 1863 1775 1924 incumbebat.

129 1977 199 2036 gas.
215 1964 262 2022 De
276 1959 378 2022 verbo
392 1960 577 2037 improvido
590 1958 751 2020 babemus
764 1959 799 2018 in
810 1960 925 2020 eodem
982 1959 1036 2020 Sic
1051 1959 1255 2020 dehetetiam
1272 1958 1384 2020 lacere
1399 1959 1507 2020 tidelis
1520 1960 1644 2020 anima.
1659 1961 1779 2035 Rejec-

131 2060 200 2137 (21,
228 2056 281 2136 29)
312 2075 319 2118 :
350 2073 369 2118 c
396 2060 432 2117 ln
459 2073 518 2117 ore
550 2056 717 2118 fatuorum
751 2073 809 2118 cor
843 2056 924 2117 illo·
980 2057 1023 2118 tis
1047 2055 1196 2119 vestibus
1219 2056 1334 2132 gloriae
1357 2057 1563 2133 temporalis,
1585 2055 1718 2123 fletum,
1746 2053 1779 2116 et

129 2171 228 2228 rum;
254 2156 287 2217 et
315 2155 349 2214 in
373 2154 472 2216 corde
497 2154 699 2230 sapientium
721 2167 925 2214 oscorum.»
981 2154 1106 2215 luctum
1129 2153 1332 2229 poenitentiae
1366 2155 1401 2214 in
1428 2155 1580 2214 oratione
1604 2153 1776 2229 suscipiat,

129 2256 177 2314 De
189 2251 290 2314 uerbo
312 2251 525 2312 excusatorio
549 2249 709 2310 babemus
724 2250 926 2312 Ecclesiaste
982 2266 1041 2327 pro
1057 2251 1235 2325 unguentis
1253 2250 1356 2312 variis
1375 2249 1632 2311 delectationum
1654 2252 1778 2326 tempo·

131 2350 175 2428 (5,
200 2348 232 2427 5)
251 2371 258 2409 :
274 2351 356 2410 «ΝΘ
379 2348 510 2410 dederis
537 2363 574 2408 os
600 2349 704 2419 tuum,
727 2349 763 2409 ut
786 2362 925 2424 peccare
980 2347 1115 2416 ralium,
1138 2350 1267 2420 cinere,
1282 2345 1367 2408 idest
1387 2349 1547 2407 memoria
1572 2347 1779 2422 tragilitatis

130 2448 235 2508 facias
259 2461 394 2507 carnem
418 2449 509 2506 tuam
521 2467 529 2519 3
543 2461 560 2504 a
576 2445 672 2521 quasi
695 2444 784 2505 dicat
800 2465 807 2504 :
824 2446 875 2504 ΝΘ
893 2443 926 2505 te
981 2445 1015 2506 et
1027 2447 1190 2515 stercore,
1209 2444 1295 2506 idest
1307 2445 1538 2507 recordatione
1552 2445 1696 2522 propriae
1708 2443 1779 2505 ini-

130 2559 282 2615 excuses,
300 2545 337 2605 ut
360 2547 393 2604 te
419 2543 512 2604 dicas
539 2558 581 2604 ex
608 2542 720 2603 carnis
744 2541 926 2617 fragilitate
981 2541 1128 2619 quitatis,
1144 2542 1264 2602 mentis
1279 2543 1381 2616 caput
1395 2543 1561 2618 aspergat.
1579 2545 1625 2603 De
1638 2541 1692 2602 his
1706 2556 1775 2602 aa·

130 2657 270 2718 peccare
287 2655 414 2717 :neque
427 2640 519 2700 dicas
531 2655 643 2700 coram
657 2639 787 2715 angelo,
799 2639 927 2700 scilicet
980 2641 1117 2715 pacatis
1133 2639 1254 2700 dicitur
1274 2639 1306 2699 in
1328 2640 1473 2700 secundo
1497 2639 1778 2716 Paralipomenon

132 2739 322 2809 sacerdote,
359 2737 436 2797 dum
469 2737 638 2798 confiteris
672 2739 807 2814 peccata
842 2739 923 2796 tua:
983 2733 1046 2815 (16,
1064 2735 1128 2814 14),
1150 2737 1567 2812 quodnposuerunthsam
1581 2751 1681 2812 super
1702 2735 1776 2796 lec-

130 2837 205 2896 Non
239 2836 291 2897 est
330 2833 551 2910 providentia,
586 2833 643 2894 sed
679 2849 760 2895 casu
782 2834 927 2910 aguntur

131 2933 243 2994 omnia
274 2953 281 2992 :
307 2930 449 2992 nelorte
477 2933 585 2992 iratus
614 2933 701 2992 Deus
717 2923 827 3006 'snper
849 2945 927 2990 sar-

130 3045 245 3090 mones
282 3030 369 3100 tuos,
404 3027 544 3105 dissipet
570 3030 690 3090 cuncta
724 3042 825 3104 opera
852 3042 927 3088 ma-

125 3141 234 3192 'uuum
248 3127 393 3188 tuarum.

373 3303 513 3364 SERMO
540 3303 686 3364 CCLXV.

131 3474 324 3546 Quomodosit
338 3472 476 3530 orandum
494 3472 522 3528 ln
539 3480 693 3546 conspectu
712 3473 773 3529 Dei.
789 3474 825 3530 Ut
836 3473 927 3528 oratio

167 3562 328 3620 ellundatur
342 3576 406 3618 cum
427 3559 610 3628 abundantia,
632 3566 753 3633 oportet,
773 3567 805 3616 ut
826 3574 925 3632 proce·

167 3652 214 3709 dat
230 3665 265 3708 ax
280 3652 383 3707 mentis
397 3647 549 3705 desiderio.

131 3823 279 3898 Effurzdo
293 3825 330 3882 tn
343 3819 788 3893 conpectuejusorattonem
800 3831 925 3892 meam,

172 3919 204 3980 et
216 3920 471 3980 tribulationem
477 3931 591 3977 meam
603 3916 685 3976 ante
699 3918 831 3990 mptum
842 3930 928 3991 pro-

172 4019 307 4077 nuncia.
326 4013 429 4094 (Psal.
443 4014 511 4085 141,
528 4009 575 4092 3.)

171 4191 233 4253 Η1Θ
268 4192 437 4263 docemur,
472 4189 636 4267 quomodo
674 4188 717 4250 sit
751 4189 923 4250 orandum.

131 4289 299 4350 orandum
324 4291 375 4350 est
396 4289 454 4355 ita,
471 4289 507 4348 ut
528 4288 636 4349 oratio
652 4285 926 4348 effundaturcum

129 4385 333 4452 abundantia
359 4385 394 4445 in
417 4386 596 4460 conspectu
620 4383 769 4456 Domini,
795 4384 924 4446 etcum

127 4483 257 4544 delectu
292 4481 429 4556 spir-itus
463 4481 582 4540 nostri.
620 4481 713 4552 Quod
746 4483 857 4543 autem
878 4481 926 4542 sic

126 4577 317 4638 effundatur
339 4575 457 4644 oratio,
480 4575 621 4650 oportet,
650 4577 687 4637 ut
705 4577 865 4650 precedat
881 4591 924 4636 ex

982 2834 1050 2894 tum
1067 2850 1175 2904 sunm,
1186 2834 1320 2910 plenum
1334 2832 1549 2904 aromatibus,
1560 2833 1778 2908 etunguentis

982 2929 1195 3002 meretriciis,
1209 2947 1281 3007 quae
1292 2932 1467 2992 erantarte
1481 2930 1778 3008 pigmentariorum

982 3026 1144 3088 conlecta.
1166 3043 1184 3088 p
1204 3029 1262 3087 Hae
1285 3029 1363 3089 sunt
1388 3027 1624 3090 delectationes
1651 3025 1776 3096 saeculi,

982 3139 1056 3201 quae
1084 3137 1103 3183 a
1129 3123 1353 3196 daemonibus,
1384 3125 1519 3186 reluta
1546 3123 1778 3201 pigmentariis

983 3221 1054 3282 arte
1067 3220 1213 3296 maligna
1225 3221 1457 3283 conficiuntur.

1024 3317 1181 3394 Sequitur
1209 3317 1249 3380 de
1278 3320 1406 3390 Esther,
1437 3335 1510 3396 quae
1537 3334 1657 3395 corpus
1681 3331 1778 3378 suum

982 3414 1175 3476 humiliavit
1207 3417 1357 3491 jejuniis,
1398 3417 1476 3492 quia
1512 3415 1656 3476 fideliter
1678 3430 1778 3475 orans

983 3511 1210 3570 maceratione
1257 3512 1368 3592 carnis
1402 3526 1518 3572 carere
1557 3527 1624 3571 non
1664 3510 1777 3572 debet.

983 3605 1055 3666 loca
1071 3606 1182 3676 etiam,
1200 3605 1369 3682 inquibus
1385 3605 1547 3670 delectata
1571 3607 1691 3679 fuerat,
1709 3607 1779 3667 cri-

983 3701 1076 3761 nium
1101 3701 1305 3764 laceratione
1333 3703 1489 3778 replevit.
1516 3705 1564 3764 lta
1591 3704 1624 3764 et
1651 3704 1774 3774 omnia,

983 3798 1063 3874 quot
1083 3799 1118 3859 in
1143 3814 1179 3860 se
1202 3798 1320 3861 babuit
1341 3798 1593 3872 oblectamenta,
1606 3800 1654 3861 tot
1678 3798 1718 3860 de
1740 3815 1776 3860 se

983 3895 1134 3956 inveniat
1152 3894 1359 3958 holocausta.
1374 3899 1411 3956 ln
1433 3897 1506 3973 ipsa
1524 3896 1635 3967 etiam,
1654 3912 1778 3956 secun·

983 3993 1061 4052 dum
1081 3991 1167 4070 quod
1190 3993 1313 4054 dicitur
1335 3994 1371 4054 in
1391 3993 1453 4055 boc
1474 3994 1548 4056 loco
1565 4016 1571 4054 :
1589 3992 1778 4055 Deficiendo

982 4105 1026 4150 ex
1048 4104 1101 4150 me
1125 4089 1279 4165 spiritum
1300 4105 1422 4161 meum,
1448 4090 1617 4153 defecerat
1639 4090 1778 4167 spiritus

983 4185 1164 4263 superbiae;
1178 4201 1256 4247 nam
1271 4187 1401 4249 dicebat
1412 4187 1537 4268 (lale)
1555 4211 1563 4248 :
1579 4191 1628 4249 Tu
1641 4187 1708 4248 scis
1723 4203 1780 4249 ne·

982 4284 1182 4355 cessitatem,
1204 4284 1237 4346 et
1259 4285 1487 4348 infirmitatem
1509 4301 1628 4357 meam,
1646 4285 1777 4362 etquod

982 4397 1043 4456 ego
1059 4381 1233 4442 abominer
1252 4383 1383 4458 signum
1409 4383 1582 4459 superbiae,
1607 4385 1640 4444 et
1661 4382 1778 4458 gloriae

981 4493 1075 4552 meae,
1092 4479 1177 4555 qued
1195 4482 1245 4541 est
1260 4497 1360 4556 super
1372 4481 1470 4556 caput
1483 4495 1593 4540 meum
1608 4480 1642 4538 in
1660 4480 1713 4539 die
1729 4477 1776 4558 (2)

982 4575 1779 4653 ostentationismeeeetdetesterilludquasipan·
1871 4585 1872 4588 ’

131 4674 251 4735 mentis
266 4671 445 4741 desiderio,
461 4672 508 4732 ita
525 4672 672 4732 utorans
687 4671 731 4732 sit
743 4671 860 4734 Daniel
872 4674 926 4734 vir
981 4688 1060 4733 num
1084 4674 1308 4734 menstruatae.
1339 4675 1422 4734 Ecce
1444 4673 1588 4750 qualiter
1611 4672 1779 4735 deiecerat

131 4771 386 4840 desideriorum.
402 4769 451 4834 Ad
473 4769 537 4830 boc
552 4769 588 4836 ut
600 4769 770 4842 ascendat,
784 4773 924 4846 oportet,
982 4769 1118 4845 spiritus
1134 4768 1310 4846 superbiae,
1327 4771 1360 4831 et
1374 4770 1428 4830 ris
1442 4770 1586 4847 propriae
1602 4770 1775 4832 contlden-

131 4870 168 4930 ut
181 4868 225 4929 sit
238 4865 363 4936 iudith,
390 4864 476 4943 quod
497 4865 737 4941 interpretatur
747 4865 924 4929 consessio.
980 4867 1047 4928 tiae.
1062 4864 1154 4928 Unde
1170 4867 1320 4943 sequitur
1335 4867 1399 4944 (15,
1415 4866 1467 4946 10)
1484 4889 1490 4927 :
1505 4869 1615 4927 «Cum
1630 4883 1691 4928 rex
1708 4867 1778 4928 ele-

129 4969 208 5036 llaec
221 4966 309 5030 enim
325 4962 411 5024 tollit
422 4962 553 5033 nubem,
569 4978 641 5039 quae
659 4963 839 5039 opponitur
848 4963 926 5041 qui·
980 4965 1093 5025 resset
1104 4962 1236 5034 faciem,
1254 4949 1494 5024 et'ardentibus
1508 4965 1614 5026 oculis
1630 4965 1777 5026 turorem

127 5063 278 5133 busdam,
302 5076 344 5122 ne
367 5061 518 5126 transeat
534 5058 653 5121 oratio.
671 5061 763 5132 Quod
777 5062 810 5121 et
825 5060 927 5122 faciat
980 5059 1123 5137 pectoris
1147 5059 1340 5132 indicasset,
1367 5061 1486 5136 regina
1513 5063 1653 5130 corruit*
1685 5063 1776 5125 etin

129 5161 164 5229 in
181 5159 359 5234 conspectu
381 5156 524 5228 Domini,
551 5158 583 5217 et
603 5171 670 5217 non
688 5156 878 5232 hominnm3
894 5165 927 5228 et
980 5158 1141 5235 pallorem
1158 5158 1270 5219 colore
1288 5159 1426 5230 mutate,
1451 5159 1576 5219 lassum
1601 5175 1701 5238 super
1716 5176 1779 5222 an-

130 5257 194 5317 erit
208 5255 337 5328 Esther,
351 5253 439 5316 idest
453 5254 626 5316 absconsa.
637 5254 785 5316 Matthaei
800 5252 844 5333 (6,
860 5255 892 5334 6)
915 5270 923 5314 :
981 5255 1092 5316 cillam
1102 5252 1149 5333 (3)
1168 5255 1346 5316 reclinavit
1358 5257 1468 5333 caput.
1486 5257 1573 5318 »Sic
1583 5257 1692 5320 tidelis
1708 5257 1780 5317 ani·

165 5464 206 5538 (1)
219 5465 304 5536 Vulg.
322 5480 328 5523 :
346 5465 509 5536 complevit.

165 5535 206 5607 (1)
223 5537 327 5607 vulg.;
344 5535 454 5598 diebu„
1016 5467 1057 5540 (3)
1074 5467 1159 5541 Vulg·
1174 5467 1369 5570 rancidulam.
