4226 6406
324 287 385 350 att

326 459 390 504 mus
401 452 430 503 te
441 443 551 503 Christe
565 441 601 499 ad
615 455 716 499 omnes
736 439 874 500 ecclesIas
887 445 960 510 tuas,
972 456 1036 513 qua
1052 449 1119 500 sunt

326 535 355 592 in
368 540 426 593 toto
438 530 555 600 mundo,
571 537 599 587 et
613 529 810 588 benedicimus
824 529 885 598 tibi,
899 531 965 602 quia
982 545 1033 603 per
1047 531 1116 590 Gru·

325 637 389 681 cem
403 629 481 679 tuam
496 625 624 678 sanctam
636 616 780 676 redemisti
795 617 932 676 mundum
947 617 999 692 (l).

547 787 778 857 COLLOQUIUII
797 785 888 844 XXX.

509 906 651 964 noema
664 905 791 976 faciliter
800 902 931 976 epirpari.

361 1025 488 1082 Fratrem
513 1019 683 1093 quemdam,
709 1019 844 1092 angelum
871 1019 998 1086 nomine,
1027 1018 1118 1076 malos

326 1113 447 1185 angelos
469 1109 552 1168 ualde
572 1109 701 1166 timuisse
721 1113 835 1179 propter
856 1105 1019 1164 horribilem
1032 1121 1117 1178 quam

326 1216 392 1260 cum
407 1199 463 1258 illis
482 1196 580 1255 habuit
601 1210 739 1270 pugnam,
765 1194 886 1266 audivit;
907 1195 955 1266 qui
982 1209 997 1252 a
1019 1201 1118 1252 sancto

326 1293 411 1348 Patre
424 1294 553 1355 vocatus,
568 1287 608 1342 ita
634 1299 667 1342 se
692 1297 753 1342 rem
775 1282 881 1342 babere
900 1281 1050 1340 confessus
1064 1290 1117 1352 est,

326 1378 385 1436 imo
397 1384 425 1434 ct
439 1376 549 1434 socium
566 1381 735 1432 nocturnum
755 1370 771 1430 b
787 1375 871 1430 Patre
886 1373 996 1445 petivit,
1010 1373 1058 1445 qui
1071 1386 1117 1430 se·

326 1480 390 1524 eum
404 1467 433 1522 iu
452 1463 552 1522 cellula
565 1462 715 1532 dormiret3
732 1463 849 1518 timores
872 1462 950 1518 eninr
965 1467 1120 1518 nocturnos

325 1553 449 1626 majores
473 1559 503 1619 et
522 1550 699 1608 molestiores
726 1549 886 1608 atiirmabat
907 1563 972 1606 esse
997 1547 1117 1606 diurnis.

325 1641 376 1700 Cui
389 1640 489 1698 beatus
505 1646 584 1712 pater
600 1657 607 1696 ;
621 1661 632 1690 ‹
650 1638 701 1696 Eia
715 1637 824 1704 timide,
839 1637 906 1710 quid
920 1637 1078 1696 imbecilles
1092 1643 1120 1694 et

325 1728 454 1788 infirmos
468 1727 565 1787 hostes
584 1728 702 1796 vereris,
718 1741 838 1799 quorum
854 1727 930 1784 vires
948 1733 977 1783 et
996 1733 1119 1798 potesta·

324 1823 383 1876 tem
397 1819 489 1875 licum
504 1831 593 1889 penes
607 1830 672 1874 esse
691 1816 798 1887 optime
813 1815 912 1872 nosti?
925 1813 1001 1886 quod
1016 1822 1046 1872 ut
1068 1828 1118 1870 ex·

324 1905 453 1978 pariaris,
480 1911 507 1962 te
519 1903 616 1975 jubeo,
635 1910 666 1960 ut
686 1904 791 1960 montis
815 1901 900 1975 huius
918 1901 1004 1960 vicini
1018 1901 1119 1960 altiora

324 1994 476 2052 cacumina
489 1991 629 2051 ascendas
644 1992 723 2049 solus
742 1992 797 2049 hac
820 1997 914 2060 nocte,
933 1997 962 2048 et
979 1991 1034 2048 alta
1049 2003 1120 2048 voce

324 2080 426 2142 dicas:
452 2081 572 2155 Superbi
592 2080 748 2149 daemones,
771 2093 872 2139 omnes
899 2079 995 2136 venite
1016 2077 1052 2148 ad
1073 2091 1120 2135 me

324 2171 421 2243 modo,
437 2179 466 2230 et
480 2169 615 2243 quidquid
631 2169 769 2241 poteritis,
785 2167 856 2224 mihi
867 2167 963 2238 tacite,
977 2172 1006 2224 et
1019 2167 1049 2224 in
1073 2181 1120 2224 ms

324 2270 451 2320 vestrum
463 2265 594 2317 exercete
606 2257 740 2316 furorem.
756 2278 767 2308 ι
784 2255 865 2326 Quod
876 2257 963 2314 utille
976 2255 1120 2314 humiliter

324 2350 400 2421 fecit,
417 2363 471 2408 nec
484 2349 558 2406 ullus
572 2345 686 2404 daemon
701 2347 832 2416 accessit,
848 2359 964 2403 emnem
984 2344 1120 2417 deinceps

325 2439 435 2513 depulit
447 2445 555 2496 metum
569 2435 621 2510 (i).

535 2576 767 2645 conlocarunt
797 2575 900 2634 XXXI.

402 2695 445 2752 Dr
462 2692 563 2761 eodeni,
583 2695 608 2748 et
626 2691 768 2747 diabolum
786 2690 930 2747 homiaem
948 2689 1036 2746 corde

650 2779 799 2836 indurare.

361 2897 535 2956 Gravissima
562 2893 685 2967 quadam
711 2893 867 2950 tentatione
898 2893 1044 2966 perculsus
1068 2890 1119 2950 fuit

324 2982 568 3044 beatusRufiinus
586 2982 661 3039 circa
680 2980 807 3038 divinam
827 2979 1117 3053 praedestinationem,

325 3089 379 3148 qua
395 3074 502 3131 nullam
515 3071 653 3144 maiorem
665 3075 800 3143 expertus
814 3075 877 3126 est:
899 3076 1029 3127 suaserat
1041 3071 1119 3126 enim

327 3163 355 3222 ei
370 3161 510 3230 dIsbolus,
528 3173 629 3218 omnes
643 3157 757 3216 labores
773 3171 864 3215 vanos
878 3164 906 3214 et
933 3158 1026 3216 irritus
1042 3173 1116 3229 esse,

324 3250 392 3308 dum
407 3250 537 3323 apparuit
554 3249 582 3305 ei
595 3247 684 3305 semel
706 3245 736 3302 iu
754 3243 844 3304 forma
868 3244 971 3304 Christi
992 3245 1119 3304 crucifixi

325 3339 378 3397 sub
401 3336 514 3411 pietatis
545 3336 656 3409 speeie3
679 3349 767 3406 quare
790 3336 948 3406 torqueris,
969 3333 1117 3408 inquiens,

325 3439 434 3500 pauper
445 3424 628 3492 homuncrde,
640 3429 668 3482 et
683 3421 753 3480 nihil
774 3421 907 3495 proheta?
927 3437 1063 3496 quorsum
1078 3429 1119 3481 tot

324 3515 470 3572 orationes
490 3519 519 3570 et
537 3512 667 3585 jeJuniai
690 3513 777 3568 'fotus
800 3509 924 3570 mundus
948 3526 1006 3569 non
1026 3519 1120 3584 potest

324 3609 434 3662 mutare
447 3599 524 3676 ¹quod
546 3600 635 3658 semel
659 3599 757 3656 statuit
779 3601 865 3656 Deus.
891 3601 932 3656 Tu
951 3613 1009 3657 oon
1031 3615 1063 3658 es
1083 3599 1118 3657 de

323 3705 443 3749 numero
459 3688 734 3763 predestinatorum,
756 3685 807 3744 sed
824 3685 1033 3746 damnatorum.
1052 3687 1116 3747 Pic-

322 3786 381 3840 tatc
397 3785 490 3836 motus
506 3785 724 3846 tecommooeo,
744 3782 772 3832 te
793 3774 901 3845 hortor,
923 3791 960 3833 ne
972 3784 1031 3834 tam
1049 3775 1118 3833 dure

323 3869 441 3942 patiens
456 3883 464 3924 ι
482 3865 648 3925 memineris
662 3871 689 3922 te
705 3879 768 3922 esse
790 3863 958 3931 damnatum
981 3879 1118 3923 unacum

266 4015 269 4020 ,
323 3955 382 4015 filio
400 3956 475 4016 Petri
497 3953 683 4022 Bernardoni,
704 3959 732 4010 et
755 3968 820 4010 cum
849 3953 951 4011 ceteris
974 3953 1117 4024 omuibus,

323 4051 460 4120 quotquot
472 4058 538 4100 eum
553 4042 715 4115 sequimini.
733 4039 776 4100 hd
791 4040 853 4098 haec
869 4043 983 4100 territus
1002 4043 1033 4099 B.
1047 4041 1116 4100 itui-

323 4133 409 4202 lluus,
425 4145 532 4204 magno
552 4144 674 4188 moercre
697 4143 781 4201 quem
802 4130 876 4187 solct
890 4129 1024 4203 princeps
1037 4135 1115 4187 tene-

323 4220 438 4279 brarum
454 4219 604 4276 immittere
620 4216 740 4274 affectus
755 4223 808 4274 est.
828 4217 909 4276 Unde
929 4219 1011 4290 quasi
1033 4217 1118 4278 frdem

324 4325 394 4384 erga
421 4311 512 4368 Deum
543 4314 573 4364 et
601 4309 633 4365 B.
658 4307 772 4363 Patrem
802 4307 987 4364 franciscum
1012 4309 1116 4366 amisit.

324 4397 415 4472 Hujus
432 4397 471 4453 rei
487 4396 518 4453 B.
536 4396 619 4454 Pater
637 4393 741 4452 certior
763 4391 864 4462 lactus,
886 4394 1042 4466 vidensque
1061 4411 1119 4454 ma·

324 4501 414 4562 gnum
429 4485 584 4544 discrimen
601 4482 741 4555 discipulo
753 4497 806 4539 suo
816 4483 977 4552 imminere,
991 4482 1067 4540 misit
1083 4483 1118 4542 ad

324 4577 404 4634 illum
427 4575 458 4632 Β.
495 4571 611 4630 tratrem
636 4572 787 4630 biassseum
814 4570 851 4628 ad
877 4577 1004 4628 montem
1030 4571 1117 4629 Suba-

323 4666 409 4733 sium,
419 4665 448 4722 in
457 4667 594 4734 quototus
609 4657 822 4718 haesitabundus
829 4667 858 4718 et
869 4658 971 4716 dubius
981 4659 1115 4717 versaba-

323 4761 377 4812 tur.
385 4754 476 4823 Quem
485 4749 713 4824 posteaquamli.
724 4747 861 4833 dlassacus
871 4747 995 4804 visitavit
1003 4749 1119 4807 nomine

323 4843 355 4899 B.
370 4842 470 4908 Patris,
486 4836 632 4911 respondit
655 4837 701 4894 ille
727 4835 843 4907 quidem
866 4835 953 4892 nimis
980 4835 1115 4910 despera·

323 4927 428 4998 hunde,
445 4927 553 4984 nullum
568 4925 622 4982 sibi
637 4937 701 4982 esse
711 4937 777 4980 cum
790 4923 943 4981 FrancIsco
957 4927 1117 4997 negotium,

324 5015 452 5088 nihinue
466 5015 522 5072 illis
542 5027 607 5071 esse
623 5024 787 5071 commune.
806 5010 849 5068 lid
867 5009 930 5068 haec
955 5013 1116 5070 hisssasus:

324 5105 414 5174 Hem,
439 5101 508 5175 quid
529 5100 601 5159 dicis
627 5099 713 5158 trater
737 5097 871 5157 ltuiiincl
895 5099 959 5172 quIs
981 5107 1009 5157 tc
1032 5099 1115 5158 lasci·

324 5243 482 5385 Berao.,ll
495 5330 535 5386 p.,
545 5257 695 5395 ilistor.,X
713 5313 767 5368 XX
795 5351 804 5380 ,
819 5324 845 5367 o.
859 5253 970 5394 &mnf
983 5241 1114 5394 Qem'

361 5387 401 5460 (i)
417 5387 481 5470 hep.
498 5387 599 5455 anltq.;
613 5384 721 5454 Pusam,
737 5381 755 5440 l.
772 5384 794 5452 l,
812 5381 894 5453 conf.
914 5381 942 5451 8,
955 5395 984 5439 m
1003 5381 1068 5441 lca
1081 5383 1115 5442 B.

323 5459 438 5601 Αἲὲςὴξ
453 5527 527 5594 Gor,
540 5539 578 5593 xr,
594 5523 636 5580 tl.

360 5602 401 5677 (t)
423 5595 538 5665 Enoch,
555 5607 652 5660 anxur,
664 5592 709 5649 26.

374 5243 533 5317 iiiiouav,
548 5256 611 5314 cap.
631 5241 657 5310 i,
697 5254 776 5298 arum
807 5246 853 5297 ost

758 285 790 344 S.
814 281 1034 346 FRANGISCI
1055 284 1284 348 assistatis
1306 283 1535 350 OPUSGULA.

1906 285 1974 352 416

1172 444 1251 501 navit
1276 457 1312 500 ue
1338 442 1470 502 obedires
1494 442 1628 502 veritati?
1653 458 1787 518 quorsum
1815 444 1898 504 bac?
1928 459 1972 504 an

1173 531 1290 605 ignoras
1311 531 1426 589 beatum
1451 535 1564 591 Putrem
1583 547 1649 590 esse
1673 533 1755 606 quasi
1779 535 1915 606 angeium
1929 535 1973 593 de

1172 621 1264 677 eoelot
1277 621 1350 689 Quot
1365 621 1470 677 animae
1493 635 1546 678 suo
1567 620 1680 678 hortatu
1699 621 1845 680 salvantur
1865 630 1893 680 et
1906 623 1969 680 sal·

1172 707 1334 766 vabuutur?
1368 707 1432 766 volo
1456 715 1487 766 ut
1510 723 1623 766 mecum
1649 709 1779 781 protinus
1805 711 1907 769 venias
1929 711 1972 768 ad

1173 798 1204 854 B.
1217 798 1340 866 Patrem,
1354 798 1402 869 qui
1418 803 1445 854 tc
1458 797 1546 869 cupit,
1564 804 1591 854 te
1617 805 1710 855 vocat.
1739 796 1889 871 hcquieait
1912 801 1972 857 im·
2086 817 2092 826 ·

1173 892 1293 958 portune
1308 885 1452 956 flagitatus
1466 885 1607 943 Rusticus.
1623 886 1714 955 Quem
1726 892 1757 943 ut
1771 885 1842 944 vidIt
1864 889 1896 944 B.
1909 889 1969 946 Pa·

1173 980 1216 1029 ter
1236 971 1435 1042 accedentem,
1457 975 1496 1030 ait
1512 991 1546 1030 :‹
1571 975 1633 1030 lieu
1651 972 1738 1031 trater
1750 973 1875 1045 Rufius,
1891 991 1966 1048 quc-

1173 1060 1258 1118 modo
1275 1059 1404 1118 diabolus
1428 1068 1455 1118 te
1470 1061 1611 1119 misellum
1627 1060 1755 1134 decepit:
1780 1076 1877 1120 nonne
1891 1063 1972 1121 nosti

1174 1148 1316 1221 quomodo
1330 1151 1413 1207 toties
1427 1164 1460 1207 se
1474 1148 1607 1208 transfert
1621 1151 1650 1207 iu
1666 1151 1801 1224 angelum
1815 1151 1886 1208 lucis
1896 1151 1938 1224 (3)
1951 1152 1969 1209 i

1174 1236 1309 1295 Diabolus
1340 1237 1487 1294 hominum
1506 1237 1590 1295 corda
1616 1237 1846 1308 indurat31ieus
1871 1245 1972 1296 autem

1174 1325 1291 1395 emollit,
1312 1325 1391 1398 iuxta
1413 1326 1481 1384 illud
1496 1341 1502 1383 :
1519 1325 1656 1384 Auferam
1678 1341 1694 1384 a
1716 1325 1797 1384 vobis
1818 1341 1867 1384 cor
1889 1327 1969 1400 lapi·

1174 1412 1270 1482 deum,
1284 1412 1486 1471 etdabcvobts
1498 1428 1693 1472 coroarneum
1705 1414 1757 1488 (i).
1778 1415 1830 1472 Dei
1841 1416 1972 1474 visiones

1174 1501 1301 1558 letitiam
1321 1509 1476 1575 generaut;
1500 1501 1615 1572 dtaboli,
1637 1503 1800 1561 moestitiam
1822 1504 1970 1576 ingerunt.

1175 1589 1265 1663 Huius
1289 1591 1409 1648 visionis
1438 1591 1643 1664 experientiam
1669 1590 1714 1648 fae
1742 1605 1839 1664 quaeso
1867 1591 1970 1664 huius·

1175 1677 1252 1736 modi
1272 1696 1280 1736 :
1302 1679 1435 1737 convitiis
1450 1686 1499 1737 aut
1517 1681 1659 1752 vituperio
1682 1681 1784 1738 iterum
1805 1680 1857 1737 tibi
1878 1695 1968 1752 appa·

1174 1773 1284 1824 rentem
1300 1766 1392 1836 attice,
1404 1781 1467 1839 qua
1478 1781 1528 1840 pro
1542 1781 1594 1825 sua
1606 1767 1737 1837 superbia
1753 1770 1896 1826 sustinere
1911 1783 1972 1826 nou

1175 1855 1286 1928 poterit,
1304 1857 1372 1928 quin
1383 1857 1478 1913 statim
1493 1863 1659 1930 evanescat,
1669 1864 1697 1914 et
1709 1871 1740 1914 se
1753 1869 1893 1929 suamque
1903 1871 1970 1929 pro-

1174 1943 1223 2000 dat
1244 1945 1376 2001 astutiam
1384 1959 1393 2015 ;
1420 1944 1532 2002 iuterim
1550 1945 1580 2000 iu
1602 1945 1724 2002 Domino
1749 1945 1856 2014 laetare,
1885 1951 1914 2002 et
1938 1945 1972 2004 iu

1174 2031 1237 2104 ejus
1251 2031 1367 2090 salutari
1386 2031 1508 2091 nonddc.
1525 2054 1536 2084 ι
1552 2033 1643 2104 Goepit
1655 2032 1692 2090 ad
1703 2033 1765 2091 hec
1778 2033 1869 2107 ignita
1881 2033 1971 2092 verba

1177 2119 1306 2178 [tamnus
1317 2120 1524 2194 collacrymari,
1540 2129 1568 2178 et
1587 2121 1626 2178 ita
1641 2121 1710 2180 abiit
1731 2122 1819 2180 tristis
1833 2121 1869 2180 ad
1881 2137 1968 2180 mou·

1174 2217 1242 2278 tem,
1254 2217 1283 2268 et
1301 2209 1329 2266 io
1342 2209 1413 2266 cella
1426 2209 1540 2268 clausus
1558 2223 1616 2268 nou
1638 2208 1769 2268 cessabat
1786 2225 1803 2268 a
1822 2209 1969 2284 lacrymis,

1175 2297 1267 2356 donec
1279 2295 1408 2356 diabolus
1418 2298 1540 2356 insolita
1555 2297 1652 2372 specie
1666 2298 1793 2356 crucitlrri
1812 2299 1866 2358 sibi
1878 2313 1970 2374 appa·

1174 2387 1239 2456 ruit,
1253 2387 1349 2443 etait:
1362 2387 1425 2444 Nou
1440 2385 1570 2458 prohibui
1593 2387 1745 2460 quominus
1756 2387 1879 2460 colloqui
1894 2403 1965 2461 pos·

1174 2489 1221 2532 ses
1236 2488 1302 2532 eum
1320 2475 1472 2532 Francisco
1481 2489 1492 2546 3
1507 2475 1556 2535 Cui
1573 2475 1618 2534 ille
1634 2493 1642 2532 :
1657 2474 1736 2534 Vade
1749 2483 1860 2545 satam,
1874 2475 1919 2535 abi
1934 2477 1968 2534 iu

1174 2561 1280 2620 malam
1303 2576 1364 2618 rem
1380 2577 1386 2617 :
1402 2576 1436 2620 ac
1456 2570 1585 2636 expecta,
1613 2563 1692 2634 aperi
1720 2562 1844 2620 mendax
1870 2570 1974 2636 guttur

1174 2656 1264 2718 tuum,
1281 2656 1311 2706 ut
1325 2648 1393 2707 illud
1406 2657 1530 2707 stercore
1544 2650 1690 2722 impleam.
1704 2651 1765 2720 Quo
1784 2650 1890 2720 audito,
1911 2649 1976 2708 dia·

1173 2737 1255 2795 bolus
1268 2736 1388 2810 diruptis
1401 2738 1543 2810 lapidibus
1552 2737 1588 2796 de
1603 2745 1711 2807 moute,
1726 2739 1775 2810 qui
1784 2739 1812 2796 in
1826 2738 1972 2812 fragmina

1173 2826 1264 2885 collisi
1278 2839 1385 2899 magno
1401 2825 1514 2898 fragore
1529 2827 1739 2900 praecipitanter
1756 2826 1887 2898 ruebant,
1900 2839 1965 2886 ma-

1174 2927 1233 2988 gno
1244 2916 1352 2988 impetu
1367 2920 1397 2972 et
1410 2915 1545 2988 grunnitu
1561 2913 1693 2974 discessit
1705 2915 1755 2988 (a).

1385 3072 1617 3143 GOLLOQUIUII
1635 3073 1755 3133 XXXII.

1234 3186 1329 3245 Otium
1346 3185 1521 3261 (aemam,
1541 3188 1677 3248 ellebori
1697 3188 1910 3261 indulcescunt.

1209 3309 1352 3380 Quosdam
1368 3311 1501 3382 otiantes,
1512 3311 1584 3370 alios
1596 3327 1664 3370 vero
1679 3312 1773 3388 tepide
1791 3312 1972 3383 laborantes,

1173 3413 1271 3458 coram
1285 3399 1417 3458 fratribus
1431 3399 1623 3474 reprehendit,
1632 3399 1747 3458 dicens:
1764 3421 1775 3451 ι
1791 3401 1900 3474 Tepidi,
1917 3415 1974 3460 nec

1173 3502 1205 3544 se
1225 3487 1399 3546 familiariter
1415 3497 1444 3546 et
1470 3488 1623 3560 humiliter,
1650 3489 1741 3547 labori
1768 3489 1972 3562 applicandos,

1172 3575 1209 3634 de
1221 3590 1270 3635 ore
1281 3577 1332 3634 Dei
1346 3576 1404 3634 cito
1418 3577 1644 3651 evomenturld).
1657 3579 1770 3636 Fratres
1782 3591 1854 3650 ergo
1867 3593 1973 3636 omnes

1173 3664 1304 3723 laborare
1316 3665 1393 3734 volo,
1408 3673 1437 3722 et
1446 3667 1596 3724 exercitari
1607 3664 1751 3724 humiliter
1768 3665 1797 3724 iu
1811 3666 1895 3724 bools
1905 3680 1973 3740 ope·

1173 3754 1263 3823 ribus,
1277 3759 1309 3812 ut
1318 3751 1409 3812 simus
1422 3755 1526 3826 populo
1539 3755 1634 3813 miuus
1646 3755 1771 3824 onerosi,
1785 3761 1814 3812 et
1830 3753 1925 3812 cordis
1942 3761 1976 3812 et

1173 3842 1280 3914 linguae
1294 3842 1378 3900 malis
1391 3840 1558 3913 obviemus,
1580 3857 1616 3900 uc
1640 3857 1691 3916 per
1711 3843 1803 3902 malos
1824 3843 1973 3916 cogitatus

1173 3937 1222 3988 aut
1237 3930 1357 3988 alierum
1373 3929 1479 3988 famam
1490 3937 1659 4005 evagentur.
1675 3931 1731 4001 Qui
1751 3945 1820 3989 vero
1838 3931 1974 3988 laborare

1173 4018 1315 4086 nesciunt,
1338 4017 1486 4076 addiscant
1502 4019 1634 4076 :lucrum
1654 4027 1760 4088 autem,
1784 4019 1831 4076 vel
1855 4033 1969 4077 meree·

1173 4105 1239 4164 dem
1257 4105 1372 4176 laboris,
1392 4120 1450 4162 non
1470 4106 1625 4166 laborantis
1648 4106 1775 4179 arbitrio,
1796 4107 1851 4168 sed
1878 4109 1971 4167 Guar-

1173 4192 1251 4253 diani
1261 4193 1307 4252 vel
1322 4193 1431 4265 praelati
1442 4193 1675 4267 disponendum»
1689 4194 1743 4270 (t).
1791 4259 1792 4262 Ἴ

1375 4351 1607 4422 COLLOQUIUII
1626 4353 1759 4412 XXXIII.

1226 4467 1323 4524 Pauca
1336 4467 1382 4526 hic
1400 4467 1558 4534 toleraudc,
1579 4472 1611 4525 ct
1629 4468 1708 4526 bouis
1723 4469 1917 4540 perscrutarer

1507 4555 1630 4614 eternis.

1207 4661 1321 4718 Fratres
1331 4659 1366 4718 ad
1377 4660 1494 4734 Regula
1504 4667 1532 4718 et
1543 4659 1729 4734 professionis
1739 4675 1800 4719 suae
1808 4661 1966 4720 observan-

1173 4748 1241 4804 tiam
1256 4747 1421 4818 exhortans,
1435 4747 1568 4808 omuibus
1583 4749 1678 4807 dicere
1698 4749 1830 4808 solebat:
1849 4771 1861 4801 ι
1878 4750 1901 4810 0
1923 4751 1967 4808 di·

1172 4835 1321 4894 lectissimi
1342 4837 1455 4906 tratres,
1479 4843 1508 4895 et
1532 4838 1561 4893 io
1583 4845 1721 4896 eternum
1742 4837 1885 4896 benedicti
1907 4839 1969 4908 lilii,

1173 4923 1268 4982 audite
1280 4939 1337 4995 me,
1352 4925 1448 4984 audite
1463 4939 1563 4984 vocem
1579 4926 1775 4999 patrisveatri.
1788 4927 1895 4999 Magna
1907 4941 1972 5000 pro-

1165 5013 1314 5082 misimus,
1335 5011 1445 5086 majora
1465 5014 1605 5086 promissa
1625 5022 1690 5073 sunt
1704 5013 1796 5072 uobis.
1815 5014 1970 5074 servemus

1173 5099 1245 5172 hec,
1265 5102 1441 5174 suspiremus
1456 5102 1491 5160 ad
1513 5103 1570 5160 illa.
1590 5102 1728 5176 Voluptas
1747 5102 1857 5174 brevis,
1883 5118 1969 5175 plena

1208 5239 1249 5316 (tt)
1269 5243 1377 5312 Pisae,
1399 5243 1418 5301 1.
1436 5246 1459 5312 1,
1474 5243 1555 5316 Gaas.
1580 5243 1608 5312 8,
1632 5244 1662 5300 in
1690 5243 1756 5302 Vite
1784 5244 1817 5299 B.
1839 5245 1971 5318 Rusfiui,·

1173 5311 1286 5384 hedui,
1302 5316 1325 5383 1,
1342 5314 1369 5370 iu
1389 5313 1517 5386 eiusdem
1532 5315 1678 5382 Htstcric;
1704 5315 1858 5383 floretum,
1877 5329 1903 5372 c.
1915 5316 1967 5386 28;

1172 5384 1304 5452 itariae,
1320 5385 1338 5441 l.
1354 5387 1377 5452 l,
1392 5399 1418 5441 c.
1434 5385 1461 5441 b.

1220 5453 1249 5526 6)
1270 5455 1486 5526 Apoc.,ru,16.

1222 5527 1250 5596 7)
1270 5525 1334 5596 Lep.
1358 5525 1458 5596 aaa,
1480 5541 1506 5582 c.
1523 5525 1563 5581 lie
1578 5525 1694 5596 perfect.
1715 5525 1836 5594 lumil.;
1856 5527 1964 5597 Pisum,

1172 5594 1190 5651 l.
1205 5597 1229 5666 l,
1244 5596 1324 5666 Coos.
1343 5596 1384 5668 lt,
1402 5611 1427 5653 c.
1441 5597 1472 5668 53
1489 5597 1571 5666 Bon,
1588 5609 1613 5652 c.
1627 5595 1654 5665 5,
1667 5595 1701 5653 ad
1715 5595 1789 5654 med.
