4204 6402
364 257 424 322 ele

361 415 580 480 exultationis
608 417 692 494 ejus,
713 415 771 492 qui
794 415 970 492 estsuper
996 415 1154 478 verticem

361 515 460 578 vallis
473 511 657 590 pinguium,
680 511 776 589 qrrasi
804 513 1056 589 temporaneum
1077 515 1155 574 aute

362 611 587 674 maturitatem
600 609 753 670 autumni
771 609 874 686 :quod
896 625 970 670 cum
986 609 1156 686 aspexerit

360 707 488 780 videns,
505 707 538 768 et
553 707 587 768 in
603 721 703 768 manu
718 707 874 778 tenuerit,
889 707 999 769 statim
1015 707 1157 768 devora·

362 803 410 868 bit
424 803 518 866 iilud.
531 821 549 866 »
562 803 663 878 Quasi
687 803 794 865 dicat:
811 805 952 866 Fructus
973 806 1155 882 praematu·

361 915 420 962 rus
455 899 649 962 comedendi
675 903 726 962 est
751 901 974 973 dulcissimus,
991 902 1024 964 et
1045 901 1155 964 statim

362 995 446 1060 illud
463 997 579 1060 videns
594 998 724 1076 recipit,
739 999 772 1060 et
798 999 957 1072 comedit;
983 999 1033 1060 sic
1049 999 1155 1070 illum,

362 1093 419 1172 qui
433 1093 561 1156 tructus
576 1095 654 1156 ante
674 1095 726 1156 sui
744 1096 968 1158 maturitatem
982 1095 1154 1172 anticipat,

362 1205 430 1252 non
443 1193 623 1268 expectans
648 1191 756 1254 haeres
772 1192 843 1254 fleri
859 1208 933 1254 cum
946 1192 1064 1262 beatis,
1083 1193 1158 1254 dia·

362 1287 459 1350 bolus
469 1287 599 1364 recipit,
614 1289 647 1350 et
659 1288 805 1350 devorat.
830 1289 991 1366 Superbia
1007 1289 1041 1350 iu
1056 1289 1154 1362 valle,

361 1383 548 1462 iniquitatis
559 1383 783 1462 profunditas3
800 1387 835 1446 in
851 1387 1053 1462 pinguedine
1072 1387 1157 1448 tem-

361 1481 487 1558 poralis
502 1481 719 1554 abundantia,
732 1497 775 1544 ex
788 1499 852 1560 qua
863 1483 973 1560 prodit
983 1483 1154 1561 iniquitas3

363 1577 397 1640 et
411 1578 486 1640 ideo
499 1593 675 1640 caveamus
687 1579 781 1640 nobis
792 1579 834 1640 ab
849 1580 912 1640 bac
926 1580 1024 1642 valle.

403 1673 468 1738 Iste
495 1677 605 1738 autem
636 1675 698 1738 llos
721 1677 914 1754 temporalis
942 1679 1007 1740 erit
1033 1679 1157 1756 «quasi

363 1771 613 1848 temporaneum
638 1773 717 1834 ante
738 1773 868 1850 tempus
895 1775 1056 1846 autumni,
1069 1775 1155 1852 quod

362 1883 436 1930 curu
452 1870 622 1946 aspexerit
633 1869 761 1942 ridens,
777 1871 889 1933 statua
900 1887 975 1936 cum
990 1887 1090 1932 manu
1105 1871 1158 1934 te-

360 1965 484 2038 nuerit,
505 1966 637 2028 vorabit
662 1966 754 2028 illud.
783 1968 960 2030 Maturiias
977 1970 1091 2030 nostra
1106 1971 1158 2032 est

362 2060 522 2140 lupatria
539 2085 546 2124 ε
565 2063 628 2124 Sed
651 2064 785 2141 quidam
809 2065 971 2127 maturari
989 2066 1061 2128 vult
1080 2068 1157 2129 aute

362 2159 508 2236 tempus;
525 2161 559 2222 et
572 2160 641 2236 ille,
654 2162 710 2239 qui
725 2163 777 2224 est
799 2162 917 2224 avidus
932 2164 1155 2240 praematuro-

359 2271 433 2318 rum
454 2271 657 2334 cerasorum,
672 2258 803 2322 scilicet
818 2259 970 2322 diabolus
986 2261 1083 2322 illum
1095 2277 1154 2322 ra-

362 2353 420 2430 pit,
449 2355 482 2416 et
510 2355 658 2418 devorat.
684 2358 732 2419 De
749 2357 811 2418 boc
827 2357 861 2418 in
876 2357 1077 2420 Ecclesiaste
1090 2356 1153 2437 (12,

361 2449 395 2529 5)
413 2471 421 2512 :
445 2451 591 2514 Florebit
606 2453 812 2530 amygdalus,
830 2455 1093 2532 impinguabitur
1105 2455 1156 2518 lo-

362 2549 467 2620 custa,
498 2549 715 2626 dissipabitur
752 2551 916 2628 capparis.
953 2553 1155 2630 Amygdalus

362 2645 441 2706 ante
465 2659 580 2706 omnes
608 2645 693 2708 alias
727 2647 864 2710 arbores
886 2647 1021 2712 festinat
1040 2651 1156 2712 florem

364 2755 472 2814 suum,
488 2742 575 2804 uude
587 2743 774 2820 impinguet
783 2745 929 2807 locustas
946 2767 954 2806 ε
969 2747 1018 2808 sic
1033 2747 1155 2824 impius

365 2836 482 2902 florem
495 2839 727 2916 temporalium
737 2843 895 2918 appetens
911 2844 1076 2906 saturabit
1087 2845 1157 2906 dae-

363 2950 490 2996 mones.
508 2938 589 3000 Item
605 2937 759 3015 capparis
774 2941 825 3002 est
840 2939 942 3002 uerba
956 2942 1085 3004 modica
1100 2943 1157 3004 ha·

361 3031 491 3095 bensiu
518 3049 646 3096 summo
675 3036 850 3114 quamdam
875 3037 1080 3114 lanuginem,
1091 3055 1155 3116 qua

362 3129 553 3204 exsaniata,
581 3133 670 3196 nuda
697 3134 857 3196 remanet.
875 3137 939 3196 Per
967 3136 1155 3212 hujusmodi

362 3225 500 3290 herbam
519 3229 642 3305 impius
667 3229 790 3292 floreus
812 3232 867 3292 bic
888 3231 1098 3308 intelligitur,
1124 3234 1157 3295 et

366 3337 425 3400 per
436 3323 627 3400 lanuginem
651 3326 855 3390 abundantia
870 3330 1075 3405 temporalis,
1091 3347 1155 3408 qua

363 3419 552 3496 exsufflata,
579 3424 730 3486 remanet
744 3424 865 3502 impius
881 3427 975 3504 quasi
989 3426 1107 3500 nudus,
1123 3430 1157 3491 et

362 3519 541 3596 exponitur
554 3519 699 3594 diabolo,
717 3537 736 3583 a
752 3537 817 3600 quo
830 3522 1022 3601 dissipatur.

604 3789 745 3852 SERMO
771 3791 915 3852 XCVIII.

362 3933 511 4004 Quomodo
526 3936 694 4010 exprimitur
705 3937 878 3996 desiderium
893 3939 1059 3998 claustralis
1073 3937 1155 3998 allec·

397 4023 482 4082 tantis
497 4023 532 4082 ad
548 4025 741 4094 solitudinem,
757 4033 785 4084 et
798 4033 829 4084 ut
844 4026 949 4086 babeat
966 4043 1086 4100 pennas,
1098 4029 1153 4086 sci·

397 4111 463 4170 licet
478 4113 622 4182 virtutum,
647 4121 675 4172 et
690 4113 795 4172 babilla
813 4115 889 4172 volet
914 4118 942 4172 iu
961 4115 1154 4188 solitudinem,

396 4199 444 4256 ubi
460 4203 658 4272 requiescatin
670 4202 921 4276 contemplatione.

362 4345 444 4412 Quis
464 4347 556 4407 dabit
574 4349 658 4409 attilii
669 4363 803 4422 pererras
817 4349 906 4410 siccet
925 4353 1097 4423 colrcnclne,
1123 4352 1155 4412 et

421 4446 547 4516 volabo,
563 4445 595 4506 et
607 4449 832 4520 recalescam.
850 4443 957 4526 (Paul.
979 4448 1030 4520 54,
1048 4446 1094 4526 7).

402 4593 1155 4675 Inhoclocoexprimiturdesideriumalicujus

361 4693 562 4756 assumentis
591 4693 803 4756 solitudinem
833 4694 928 4772 quasi
944 4695 1155 4758 claustralem

362 4791 660 4866 conversationem,
687 4792 728 4854 de
752 4808 816 4870 quo
830 4793 985 4854 ieremias
1002 4791 1066 4872 (48,
1078 4793 1132 4872 28)
1148 4813 1155 4852 ι

361 4902 380 4950 c
403 4887 592 4964 Relinquite
606 4889 768 4962 civitates,
787 4891 820 4952 et
839 4889 986 4952 habitate
1002 4889 1035 4950 iu
1050 4892 1155 4967 petra,

362 4981 567 5046 habitatores
592 4985 711 5047 Moab:
730 4986 762 5048 et
774 4987 879 5048 estote
895 4985 989 5064 quasi
1005 4985 1156 5048 columba

360 5077 538 5155 nidificans
554 5081 588 5142 iu
604 5097 733 5142 summo
760 5098 818 5144 ore
834 5081 1018 5144 foraminis.
1042 5083 1158 5144 Relin-

362 5175 454 5253 quite
468 5177 696 5251 civitatem,de
707 5195 770 5258 qua
782 5183 869 5242 Deus
889 5180 923 5241 in
937 5181 1020 5242 Osee
1034 5179 1155 5260 (11,o):

362 5273 668 5349 accusasatum
685 5275 798 5339 homo:
816 5277 850 5339 iu
873 5277 980 5339 medio
995 5277 1044 5340 tui
1059 5292 1159 5339 sauc-

361 5369 426 5448 tus,
444 5371 478 5434 et
491 5370 660 5434 ciuitatem
677 5389 744 5436 uon
757 5375 939 5452 ingrediar,
956 5374 1075 5436 »iilam
1091 5375 1159 5436 sci-

399 5573 440 5645 ti)
465 5571 548 5646 Vulg.
567 5589 574 5629 :
591 5573 619 5632 in
633 5575 845 5638 similitudinem
856 5578 975 5651 pruinae.

791 257 824 318 S.
848 255 1023 318 anronlt
1051 255 1239 318 PADUANI
1265 257 1404 320 OPERA
1430 255 1578 316 onnia.
1929 263 1976 326 820

1210 415 1289 478 licet
1304 415 1484 486 civitatem,
1500 415 1536 476 iu
1556 428 1622 492 qua
1637 415 1851 488 iniguitatem
1867 421 1938 491 etat,
1950 426 1975 484 et

1209 507 1516 574 centradictionem
1536 514 1618 572 :ate
1629 526 1671 572 ac
1684 512 1762 573 note
1779 516 1975 580 circundaret

1210 623 1288 670 eam
1306 609 1644 682 crinemcrinem
1667 611 1702 668 in
1728 613 1837 672 medio
1855 616 1930 685 ejus,
1950 617 1975 676 et

1210 707 1401 779 injustitias
1422 706 1457 768 et
1479 720 1548 766 non
1575 706 1697 778 defecit
1719 709 1761 766 de
1785 709 1902 780 plateis
1917 715 1976 783 aira

1210 819 1332 876 usura,
1357 803 1392 864 et
1419 805 1526 864 dans.
1557 802 1719 879 iniquitas
1746 805 1858 864 contra
1882 810 1976 881 proxi-

1211 917 1318 975 mum;
1354 901 1580 962 contradictio
1612 900 1655 960 ad
1690 900 1876 977 praelatum3
1901 907 1976 966 labor
2049 925 2050 928 ¹

1210 999 1246 1058 iu
1276 997 1494 1058 saecularibus
1527 996 1830 1072 sollicitudinibus3
1856 1001 1975 1071 ripuen-

1212 1095 1289 1155 tttta
1316 1093 1351 1154 in
1380 1093 1553 1170 operibus;
1581 1097 1677 1155 dotus
1701 1094 1735 1154 in
1764 1095 1975 1169 seditionibus;

1210 1205 1320 1252 arsura
1334 1191 1369 1251 in
1384 1190 1582 1268 repetitIoue
1603 1190 1759 1252 vindictae
1776 1213 1784 1250 ε
1799 1192 1893 1252 tatem
1906 1193 1974 1252 clri-

1210 1289 1312 1350 tatem
1322 1303 1389 1348 nou
1399 1287 1583 1363 ingrediar,
1593 1287 1650 1347 sed
1661 1289 1820 1350 exeuntes
1830 1289 1974 1364 recipiam.

1211 1385 1289 1446 Ideo
1311 1385 1411 1447 dicii:
1428 1385 1618 1462 RelinquIte
1633 1385 1796 1458 civitates,
1811 1388 1843 1448 et
1856 1385 1975 1448 habitate

1211 1484 1246 1544 in
1257 1485 1362 1560 petra,
1379 1483 1438 1543 illa
1451 1481 1591 1553 scilicet,
1601 1497 1699 1559 quam
1710 1482 1813 1544 Jacob
1825 1483 1916 1560 capiti
1928 1499 1974 1544 suo

1212 1580 1404 1658 supposuit;
1421 1580 1454 1640 et
1467 1579 1634 1650 dormivit,
1651 1583 1685 1640 et
1706 1579 1789 1640 vidit
1802 1580 1940 1654 Angelos,
1951 1582 1975 1639 et

1211 1678 1382 1738 assecutus
1393 1675 1727 1738 estbenedictiouem.
1738 1677 1881 1736 Dormire
1892 1677 1975 1736 olaus

1211 1773 1346 1836 tralium
1361 1775 1421 1836 est.
1436 1773 1563 1834 Dormit
1586 1774 1697 1834 autem
1720 1773 1850 1850 aliquis,
1865 1772 1914 1850 qui
1927 1787 1974 1832 ro·

1211 1871 1283 1932 leus
1294 1886 1368 1933 esse
1382 1872 1416 1932 in
1441 1872 1585 1948 torpore,
1602 1872 1635 1932 et
1658 1871 1738 1942 otio,
1751 1870 1871 1932 recedit
1883 1887 1899 1932 a
1913 1885 1974 1932 cura

1212 1969 1390 2030 saeculari:
1407 1968 1513 2044 capiti
1527 1969 1654 2045 petram
1675 1985 1744 2030 non
1767 1968 1919 2044 supponit,
1932 1968 1975 2044 qui

1212 2065 1371 2128 recedens
1399 2082 1419 2127 a
1444 2081 1524 2128 cura
1544 2065 1717 2138 exteriori,
1740 2064 1976 2128 mentisdeside-

1211 2163 1298 2224 rium
1311 2179 1378 2226 uon
1389 2163 1482 2240 ponii
1492 2155 1528 2224 in
1543 2163 1686 2238 Christo,
1699 2163 1733 2226 et
1746 2164 1822 2225 talis
1837 2179 1896 2224 nou
1907 2161 1976 2222 reci·

1211 2260 1259 2338 pit
1288 2259 1554 2322 benedictionem
1585 2261 1699 2332 Jacob,
1736 2277 1808 2338 quae
1826 2260 1897 2322 talis
1918 2261 1973 2320 est:

1212 2357 1443 2420 «Dilataberis
1471 2357 1512 2419 ad
1538 2357 1756 2428 occidentem,
1782 2359 1814 2420 et
1830 2357 1974 2425 orientem,

1211 2456 1244 2517 et
1265 2455 1535 2532 septentrionem,
1552 2457 1585 2517 et
1599 2455 1816 2517 meridIem.»
1835 2453 1976 2516 bilatabe·

1210 2551 1275 2628 ris;
1291 2551 1438 2629 inquam,
1454 2554 1499 2614 ad
1515 2551 1737 2624 occidentem,
1754 2551 1837 2613 idest
1849 2551 1886 2612 ad
1897 2563 1975 2610 occa·

1211 2665 1283 2709 sum
1324 2649 1501 2720 vitiorum,
1548 2647 1779 2710 occidenthus
1812 2649 1895 2710 vitiis
1911 2647 1975 2712 :nd

1210 2747 1390 2818 amentem,
1407 2746 1496 2808 idest
1510 2746 1550 2808 ad
1566 2745 1673 2808 lucem
1689 2745 1781 2819 fidei,
1796 2747 1829 2808 et
1840 2745 1973 2806 bonorum

1211 2857 1367 2920 operum3
1384 2845 1435 2906 Ad
1447 2843 1738 2918 septentrionem
1757 2846 1869 2906 ventus
1880 2843 1974 2904 densa

1210 2941 1437 3017 septentrione
1448 2940 1626 3004 mortificat
1633 2940 1794 3018 quidquid
1807 2940 1896 3010 viret,
1908 2937 1975 2998 idest

1211 3038 1363 3100 carnales
1391 3037 1630 3100 delectationes
1647 3057 1655 3098 ε
1672 3039 1726 3098 Ad
1751 3037 1934 3109 meridiem
1947 3034 1974 3093 in

1211 3135 1349 3198 meridie
1365 3135 1414 3196 sol
1432 3135 1556 3196 clarior
1568 3135 1628 3206 est,
1640 3133 1821 3198 ferventior
1835 3155 1842 3195 ε
1856 3137 1916 3195 Ηοθ
1926 3131 1973 3200 est,

1211 3233 1406 3296 dilataberis
1422 3232 1462 3296 ad
1482 3231 1658 3310 sapientiae
1685 3233 1877 3300 claritatem,
1896 3228 1975 3292 etdi-

1211 3329 1365 3392 lectionis
1380 3329 1555 3392 terrorem.
1572 3331 1642 3391 Hac
1658 3326 1883 3392 benedictione
1899 3339 1974 3387 care

1210 3426 1259 3490 bit
1273 3427 1330 3504 qui
1353 3428 1388 3490 in
1410 3429 1504 3504 petra
1528 3427 1627 3504 caput
1649 3443 1748 3488 suum
1772 3443 1836 3488 non
1857 3425 1975 3487 colloca·

1210 3524 1308 3588 verit.

1251 3625 1339 3686 Bene
1349 3623 1460 3686 autem
1489 3624 1659 3701 sequitur:
1674 3641 1692 3684 a
1708 3624 1858 3686 Habitate
1869 3635 1936 3696 erge
1948 3618 1974 3676 in

1211 3723 1316 3798 petra,
1330 3721 1534 3784 habitatores
1557 3721 1671 3795 Moab;
1684 3725 1765 3797 Vos,
1783 3722 1916 3798 iuquam,
1930 3713 1974 3792 qui

1211 3835 1253 3882 ex
1278 3820 1386 3891 Moab,
1417 3819 1503 3882 idest
1527 3835 1570 3882 ex
1603 3821 1696 3896 patre
1728 3819 1857 3881 diabolo
1887 3814 1974 3877 estis»

1212 3915 1322 3996 (toan.
1350 3918 1380 3992 8,
1403 3916 1468 3996 44).
1496 3915 1626 3980 ltiaboli
1650 3917 1813 3996 etquidem
1835 3909 1972 3978 suntilii,

1211 4015 1267 4091 qui
1294 4015 1467 4076 armantur
1488 4016 1523 4076 iu
1549 4017 1665 4076 Patres
1689 4013 1886 4091 spirituales,
1907 4007 1974 4069 sicut

1211 4111 1362 4174 diabolus
1376 4113 1410 4174 iu
1421 4115 1524 4174 Deum
1540 4115 1671 4174 Patrem
1683 4114 1829 4174 armatus
1843 4107 1906 4170 iuit.
1921 4107 1973 4165 Hoc
2047 4131 2048 4134 =

1211 4211 1376 4286 signatum
1392 4211 1483 4271 estin
1500 4211 1572 4284 Lot,
1582 4209 1637 4286 qui
1648 4225 1689 4270 ex
1698 4209 1768 4270 tilia
1777 4206 1910 4283 suscepit
1919 4216 1980 4280 pre.

1210 4307 1288 4379 lem,
1305 4305 1434 4368 scillcet
1448 4306 1555 4368 Moab.
1571 4308 1632 4368 Lot
1645 4307 1877 4384 iuterpretatur
1891 4297 1974 4362 decli-

1211 4417 1306 4474 nans,
1324 4403 1357 4462 et
1372 4401 1540 4477 signiticat
1558 4401 1739 4474 diabolum,
1755 4401 1809 4480 qui
1824 4391 1976 4460 declinarit

1211 4499 1252 4562 ab
1268 4499 1409 4576 imperto
1423 4499 1494 4570 Dei,
1509 4500 1541 4561 et
1555 4499 1672 4575 genuit
1692 4499 1781 4562 ulios
1794 4513 1835 4560 ex
1846 4495 1907 4556 fllia
1920 4503 1974 4556 sua,

1212 4597 1341 4658 scilicet
1355 4595 1592 4668 inobedientia,
1610 4595 1742 4672 quando
1756 4595 1868 4672 genuit
1880 4593 1910 4652 iu
1923 4585 1976 4663 pri·

1212 4696 1274 4756 mis
1300 4693 1493 4773 parentibus
1523 4693 1643 4755 multos
1659 4693 1753 4756 tilios.
1765 4687 1972 4754 inobedientes.

1212 4793 1294 4854 Item
1324 4791 1421 4852 Moab
1446 4791 1688 4866 interpretatur
1716 4777 1975 4851 naxus.1laecest

1211 4890 1344 4950 terrena
1353 4886 1647 4966 sapientia,dequa
1659 4887 1796 4948 muitum
1806 4879 1974 4961 gloriantur,

1212 4985 1268 5062 qui
1296 4985 1448 5047 conversi
1473 4984 1614 5046 suntad
1643 4984 1835 5046 claustrum.
1860 4981 1975 5040 Herse·

1213 5081 1337 5160 pientia
1351 5083 1514 5144 fluxibilis
1526 5083 1586 5144 est.
1604 5081 1667 5144 Sed
1683 5082 1741 5143 Dei
1760 5075 1912 5156 sapientia
1924 5080 1974 5130 uon

1212 5179 1297 5252 fluit,
1321 5180 1379 5240 sed
1402 5179 1641 5248 consolidatur,
1667 5178 1700 5240 et
1723 5176 1886 5255 probatur,
1908 5161 1974 5227 sicut

1213 5276 1335 5354 legilur
1345 5277 1386 5339 de
1399 5293 1532 5349 manna,
1543 5293 1617 5354 quae
1628 5275 1798 5338 eratsicnt
1806 5257 1973 5348 praeiudi·

1213 5377 1306 5436 Hanc
1321 5375 1520 5453 sapientiam
1547 5374 1643 5437 docet
1657 5372 1841 5451 apostotus,
1860 5365 1971 5428 diens:
