4184 6410
82 341 145 401 uos
462 341 571 405 rans
599 291 746 404 enims.
761 371 802 390 -
819 341 1041 402 exrosrmo
1070 339 1115 402 m
1144 331 1348 414 renunes.
1545 313 1549 323 ’
1669 340 1729 402 out

81 501 244 564 ducamus
272 498 314 562 ad
340 501 547 572 memoriam,
572 501 689 579 quanti
721 499 880 578 ponderis
933 499 1000 562 tem
1028 501 1269 564 misericordia
1295 499 1472 576 festinent3
1503 515 1568 582 quo
1596 500 1728 570 hausto,

81 597 345 670 fueritverhum,
361 599 446 676 quod
461 598 547 660 dixit
562 597 788 676 quaerentibus
804 613 881 662 eum
935 598 1021 675 pilos
1044 601 1269 675 peccatorum,
1292 613 1418 661 cornua
1438 598 1603 676 superbiae
1622 598 1729 674 depo·-

79 699 119 760 ut
141 696 386 772 crucifigerent,
419 695 532 758 dicens
548 718 555 758 ε
571 697 678 762 ortem
704 697 882 772 paramus?
935 695 1063 768 nautea,
1073 697 1307 774 juvenescunt,
1321 697 1354 759 et
1368 697 1507 759 multum
1522 693 1728 772 affliguntur,

81 799 156 873 Epo
167 809 245 856 sum
267 791 328 872 (1),
344 809 408 871 quo
428 791 542 858 audito
557 809 671 856 omnes
684 794 883 856 corruerunt
935 792 1011 854 dum
1025 793 1161 870 pariunt
1174 796 1242 855 Deo
1255 794 1446 871 peccatores
1462 793 1621 856 subditos.
1636 791 1730 854 Unde

79 893 119 954 in
141 895 267 954 terram
291 890 470 968 prostrati:
488 891 563 968 quis
578 891 702 968 poterit
716 891 881 954 sustinere
934 892 953 953 J
955 889 996 952 ob
1010 890 1099 969 (39,1
1112 889 1153 952 ad
1161 889 1194 970 3)
1204 911 1211 950 r
1220 907 1239 952 c
1248 891 1404 968 Nunquid
1417 891 1504 952 nosti
1515 893 1644 968 tempus
1657 903 1732 967 par-

80 989 882 1065 verbumtonitruiejus:Itemoledtctttntpoem
933 987 1172 1050 tusibicumin
1187 987 1730 1064 petris,reicervasparturientes

81 1089 255 1150 oetaroum
284 1084 356 1165 (2)t
380 1087 419 1148 m
446 1087 558 1150 tamen
582 1085 665 1146 illud
696 1085 759 1149 tuit
785 1085 882 1163 quasi
935 1085 1142 1147 observastii
1160 1085 1384 1147 Dinumerasti
1407 1100 1538 1146 menses
1552 1085 1731 1160 conceptus

81 1185 174 1248 stilla
199 1182 376 1255 sermonis,
401 1183 478 1260 quia
503 1182 613 1246 adhuc
633 1185 706 1246 erat
730 1183 881 1245 Christus
935 1197 1063 1254 aarum,
1080 1184 1113 1246 et
1131 1182 1222 1244 scisti
1240 1183 1370 1260 tempus
1388 1185 1502 1259 partus
1521 1183 1656 1244 earumt
1670 1183 1730 1242 ln-

81 1297 221 1360 pauper,
238 1280 357 1353 nudus,
373 1281 406 1342 et
418 1279 578 1359 abjectus,
592 1280 754 1354 mortalis,
767 1281 800 1342 et
810 1295 882 1358 pas·
936 1283 1119 1343 curvantur
1147 1280 1187 1342 ad
1213 1280 1337 1353 ioetum,
1370 1281 1521 1358 pariunt,
1545 1279 1579 1342 et
1601 1279 1731 1355 rugitus

82 1379 202 1440 sibilis.
219 1377 303 1439 Illud
324 1378 436 1439 autem
451 1378 516 1440 erit
528 1378 722 1450 tonitruum,
740 1378 818 1455 quia
833 1378 883 1439 ir·
936 1377 1101 1439 emittunt.
1119 1377 1256 1440 »ibices
1271 1379 1349 1440 sunt
1363 1393 1466 1455 parva
1481 1375 1640 1438 animalia
1655 1390 1734 1453 qua·

83 1475 309 1538 retractabilis
335 1475 501 1536 sententia
525 1475 591 1536 erit
613 1474 655 1536 ab
681 1474 880 1546 immortali,
936 1474 1097 1552 drupedia
1110 1476 1263 1548 cornuta,
1279 1475 1314 1534 in
1326 1475 1429 1551 petris
1444 1474 1629 1552 parientia;
1655 1471 1688 1534 et
1702 1472 1733 1532 si
1778 1545 1780 1548 y

84 1575 120 1636 et
131 1570 348 1651 impassabili.
365 1573 493 1634 Dtnota
508 1571 594 1650 quod
609 1571 693 1634 bene
707 1572 788 1634 dicit
800 1587 881 1649 par·
934 1571 1102 1644 labantur,
1128 1587 1164 1634 se
1189 1571 1345 1633 cornibus
1366 1572 1437 1634 suis
1452 1571 1653 1649 exprimunt,
1670 1585 1733 1630 nec
1794 1639 1797 1644 ¹

83 1687 162 1732 vam
186 1670 323 1742 stillam,
354 1671 512 1748 quoniam
535 1669 674 1734 verbum
700 1669 832 1731 Domini
848 1668 882 1730 in
935 1668 1113 1732 laeduntur.
1130 1672 1197 1731 Per
1210 1668 1316 1730 ibices
1330 1670 1483 1746 praelatos
1499 1667 1659 1744 intellige,
1676 1666 1733 1745 qui

86 1768 244 1846 praesenti
257 1769 309 1830 est
322 1768 409 1840 lene,
426 1770 460 1831 et
479 1769 688 1830 mansuetum
704 1789 711 1828 i
729 1767 815 1829 sein
830 1765 884 1826 tu·
936 1767 971 1828 in
981 1767 1095 1844 petris,
1106 1766 1193 1828 idest
1201 1766 1367 1828 soliditate
1378 1765 1730 1838 virtutuminChristo‚

87 1867 163 1927 turc
178 1865 395 1936 contrarium,
412 1865 492 1943 quia
511 1864 645 1927 crudele
662 1863 721 1945 (3),
738 1879 812 1926 eum
826 1863 881 1924 di·
936 1867 969 1927 et
987 1865 1022 1925 in
1036 1864 1197 1941 exemplis
1212 1864 1403 1925 sanctorum
1421 1863 1556 1940 pariunt
1571 1861 1730 1924 subditos.

87 1965 141 2026 cet
154 1984 161 2023 :
176 1965 229 2025 Ite
239 1963 411 2025 maledicti
422 1967 459 2024 tn
469 1966 586 2039 ignem
595 1964 777 2024 oeternum.
790 1964 882 2023 'runc
936 1961 1015 2022 Etsi
1030 1961 1096 2040 ipsi
1109 1961 1306 2038 quandoque
1321 1960 1479 2022 labuntur
1490 1958 1548 2040 (4),
1561 1958 1730 2030 cornibus,
1745 1995 1747 2000 .

85 2060 214 2122 tonabit
228 2061 388 2122 Dominus
399 2075 506 2135 smper
522 2075 631 2136 aquas
644 2061 781 2132 multas,
799 2061 882 2121 acsi
935 2059 1023 2120 idest
1040 2058 1192 2122 doctrina
1209 2059 1384 2135 utriusque
1403 2056 1593 2120 testamenti
1616 2073 1653 2118 se
1672 2071 1734 2117 ex-

85 2157 176 2220 dicat
188 2159 346 2219 Dominus
362 2157 548 2220 damnatis:
565 2159 638 2220 Vox
656 2173 730 2220 mea
746 2173 813 2218 non
827 2158 883 2219 to·
937 2156 1072 2234 plicant,
1098 2157 1177 2233 quia
1199 2171 1266 2217 non
1293 2158 1380 2217 Deus
1400 2171 1457 2216 eos
1477 2154 1648 2232 diJudicat.
1665 2151 1733 2230 Ipsi

87 2255 162 2317 nuit
174 2254 279 2326 vobis,
295 2254 380 2316 idest
390 2270 456 2316 non
467 2255 558 2316 intus
567 2254 677 2316 tonuit
687 2254 882 2316 incutiendo
937 2248 1735 2327 enimdabentrespicerefructumquemiaciunt

86 2353 251 2424 timorem,
269 2353 302 2413 et
316 2351 363 2413 ita
381 2350 539 2412 inefficax
559 2349 640 2425 tuit3
660 2350 694 2412 et
706 2350 783 2412 ideo
805 2350 883 2427 quia
937 2349 972 2409 in
982 2347 1142 2421 Ecclesia,
1155 2363 1221 2410 uon
1233 2348 1373 2425 lapsum.
1386 2346 1480 2409 Unde
1491 2345 1671 2422 Gregorius
1684 2343 1732 2426 (5)

84 2465 153 2511 non
176 2450 266 2511 intus
289 2448 399 2510 tonuit
421 2463 482 2525 per
507 2446 674 2521 timorem,
701 2461 883 2524 supervos
938 2461 1038 2524 super
1050 2445 1191 2507 eundem
1202 2445 1331 2506 locum:
1349 2461 1367 2504 a
1383 2444 1418 2505 Si
1432 2443 1567 2505 illorum
1578 2443 1731 2514 trucium,

84 2548 165 2609 tono
201 2545 297 2608 modo
333 2559 392 2622 per
429 2544 589 2606 aeternam
623 2543 881 2606 damnationem.
938 2541 1730 2623 quasiinicum,carcerumquepartusaspiceres,

85 2644 192 2704 Tonet
217 2641 323 2718 igitur
346 2642 401 2704 hic
425 2642 458 2703 in
482 2641 578 2702 nobis
597 2657 664 2704 vox
683 2641 826 2714 Domini,
841 2656 883 2702 ne
937 2641 978 2702 de
1002 2641 1059 2702 tua
1076 2641 1200 2702 virtute
1219 2638 1379 2702 humilius
1392 2639 1576 2701 sentires.»
1591 2638 1656 2700 Sed
1670 2637 1735 2700 hoo

87 2741 215 2803 intonet
228 2741 263 2802 in
276 2739 388 2802 tuturo
403 2753 504 2816 super
517 2753 589 2800 nos.
938 2737 1094 2814 obiicitur
1107 2737 1171 2814 ipsi
1184 2736 1258 2810 lob,
1277 2739 1371 2814 cujus
1385 2736 1535 2798 custodia
1551 2733 1598 2816 (6)
1614 2734 1655 2796 ab
1668 2750 1735 2796 om-

938 2835 1035 2897 nibus
1077 2835 1201 2896 sanctis
1241 2834 1501 2896 commendatur.
1537 2831 1735 2910 Respondeo

938 2932 1023 3010 quod
1037 2931 1134 2994 nobis
1148 2932 1258 3010 potius
1278 2933 1391 3010 posset
1407 2931 1517 3010 oliJioi.
1535 2931 1630 2994 Unde
1649 2928 1733 2990 sub-

329 2999 468 3062 SERMO
498 2998 642 3060 XLVIII·
934 3025 1087 3107 jungitur
1110 3051 1118 3092 ε
1145 3029 1345 3107 <Numquid
1380 3029 1563 3090 numerasti
1601 3042 1733 3090 menses

87 3150 130 3206 ne
156 3147 288 3221 pretatis,
313 3146 361 3219 qui
380 3161 431 3220 per
451 3161 552 3204 cervos
572 3145 779 3220 significantur,
803 3144 883 3214 Quod
938 3130 1116 3206 conceptus
1131 3129 1267 3190 earumt
1283 3144 1302 3189 s
1317 3130 1383 3190 Per
1395 3143 1542 3200 menses,
1560 3126 1646 3188 idest
1661 3125 1737 3186 die·
1862 3155 1866 3167 ·

124 3235 231 3308 praelati
247 3242 410 3308 protegunt,
433 3241 463 3293 et
473 3233 629 3292 detendunt
650 3235 743 3307 alios3
766 3241 794 3292 et
808 3233 884 3307 quod
937 3242 1011 3288 rum
1027 3226 1314 3303 congregationes,
1328 3225 1489 3288 virtutum
1510 3224 1685 3301 congeries
1699 3223 1735 3284 iu

123 3338 180 3382 non
193 3324 289 3382 statim
303 3323 408 3382 delient
422 3322 605 3398 reprehendi.
937 3323 1077 3403 praelato
1090 3324 1281 3399 signantur3
1299 3323 1385 3400 quod
1401 3321 1558 3384 debemus
1569 3320 1736 3398 speculari

938 3421 973 3482 in
988 3421 1148 3498 praelatis,
1175 3421 1262 3482 sicut
1285 3434 1416 3483 menses
1443 3421 1633 3497 conceptus,
1649 3416 1736 3480 idest

939 3518 1168 3581 multimodam
1182 3518 1399 3589 voluntatem,
1418 3533 1518 3594 quam
1532 3516 1657 3580 habent
1670 3530 1735 3591 pa·

938 3616 1047 3676 ciendi
1063 3615 1225 3688 subditos,
1249 3614 1380 3675 etiamsi
1395 3628 1462 3676 non
1476 3614 1615 3692 possint.

979 3712 1046 3789 Ipsi
1061 3711 1163 3774 etiam
1178 3711 1300 3787 signati
1319 3711 1397 3772 sunt
1413 3726 1473 3787 per
1488 3725 1568 3785 saga
1587 3709 1733 3782 cilicina,

127 3813 211 3884 Quia
240 3815 343 3875 multa
369 3813 525 3874 dicuntur
546 3812 661 3874 contra
681 3810 882 3883 sacerdotes,
939 3808 1058 3887 quihus
1071 3806 1560 3884 operiebaturtabernaculum,
1578 3822 1650 3884 quae
1666 3806 1735 3867 im-

88 3910 187 3972 modo
213 3926 287 3972 oum
314 3910 543 3973 sacerdotibus
571 3910 731 3972 dicamus.
760 3909 885 3970 Cervus
939 3905 1176 3984 portuniiatem
1213 3919 1347 3966 aeream
1380 3903 1600 3966 sustinebant.
1635 3903 1685 3966 Ita
1705 3903 1738 3966 et

86 4008 176 4070 enim
212 4009 412 4071 naturaliter
446 4006 594 4069 extrahit
621 4008 810 4084 serpentem
845 4005 885 4068 de
939 4001 1082 4079 praelati,
1110 4000 1189 4062 licet
1214 4001 1372 4077 tanquam
1394 4014 1475 4076 saga
1498 3999 1633 4060 cilicina
1652 3998 1737 4060 viles

86 4121 233 4167 caverna
258 4107 407 4179 naribus,
436 4121 601 4168 uenenum
626 4104 750 4176 haurit,
776 4105 810 4166 et
845 4111 885 4164 eo
940 4100 1017 4171 sint,
1034 4100 1145 4160 tamen
1161 4097 1239 4175 quia
1254 4096 1383 4174 pondus
1395 4096 1474 4166 diei,
1490 4097 1523 4159 et
1536 4099 1638 4159 aestus
1653 4111 1736 4173 por-

86 4203 219 4274 hausto,
234 4203 373 4264 interius
385 4203 539 4275 ardescit,
555 4205 588 4264 et
601 4217 661 4280 per
674 4202 828 4264 ardorem
844 4200 885 4264 ad
940 4197 1022 4268 tant,
1047 4195 1096 4257 eis
1117 4195 1370 4272 compatiamur,
1392 4194 1470 4272 quia
1493 4193 1651 4272 quidquid
1667 4194 1739 4255 vir-

84 4298 212 4362 tontem
237 4298 384 4372 festinat,
410 4302 444 4362 et
465 4302 545 4363 tuno
568 4299 705 4378 deponit
727 4299 825 4376 pilos,
854 4299 887 4360 et
940 4281 1232 4365 lutumnabamus,
1250 4307 1293 4353 ex
1308 4291 1585 4354 eorumdoctrina
1602 4307 1740 4369 proces-

85 4410 227 4466 cornua,
244 4396 277 4456 et
293 4397 491 4471 juvenescit.
509 4398 558 4460 lta
572 4395 732 4473 praelatus
748 4408 888 4470 serpen·
940 4391 994 4454 sit.
1011 4392 1086 4453 Non
1099 4391 1188 4452 enim
1204 4389 1238 4452 in
1255 4389 1473 4452 tabernaculo
1488 4404 1608 4450 aurum
1624 4389 1740 4466 splen-

83 4496 167 4561 tem,
192 4489 280 4550 idest
303 4490 472 4552 diabolum
498 4492 538 4553 de
565 4506 720 4560 caverna,
745 4491 832 4553 idest
846 4490 886 4551 de
940 4489 1045 4561 deret,
1073 4489 1193 4567 hyssus
1218 4487 1370 4564 fulgeret,
1396 4501 1516 4549 coccus
1536 4486 1738 4557 coruscaret,

85 4587 190 4651 corde
216 4590 426 4663 peccaturum
448 4588 619 4650 extrahit:
635 4604 697 4648 nec
716 4589 836 4650 mirum
857 4587 887 4648 si
939 4586 1169 4664 resplenderet
1203 4584 1517 4662 aereotiyacintlius,
1551 4583 1617 4644 nisi
1646 4582 1739 4658 prius

86 4686 125 4758 ii,
143 4685 200 4762 qui
216 4684 351 4746 assidue
367 4700 530 4746 venenum
550 4685 721 4756 hauriunt,
744 4685 887 4747 interius
941 4685 1172 4760 cooperiretur
1198 4683 1348 4745 exterius
1377 4683 1476 4758 sagis.
1499 4683 1547 4743 Ita
1561 4683 1594 4742 et
1608 4680 1739 4758 praelati

86 4783 288 4860 quandoque
302 4782 507 4855 inficiuntur,
521 4783 554 4844 et
564 4781 693 4854 ardent,
708 4782 744 4842 ut
757 4781 797 4842 ad
812 4780 888 4842 fou·
941 4779 1124 4842 multitaria
1141 4781 1320 4858 multisque
1336 4778 1443 4842 modis
1459 4794 1495 4840 se
1507 4779 1687 4854 exponunt,
1705 4777 1741 4840 ut

93 3471 166 3529 Voce
178 3470 319 3529 Domini
330 3469 568 3544 praeparantis
590 3481 722 3538 cervos,
738 3467 772 3529 et
784 3481 886 3530 reve·

127 3567 207 3628 troil
221 3568 411 3638 condomam
426 3565 460 3626 ct
478 3568 515 3625 tc
531 3564 656 3640 templo
669 3567 745 3636 ejus
766 3579 885 3626 omnes

127 3663 240 3726 dicerit
251 3664 410 3740 gloriam.
427 3659 530 3742 (Psal.
545 3663 596 3733 28,
610 3657 677 3738 29.)

127 4959 169 5106 g}
188 4956 533 5112 ffigafi.,fflt'5?’iffi'ulg.
549 5045 556 5085 :
570 5026 712 5112 Discedite
728 5041 743 5084 a
757 5041 814 5110 me.
834 5097 840 5110 ·
941 4956 1065 5087 ciffis?
1078 4971 1197 5110 &irrisio
1217 5023 1406 5094 lucrifaciant,
1423 5025 1460 5108 ‘si'
1483 5023 1635 5108 aliquando
1652 5019 1739 5106 opera

127 5105 169 5177 (3)
190 5105 259 5176 Quia
281 5101 412 5171 crudele;
434 5101 518 5172 idest,
545 5115 610 5173 quia
630 5114 726 5170 tmpus
747 5096 888 5155 videbitur
941 5105 1048 5180 agant,
1077 5113 1139 5170 quae
1170 5095 1320 5153 videantur
1351 5094 1517 5152 hominihus
1546 5109 1623 5150 incre
1646 5101 1742 5152 atione

86 5187 156 5232 esse
174 5173 299 5236 crudele.
314 5173 387 5230 ilinc
402 5174 429 5228 S.
447 5173 640 5243 Hieronymus
661 5170 689 5226 in
704 5167 773 5226 illud
789 5169 883 5238 isaiae,
940 5167 1039 5240 digua,
1055 5183 1112 5225 nou
1125 5166 1316 5224 di'udicantur
1331 5181 1347 5222 a
1365 5166 1521 5236 Deo,quia‚
1533 5171 1564 5222 ut
1577 5165 1615 5221 ait
1626 5110 1654 5221 ξ.
1668 5166 1738 5222 Gre-

86 5261 154 5316 eap.
173 5249 224 5307 is:
244 5269 255 5298 ι
271 5246 345 5302 Ecce
360 5241 422 5300 dies
436 5241 551 5300 Domini
574 5241 653 5298 veuit
677 5239 814 5310 erudelis,
841 5239 884 5298 iu·
941 5239 1050 5312 gorius,
1066 5238 1114 5296 lib.
1155 5239 1227 5306 xii,
1251 5237 1369 5305 itcrat,
1385 5249 1450 5308 cap.
1468 5237 1522 5294 to:
1541 5256 1551 5286 ι
1572 5238 1652 5292 'lunc
1666 5233 1742 5308 apud

87 5317 172 5388 quit:
189 5315 338 5377 Crudelem
353 5312 429 5370 diem
444 5320 539 5378 vocat,
563 5327 621 5369 non
640 5311 741 5370 merito
758 5310 813 5392 sui,
836 5309 886 5366 sed
941 5313 1031 5368 Deum
1046 5316 1179 5366 crescunt
1198 5321 1249 5379 per
1266 5308 1413 5374 meritum,
1435 5321 1499 5363 eum
1523 5306 1598 5380 apud
1612 5313 1740 5364 nosmet-

109 5388 199 5459 opuli.
220 5389 284 5446 Non
299 5384 432 5442 ostentm
448 5383 580 5450 crudelis,
596 5381 644 5454 qui
658 5381 788 5438 crudeles
798 5395 885 5453 Jugu-
940 5379 1019 5452 ipsos
1031 5394 1082 5452 per
1093 5379 1285 5436 humilitatem
1300 5376 1479 5434 decrescunt.

87 5404 141 5525 flat,
163 5458 213 5515 sed
232 5454 308 5529 quod
328 5451 450 5511 crudelis
472 5453 645 5526 patientibus
657 5465 723 5509 esse
746 5449 885 5508 videatur.
976 5450 1017 5521 (5)
1038 5449 1099 5506 Lib.
1113 5449 1203 5516 XXX,
1218 5449 1304 5517 Mor,
1326 5462 1389 5518 cap.
1404 5447 1448 5514 io,
1464 5462 1542 5504 num.
1557 5447 1602 5503 36.

86 5531 163 5586 Nam
175 5536 203 5586 et
218 5529 289 5584 latro
300 5538 459 5604 suspensus
471 5523 595 5596 patibulo
607 5521 750 5580 crudelem
762 5520 887 5593 jndicem
976 5521 1019 5590 (6)
1036 5521 1124 5593 Cujus
1138 5519 1277 5586 custodio,
1292 5523 1341 5574 stc.
1356 5521 1388 5576 lu
1405 5517 1470 5576 siliis
1489 5515 1671 5574 instituendis
1685 5516 1741 5572 sol·

87 5607 181 5670 putat.
201 5621 212 5647 ι
229 5595 301 5657 Vide
326 5602 412 5652 etiam
436 5596 647 5652 annotationem
664 5593 706 5664 (l)
727 5591 763 5649 ad
782 5606 887 5649 serino
940 5591 1066 5660 licitudo,
1082 5598 1110 5648 ot
1129 5589 1277 5664 vigilantia
1292 5588 1345 5646 lob
1359 5589 1473 5647 caeteris
1497 5589 1560 5645 aliis
1581 5587 1655 5645 solet
1670 5601 1741 5660 proe-

87 5684 157 5727 neni
174 5671 252 5728 liiii.
941 5659 1019 5718 terri.

1113 4957 1141 5014 si
1157 4955 1321 5028 prandearia
1336 4954 1486 5022 latentur,
1508 4957 1558 5010 etc.
1575 4951 1742 5016 Praelati‘ut
