4226 6406
141 251 201 312 eos
485 251 488 258 ·
704 227 1212 320 succrescimus-mm.
1725 250 1789 317 sac

144 405 342 480 ministerio,
368 406 454 485 quod
473 407 557 485 ipse,
573 407 653 470 licet
670 406 802 484 pollens
820 407 938 470 divina
992 421 1051 484 par
1064 409 1168 481 vicos,
1195 409 1317 482 castra,
1341 409 1442 473 urbes
1466 412 1501 474 et
1523 428 1632 489 agros,
1656 417 1690 478 et
1704 415 1790 480 vitas

143 505 319 582 sapientia,
335 503 400 566 sibi
420 504 630 582 impudenter
644 520 711 567 non
730 503 936 582 usurpasset,
993 504 1122 566 semina
1136 506 1257 584 ubique
1272 507 1461 584 largissime
1481 510 1669 586 spargebat.
1686 515 1786 576 Cum-

142 602 200 664 sed
225 603 259 663 in
284 602 425 678 collegio
442 617 637 680 pauperum,
662 617 741 664 rere
757 617 937 679 pauperem
992 617 1057 678 que
1078 601 1119 663 ob
1145 603 1252 664 zelum
1267 604 1455 666 animarum
1471 609 1595 684 passim
1611 609 1784 674 discurre-

143 699 275 777 spiritu·
287 715 324 760 se
338 699 554 771 declarasset,
578 702 612 762 et
634 699 780 763 nonnisi
799 702 938 760 vocatus
992 699 1053 770 ret,
1070 714 1265 776 omnemque
1287 702 1437 778 requiem
1454 703 1518 765 sihi
1533 719 1669 782 prorsus
1684 709 1786 772 vellet

143 797 185 858 ad
197 797 460 859 concionandum
477 797 685 859 accessisset.
696 797 815 858 Fuisse
827 798 938 858 autem
993 795 1221 870 interdictam;
1246 798 1385 873 contigit
1398 815 1473 860 eum
1489 803 1548 862 Dei
1563 805 1645 872 nutu
1660 805 1787 867 Arimi-

144 893 304 955 divinitus
323 896 491 967 vocatum,
512 896 545 956 et
568 895 636 956 vita
651 894 753 966 illius,
775 896 808 956 et
828 893 939 954 obitus
993 907 1071 953 num
1094 893 1280 968 pervenire,
1303 894 1360 954 uhi
1389 911 1462 956 cum
1487 899 1607 960 multos
1634 906 1787 966 cerneret

144 991 319 1070 perspicue
331 989 640 1068 docuere:equibus
649 991 805 1067 priorem,
820 1003 939 1066 nempe
993 989 1113 1050 haeresi
1135 991 1316 1067 correptos,
1347 1007 1425 1052 mox
1446 995 1548 1056 totius
1570 999 1682 1076 oppidi
1701 1017 1786 1063 con-

144 1090 259 1161 sitam,
277 1088 420 1166 abjectio
440 1089 492 1150 sui
513 1089 714 1159 voluntaria,
729 1087 871 1165 simplex
885 1087 940 1147 in·
992 1087 1111 1148 uocato
1125 1087 1257 1164 populo,
1274 1087 1418 1150 terrenti
1431 1091 1550 1166 spiritu
1571 1093 1612 1154 ad
1627 1109 1684 1156 ecs
1700 1113 1785 1159 con-

27 1210 36 1230 ·
144 1186 310 1257 nocentia,
323 1189 356 1247 et
370 1185 556 1263 disciplina
570 1185 762 1248 monasticae
779 1184 936 1256 studium,
993 1184 1241 1261 cionaricoepit,
1254 1187 1696 1269 versutaquehaereticorum
1709 1193 1788 1272 dog·

144 1282 386 1356 commendant,
397 1283 616 1360 posteriorem
633 1297 724 1354 vero,
737 1281 771 1342 id
783 1285 845 1353 est,
859 1280 939 1342 doo-
994 1281 1083 1343 mata
1105 1281 1291 1344 luculenter
1319 1283 1512 1347 confutavit.
1538 1289 1603 1348 Eas
1622 1290 1734 1351 autem
1749 1293 1785 1353 in

142 1380 267 1443 trinam
277 1396 352 1442 cum
366 1380 438 1442 zelo
453 1380 629 1459 conjuncta
644 1378 941 1452 charitasetveri-
993 1376 1181 1439 auditorum
1196 1378 1385 1455 pectoribus
1398 1379 1519 1443 efficax
1533 1399 1642 1446 sermo
1656 1387 1690 1448 et
1702 1387 1787 1450 doc-

143 1478 195 1540 tas
206 1478 239 1541 et
252 1477 425 1552 modestia,
436 1477 673 1554 approbarunt
687 1479 767 1550 Quae
781 1490 857 1538 cum
870 1489 938 1536 non
993 1474 1081 1536 trina
1088 1476 1245 1536 salutaris
1261 1477 1334 1539 duit
1345 1477 1486 1552 radices,
1497 1480 1533 1542 ut
1544 1482 1731 1559 profligatis
1741 1485 1788 1548 te·

144 1575 274 1652 possint
295 1574 408 1636 omnia
435 1574 629 1650 singulatim
657 1573 794 1644 reterri,
822 1572 938 1648 paucis
992 1571 1054 1632 tris
1063 1572 1247 1646 erroribus,
1264 1589 1330 1640 nou
1342 1574 1441 1651 pauci
1455 1575 1497 1637 ad
1518 1576 1594 1638 tidei
1607 1565 1786 1657 integrita-v

144 1672 303 1743 dicemus,
333 1672 607 1758 quemadmodum
631 1671 806 1732 veritatem
831 1667 940 1730 indis-
993 1670 1059 1729 tem
1072 1669 1139 1730 sint
1152 1669 1290 1732 reducti.
1317 1672 1355 1732 ln
1380 1672 1499 1749 quibus
1515 1674 1615 1736 etiam
1630 1677 1785 1742 Boniuil-

144 1764 941 1830 criminatimomuibusanuunoiaritFecituimi·
993 1764 1062 1827 lum
1083 1765 1354 1840 haeresiarcham,
1383 1785 1479 1846 quem
1492 1770 1653 1848 tringinta
1686 1777 1786 1838 annis

144 1881 219 1926 rum
234 1866 341 1926 instar
351 1865 447 1926 Isaiae
460 1864 649 1927 cuidiotum
663 1865 737 1927 est.
730 1887 737 1900 ·
754 1867 884 1936 Ctamc,
895 1875 940 1922 cc
994 1877 1144 1924 errorum
1158 1863 1304 1926 tenebrae
1320 1865 1583 1943 obcaecaverant,
1599 1869 1641 1930 ad
1654 1873 1785 1934 sanita-

143 1977 267 2038 ccsscs,
290 1967 390 2038 quast
410 1964 490 2026 tcto
515 1964 634 2026 scotto
655 1967 772 2024 ccccm
791 1962 889 2024 tuom
905 1959 939 2022 ct
994 1961 1059 2022 tem
1074 1961 1254 2033 revocarit,
1271 1961 1446 2040 effecitque
1470 1965 1620 2044 utusque
1639 1967 1681 2029 ad
1696 1985 1788 2032 mor·

145 2063 323 2122 manasseto
333 2065 459 2134 populo
472 2073 549 2122 mco
560 2063 691 2122 scelera
708 2056 1059 2136 comm(1sa.,tem
1074 2058 1232 2120 Ecclesiae
1246 2060 1412 2122 mandatis
1425 2060 1562 2124 devotus
1574 2064 1713 2182 steterit

145 2171 227 2218 nv111
230 2153 300 2234 ,1).
310 2156 536 2233 mittentrsque
544 2156 603 2218 Der
613 2155 810 2220 auctontate
822 2153 939 2227 iratus

145 2267 190 2314 ex
198 2268 303 2314 eremi
315 2252 455 2325 cultore,
458 2253 516 2313 ubr
524 2252 655 2314 subrunr
665 2251 863 2325 intenderat
875 2250 942 2312 tac·
1267 2253 1403 2315 CAPUT
1428 2257 1515 2317 Vlll.

144 2351 198 2412 tus
209 2352 261 2411 est
272 2365 382 2428 praeco
392 2350 464 2422 Dei,
478 2365 546 2411 non
556 2349 704 2425 segniter
717 2347 859 2424 iungens
873 2346 943 2410 odl-

145 2446 198 2508 cio
214 2462 275 2508 suo
293 2468 300 2507 :
316 2447 359 2508 ad
374 2447 602 2524 proximorum
617 2445 868 2507 conciliandam
883 2461 941 2506 sa·

145 2544 249 2606 lutam
264 2544 368 2605 totum
384 2559 420 2604 se
435 2543 584 2616 contulit,
595 2543 631 2603 in
642 2541 857 2604 concionibus
871 2542 942 2603 suis

146 2657 221 2704 eam
247 2641 409 2703 adhibens
426 2641 567 2719 justitia
591 2641 791 2718 aequitatem,
812 2642 850 2702 ut
870 2641 943 2702 sire

145 2739 289 2815 magnis,
320 2739 391 2801 sire
421 2739 534 2816 parvis
560 2738 762 2816 loqueretur,
789 2737 942 2799 ueritatis
1037 2736 1155 2799 Postea
1169 2751 1261 2809 vero,
1279 2737 1409 2814 privato
1425 2739 1567 2816 quodam
1585 2743 1718 2818 negotio
1732 2759 1791 2805 ur-

142 2836 267 2914 jaculis
288 2835 520 2899 indifferenter
537 2851 652 2898 omnes
671 2835 796 2897 feriret.
812 2837 943 2911 Argue-
996 2835 1105 2910 gente,
1126 2849 1146 2895 a
1170 2834 1323 2896 ministro
1348 2836 1483 2898 Ordinis
1510 2839 1647 2900 Romam
1667 2841 1790 2902 missus

147 2933 205 2995 bat
216 2933 419 3005 incredulos,
439 2932 635 2995 obsecrabat
645 2932 735 3010 pios,
750 2933 872 3009 impios
882 2931 955 2994 ob·⁴¹
996 2933 1070 2992 est:
1087 2929 1143 2991 ubi
1158 2933 1283 2994 tantam
1295 2932 1482 3011 principum
1494 2936 1650 2998 Ecclesiae
1662 2951 1740 3014 erga
1754 2953 1790 3000 se

142 3030 311 3108 jurgabat,
331 3031 668 3108 utcopiosissimeita
683 3029 941 3102 ferventissime,
995 3027 1261 3090 benevolentiam
1286 3034 1443 3107 expertus
1467 3033 1528 3104 est,
1553 3035 1588 3094 ut
1611 3035 1643 3096 et
1663 3035 1789 3112 abipso

148 3128 289 3205 singulis
301 3129 513 3190 accommoda
524 3131 558 3192 et
572 3127 805 3190 convenientia
815 3127 943 3189 saluta-
997 3125 1158 3187 Poctiflce
1178 3125 1336 3198 Maximo,
1352 3127 1385 3188 et
1399 3128 1519 3188 ceteris
1535 3130 1698 3199 omnihus,
1715 3147 1791 3192 con·

148 3226 196 3287 ris
218 3226 376 3287 doctrinae
398 3226 525 3287 monita
545 3225 753 3301 depromens.
776 3225 839 3296 Qui
853 3224 942 3286 enim
995 3221 1049 3292 ¹cio
1063 3222 1154 3282 illius
1166 3222 1704 3289 incredibilistudioetdevotione
1717 3244 1791 3289 aus·

143 3324 312 3401 jamante,
328 3324 363 3385 ut
377 3322 616 3400 supradictum
630 3322 690 3394 est,
711 3322 943 3399 passionisca-
996 3319 1120 3382 cultata
1143 3319 1302 3382 situum
1325 3322 1414 3383 enim
1438 3323 1625 3386 sublimiter
1649 3325 1792 3388 facundo

149 3421 245 3482 licem
256 3421 428 3496 tantopere
439 3418 809 3496 concupieratznullius
818 3418 943 3495 magni·
997 3432 1055 3478 ore
1066 3417 1246 3493 scriptura
1258 3419 1415 3495 mysteria
1425 3419 1648 3496 depromebat,
1660 3423 1697 3485 ut
1706 3427 1792 3484 Pon·

148 3517 285 3588 tudinis,
302 3516 433 3578 etiamsi
458 3518 575 3578 mortis
600 3516 806 3592 impenderet
823 3515 943 3576 discri-
996 3513 1080 3576 tifex
1094 3515 1261 3576 Maximus
1275 3515 1439 3592 singulari
1455 3519 1597 3594 quadam
1620 3535 1791 3596 praeroga-

149 3627 237 3686 men,
254 3628 314 3690 pro
325 3612 466 3674 veritate
479 3611 625 3683 cedebat,
636 3611 693 3672 sed
702 3610 847 3672 mirabili
857 3612 945 3673 stre-
996 3611 1077 3682 tiva,
1100 3625 1176 3671 eum
1200 3615 1328 3674 Arcam
1355 3613 1564 3676 Testamenti
1592 3615 1786 3691 appellaret.

148 3711 288 3783 nuitate,
323 3710 423 3772 etiam
452 3709 635 3786 potentium
662 3707 832 3785 tyrannidi
869 3721 943 3770 sese
998 3705 1148 3769 Habebat
1162 3707 1225 3768 hoc
1237 3707 1289 3768 vir
1303 3709 1375 3780 Dei,
1392 3709 1429 3770 ut
1441 3725 1551 3771 sermo
1566 3714 1649 3788 ejus,
1665 3727 1725 3788 pro
1740 3727 1792 3774 re·

150 3807 348 3884 opponebat.
373 3807 474 3868 Nulla
496 3821 634 3882 prorsus
655 3804 854 3867 flectebatur
866 3819 944 3881 per-
997 3820 1072 3865 rum
1086 3803 1219 3866 diversa
1232 3803 1364 3866 ratione
1378 3817 1509 3882 semper
1529 3807 1701 3883 ingratia,
1719 3810 1791 3870 sale

150 3919 309 3966 sonarum
324 3905 528 3980 acceptione,
543 3903 636 3964 nulla
653 3902 844 3966 adulatione
859 3901 945 3963 mol·
998 3900 1208 3962 discretionis
1224 3903 1311 3963 esset
1324 3901 1488 3975 conditus,
1508 3905 1712 3982 novaretque
1726 3921 1791 3982 pa-

150 3999 315 4076 tiebatur3
344 4015 411 4062 non
435 3999 606 4077 popularis
631 4000 859 4061 transversum
887 4013 945 4060 ra·
998 3997 1081 4058 riter
1092 3997 1126 4058 et
1137 3995 1314 4072 placidum,
1329 3998 1362 4058 et
1376 3988 1527 4060 serarum
1553 4015 1588 4060 se
1607 3999 1789 4063 exhibere:

151 4096 263 4174 piabat
285 4097 379 4160 lavor
393 4100 427 4159 et
440 4096 572 4173 opinio:
588 4094 644 4158 sed
656 4097 753 4172 juxta
774 4094 944 4172 prophetae
998 4109 1102 4171 quare
1113 4092 1225 4166 fiebat,
1248 4095 1284 4155 ut
1305 4109 1415 4155 sermo
1437 4098 1508 4172 ejus
1524 4097 1556 4158 et
1574 4113 1688 4159 amora
1703 4099 1736 4161 et
1747 4100 1793 4162 ti-

149 4209 265 4256 rocem
283 4215 290 4253 ε
307 4197 411 4260 Quasi
418 4194 616 4268 plaustrum
630 4193 804 4255 triturans
815 4207 944 4254 cocum
998 4206 1090 4253 more
1104 4190 1255 4253 afficeret
1264 4190 1444 4254 auditores.
1458 4193 1667 4256 Mirabantur
1681 4196 1716 4257 in
1731 4197 1791 4258 lllo
1815 4189 1818 4196 ’

150 4293 279 4352 babens
297 4290 416 4352 rostro
440 4291 631 4362 serrantia,
646 4291 782 4353 moratos
795 4293 942 4351 commi-
997 4288 1064 4350 riri
1087 4287 1225 4350 litterati
1250 4289 1377 4351 tantum
1399 4289 1528 4364 ingenii
1552 4307 1691 4354 acumen
1715 4295 1793 4356 tan-

151 4388 239 4462 uuit,
259 4389 294 4449 ct
318 4391 486 4450 costumias
509 4389 608 4461 catast
624 4391 804 4462 pulverem
816 4387 942 4460 posuit.
1001 4386 1132 4462 tamque
1145 4385 1369 4462 eloquentiam
1381 4386 1589 4450 mirabantur
1602 4389 1696 4451 illum
1711 4406 1792 4466 erga

995 2395 1125 2469 Magno
1147 2395 1264 2470 orcita
1278 2395 1312 2458 ct
1329 2397 1448 2469 fructu
1458 2399 1577 2460 Romcc
1594 2404 1789 2474 praedicans

1035 2505 1189 2566 raraque
1201 2494 1406 2568 crodit-ioue,
1419 2509 1607 2568 procerum
1627 2501 1789 2562 Ecclesiae

1035 2589 1227 2649 amicitiam
1239 2591 1305 2650 stoc·
1319 2591 1523 2652 conctiuctt.

151 4480 409 4565 (lsa.,xu1,15.)
760 4504 763 4510 ·
999 4498 1114 4544 omnes
1129 4482 1213 4542 miro
1237 4483 1378 4558 quodam
1402 4483 1586 4560 prudentia
1611 4487 1644 4548 at
1661 4487 1792 4548 discre—
1886 4493 1889 4496 ’

192 4579 374 4644 Videbatur
401 4579 496 4657 quasi
532 4581 585 4642 ter
617 4579 750 4656 quidam
781 4579 945 4657 prodiisse
998 4579 1100 4642 tionis
1125 4578 1272 4656 pondere
1298 4595 1358 4640 sua
1377 4580 1479 4641 verba
1499 4581 1688 4644 librantem.
1714 4585 1791 4644 Ma-

152 4678 332 4751 Blias,aelo
343 4677 403 4738 Dei
416 4677 547 4738 fervens
558 4675 945 4754 inflammatusque,igue
996 4677 1088 4754 joras
1100 4691 1167 4736 non
1179 4677 1253 4736 sine
1267 4675 1487 4737 admiratione
1501 4677 1716 4741 attendebant
1728 4679 1794 4757 spi-

146 4775 297 4853 Spiritus
313 4773 421 4836 sancti
436 4773 551 4850 ignitis
566 4772 775 4834 sermonibus
783 4773 947 4836 accende·
1000 4771 1180 4834 ritualibus
1191 4771 1380 4848 spiritualia
1397 4774 1660 4849 comparantem
1683 4777 1794 4838 mino*

152 4872 219 4944 bat,
237 4873 269 4934 et
284 4870 402 4933 urebat
416 4870 603 4932 auditorum
617 4869 741 4946 tepida,
763 4869 941 4946 torpentia,
1000 4884 1055 4932 res
1063 4868 1250 4946 stupebant,
1258 4869 1415 4930 vitiorum
1426 4873 1584 4932 causaest
1595 4873 1792 4936 occasiones

152 4969 273 5045 frigida
289 4969 321 5029 et
332 4966 593 5030 obscuracorda.
606 4969 771 5029 Personas
787 4966 945 5043 quasdam
1001 4966 1170 5042 sapienter
1182 4966 1399 5037 resecantem,
1423 4965 1456 5027 et
1470 4967 1609 5029 virtutes
1631 4985 1670 5030 ac
1684 4969 1790 5032 bonos
1822 5035 1825 5038 ,

153 5064 313 5128 sublimes
335 5063 595 5140 reprehensione
617 5063 735 5138 dignas
749 5064 840 5125 tanta
855 5078 945 5134 uon·
1002 5076 1198 5122 marescum
1213 5061 1317 5122 multa
1329 5062 1483 5123 cautione
1496 5062 1709 5127 inserentem.
1732 5071 1792 5130 De·

152 5177 322 5240 nunquam
337 5161 515 5222 severitate
530 5159 728 5237 objurgavit,
745 5161 782 5222 ut
796 5157 947 5236 plerique
1001 5159 1102 5235 nique
1125 5173 1240 5220 omnes
1263 5157 1408 5219 omnium
1432 5161 1581 5233 aetatum,
1615 5163 1790 5238 ordinum,

153 5260 213 5322 alii
228 5256 375 5320 celebres
389 5257 641 5319 concionatores
651 5256 745 5319 rllum
759 5255 945 5328 audientes,
1002 5253 1228 5316 conditionum
1253 5255 1423 5328 mortales,
1447 5259 1712 5323 accommodatas
1728 5263 1792 5324 sibi

154 5357 197 5418 ad
220 5353 420 5450 intrepidam
440 5353 532 5414 illius
554 5353 775 5415 constantiam
793 5351 946 5429 trepida·
1002 5351 1171 5414 doctrinas
1185 5351 1218 5414 et
1232 5351 1460 5416 institutiones
1480 5369 1523 5416 ex
1546 5355 1605 5418 illo
1624 5371 1661 5419 aa
1681 5359 1795 5420 susci-

153 5455 240 5525 rent,
263 5451 440 5527 vultusque
460 5465 539 5514 suos
561 5449 703 5528 quodam
725 5449 950 5526 pusillanimi·
1001 5447 1304 5526 perelectabantur.
1329 5449 1400 5512 Nec
1420 5451 1585 5518 immerito
1610 5453 1661 5515 illi
1682 5455 1792 5516 tribu-

153 5551 233 5613 tatis
247 5547 369 5610 rubore
383 5545 509 5623 pertusi
522 5545 723 5622 obtegerent.
746 5544 950 5615 circumibat
1002 5547 1072 5607 tum
1088 5543 1178 5607 tutta
1194 5545 1366 5616 Pontifice,
1380 5549 1417 5610 ut
1429 5551 1520 5610 Arca
1536 5550 1734 5614 tastamenti
1748 5552 1795 5613 di·
