4204 6402
101 395 160 454 rer
477 387 585 448 rans
613 385 757 446 rarus.
778 411 818 432 -
840 380 1059 441 nxrosrrm
1089 372 1134 440 m
1163 341 1364 439 assumes.
1682 363 1741 424 ras

102 548 190 628 quod
216 553 278 608 ne'c
303 545 422 618 cauda,
439 545 613 621 neccaput
633 543 803 620 appareat,
829 539 894 600 nisi
950 538 1013 599 hoc
1028 537 1114 615 quod
1130 535 1222 610 dicit,
1247 534 1308 596 sub
1332 532 1422 594 omni
1451 529 1543 604 ligno
1572 525 1741 594 frondoso,

103 645 347 720 solumspinae,
364 644 397 704 et
420 637 894 718 aculei,quibussedefendit.
950 634 1137 697 ostenditur
1165 633 1293 710 peccati
1331 627 1490 692 defensio.
1535 626 1616 684 Cum
1654 619 1743 681 enim

104 744 161 804 Sic
180 741 344 818 peccator,
365 755 440 800 cum
455 739 546 800 ridet
568 754 603 799 se
618 754 638 797 a
652 736 824 798 sacerdote
838 748 897 810 per
951 733 1055 792 Adam
1071 731 1253 808 peccasset,
1269 727 1409 802 aufugit,
1432 726 1465 784 et
1476 722 1537 782 sub
1552 719 1668 782 umbra
1684 732 1744 778 ar-

106 839 349 903 confessionem
376 833 624 912 comprehendi,
645 835 680 895 in
702 849 804 894 unum
819 832 897 906 glo·
952 829 1043 889 boris
1064 829 1172 901 latuit,
1189 827 1245 887 ubi
1270 825 1441 886 convictus
1469 837 1490 882 a
1512 819 1650 880 Domino
1666 829 1746 892 pec-

105 937 184 998 bum
213 952 249 998 se
276 934 414 1008 colligit,
443 934 490 994 ita
519 932 605 1008 quod
621 947 683 992 nec
696 933 804 1006 caput,
836 943 897 988 nec
953 928 1063 988 catum
1079 941 1176 986 suum
1190 922 1375 984 excusavit.
1389 920 1545 997 Sequitur
1560 939 1568 976 ε
1584 914 1744 976 Malitiam

107 1034 213 1096 cauda
230 1032 357 1111 peccati
373 1030 478 1108 possit
500 1028 657 1098 inveniri,
686 1027 820 1088 aculeos
834 1025 898 1085 de·
954 1028 1063 1086 autem
1086 1039 1153 1084 non
1178 1021 1283 1084 odivit
1298 1041 1306 1080 ε
1321 1021 1356 1080 in
1385 1034 1450 1095 quo
1469 1015 1646 1077 denotatur
1660 1027 1747 1087 gau·

107 1130 269 1194 fensionis
296 1127 480 1205 praetendit,
498 1127 534 1188 ut
561 1126 609 1188 sic
635 1124 755 1186 evadat
781 1137 899 1182 manus
954 1123 1056 1192 dium,
1074 1119 1127 1182 vel
1142 1118 1319 1180 delectatio
1336 1114 1474 1193 peccati.
1491 1111 1648 1179 Hincest,
1661 1105 1748 1184 quod

107 1226 302 1289 sacerdotis.
320 1225 359 1286 Et
374 1225 453 1286 nota
463 1222 613 1285 ordinem
628 1225 712 1298 epus,
726 1221 782 1296 qui
794 1219 901 1295 sequi·
956 1220 1116 1280 Dominus
1127 1213 1376 1292 perieremiam
1388 1209 1436 1272 ait
1447 1209 1489 1270 ad
1505 1209 1660 1268 miseram
1675 1205 1751 1265 ani-

107 1326 163 1387 tur
178 1345 187 1384 z
204 1326 278 1384 Vox
292 1321 456 1384 cantantis
468 1321 504 1382 in
517 1319 676 1388 fenestra,
687 1320 721 1380 et
735 1332 855 1378 corvus
866 1316 900 1376 in
956 1330 1044 1376 mam
1058 1313 1103 1393 (2,
1119 1312 1172 1392 33)
1189 1334 1196 1372 :
1213 1310 1329 1382 «Quid
1352 1310 1472 1370 bonam
1498 1305 1673 1366 ostendere
1695 1302 1751 1360 ni-

108 1419 371 1498 superliminari.
399 1420 474 1479 Non
496 1417 585 1478 enim
610 1416 698 1477 esset
721 1429 840 1475 corvus
866 1413 901 1472 in
957 1413 1038 1474 teris
1064 1412 1153 1472 uiam
1178 1410 1287 1470 tuaml
1309 1409 1348 1470 Et
1374 1407 1511 1481 insuper
1526 1401 1672 1464 malitias
1687 1399 1750 1460 do-

106 1516 371 1596 superliminari,
394 1516 460 1576 nisi
475 1517 563 1576 esset
584 1529 652 1574 vox
677 1511 844 1573 cantantis
868 1510 900 1569 in
957 1509 1056 1571 cuisti
1066 1508 1138 1569 sias
1150 1505 1351 1568 tuas.»lllud
1362 1501 1540 1580 pessimum
1554 1497 1752 1566 est,scilioet

110 1612 258 1674 fenestra
270 1627 278 1684 ;
292 1610 451 1687 quoniam
465 1609 531 1670 nisi
546 1608 633 1670 ratio
648 1607 761 1666 illecta
772 1603 903 1666 deliciis
956 1608 1072 1668 tenere
1083 1604 1215 1666 scholas
1231 1603 1271 1664 de
1285 1602 1434 1678 peccat03
1448 1598 1532 1675 quod
1550 1596 1676 1658 faciunt
1689 1593 1750 1663 illi,

108 1707 280 1772 cantantis
304 1707 339 1768 in
358 1706 515 1778 fenestra,
545 1706 633 1767 idest
651 1705 686 1764 in
701 1704 796 1779 porta
823 1717 902 1761 sen·
958 1703 1015 1778 qui
1030 1701 1238 1762 delectantur
1253 1715 1327 1760 eum
1351 1695 1602 1763 malefecerint,
1620 1695 1654 1753 et
1668 1692 1752 1782 alios

109 1819 207 1872 suum
221 1806 308 1876 laeta,
322 1805 355 1866 et
369 1803 534 1865 dissoluta
545 1801 688 1872 sederet,
702 1815 823 1860 corvus
836 1813 902 1858 non
958 1798 1102 1860 invitant
1129 1798 1169 1858 ad
1192 1796 1406 1872 peccandum,
1431 1793 1613 1869 gaudentes
1628 1788 1753 1850 babere

109 1904 198 1965 esset
209 1904 245 1964 in
262 1901 526 1979 superliminari;
540 1899 627 1960 idest
639 1899 673 1959 in
695 1896 826 1958 ratione
836 1910 903 1954 non
959 1896 1079 1957 multos
1094 1896 1266 1956 consortes
1279 1891 1477 1970 iniquitatis.

108 1999 466 2075 essetprocrastinatie
486 1993 735 2058 satisfactionis.
761 1992 797 2052 Si
814 1991 904 2052 enim

110 2097 198 2160 ratio
223 2096 336 2158 sensui
357 2111 421 2156 non
447 2093 642 2163 cohaereret,
668 2093 701 2152 et
723 2089 829 2152 adsui
844 2103 903 2148 re-

111 2193 379 2272 prehensionem,
409 2193 443 2252 et
480 2190 606 2266 peccati
631 2186 904 2262 recogitationem
1217 2156 1359 2216 SERMO
1383 2154 1494 2214 LXVI·

111 2290 257 2366 fflpsam
284 2291 319 2348 5¹¹
339 2305 375 2350 ὅθ
389 2287 612 2362 ΓθθθῙῙῘΒθΓθῘ»
636 2300 703 2344 ¹¹⁰⁰
731 2282 819 2343 θθθθῑ
838 2296 906 2342 ‘³0¹
996 2305 1037 2360 De
1049 2302 1178 2360 ubertate
1204 2301 1350 2366 Ecclesiae,
1364 2313 1428 2371 qoae
1448 2297 1576 2371 procedit
1589 2311 1625 2353 ex
1639 2302 1720 2352 utero

110 2387 281 2450 cantantis
297 2386 332 2446 in
347 2384 503 2454 fenestra,
519 2381 648 2442 sedvox
660 2379 824 2456 lugentis:
839 2393 905 2438 non
1290 2389 1428 2462 Virginis.

113 2483 203 2544 enim
217 2484 297 2543 tunc
312 2481 535 2543 delectaretur
546 2479 632 2540 ratio
647 2478 683 2536 in
698 2477 751 2536 bis
765 2475 908 2537 exterio·

113 2579 208 2640 pibus
221 2594 280 2654 pe„
294 2593 412 2638 sensus
423 2571 904 2653 corporalefflndelsaiae(34‚
961 2525 1231 2590 lacerabuntur
1251 2527 1294 2586 ab
1314 2523 1471 2584 cohortata
1491 2525 1612 2582 cornus
1626 2521 1706 2590 tuoe,
1722 2519 1756 2578 cf

114 2676 167 2754 11)
194 2696 201 2735 ι
228 2675 305 2745 ms,
336 2676 370 2735 et
397 2687 517 2734 corvus
537 2667 907 2732 narraruntrneam
1003 2623 1159 2686 torrente
1182 2621 1368 2696 occupans
1380 2619 1595 2696 perenaeos.
1616 2613 1753 2695 (reim.

111 2774 194 2835 sunt
208 2771 389 2834 verbadiei
404 2770 572 2848 loquentis
592 2768 632 2829 de
654 2768 769 2829 Judaea
794 2782 813 2827 a
840 2769 906 2826 Deo
1001 2721 1053 2794 35’
1069 2718 1116 2800 9')
1244 2809 1249 2818 .

112 2869 284 2931 derelicta.
304 2871 374 2928 lbr's
388 2869 559 2943 serpentes
574 2865 785 2941 incorporat3
807 2866 839 2925 et
855 2863 905 2924 si·
1002 2873 1124 2931 Domus
1137 2870 1202 2931 ista
1221 2869 1273 2930 est
1282 2869 1397 2930 uterus
1412 2866 1520 2928 beatae
1535 2864 1697 2940 Virginis,
1714 2861 1755 2923 de

113 2966 251 3042 gnificat
266 2964 502 3034 detractorem,
518 2963 573 3039 qui
591 2977 719 3022 venem
730 2960 910 3022 detractio·
962 2968 1057 3043 quus
1068 2967 1220 3028 ubertate
1229 2964 1394 3027 inebriata
1409 2964 1461 3025 est
1473 2967 1630 3024 universa
1642 2961 1755 3022 Eccle-

114 3062 168 3122 nis
182 3059 375 3123 delectatur.
387 3061 524 3130 Corvus,
539 3058 595 3134 qui
610 3058 774 3120 cadavera
789 3058 906 3118 incor—
963 3065 1024 3135 sia,
1036 3065 1130 3140 cujus
1143 3063 1336 3134 ubertatem,
1352 3065 1384 3122 et
1397 3063 1521 3138 quanta
1533 3057 1755 3130 sit,describit

113 3159 220 3236 porat,
257 3156 423 3232 significat
454 3155 543 3226 illos,
580 3155 636 3231 nui
670 3155 815 3216 aliorum
842 3153 907 3212 sibi
965 3160 1183 3243 salemonis
1211 3158 1356 3221 canticis
1385 3157 1499 3218 dicens
1514 3157 1559 3234 (r,
1577 3158 1614 3216 13
1630 3157 1662 3217 et
1677 3154 1755 3232 tm:

118 3255 526 3332 peceataincorporantes,
540 3252 582 3313 ad
597 3251 786 3330 exemplum
801 3251 908 3310 malo·
963 3273 981 3316 r<
997 3257 1202 3318 dimissiones
1212 3259 1279 3318 tuae
1293 3254 1471 3332 paradisus
1484 3254 1648 3315 malorum
1660 3252 1759 3328 puni-

119 3367 195 3412 rum
209 3352 323 3412 rivere
337 3349 464 3412 volunt.
476 3351 516 3410 Et
529 3347 651 3410 ibidem
674 3349 708 3408 in
725 3349 812 3408 isaia
829 3347 910 3408 sub-
964 3369 1079 3414 corum
1095 3367 1351 3429 cumpomerum
1362 3349 1535 3412 fructibus.
1552 3350 1668 3426 cypris
1684 3365 1758 3410 cum

114 3448 268 3526 jungitlff
283 3447 323 3508 de
346 3446 765 3518 df³⁰0110‚0l8lr¹1'1h10ss02
783 3445 841 3522 qui
860 3445 910 3503 Si·
964 3450 1081 3521 nardo,
1098 3449 1235 3518 nardus,
1252 3449 1285 3510 et
1306 3465 1434 3519 crocus,
1452 3447 1574 3520 dstula,
1590 3446 1624 3508 et
1642 3447 1760 3507 cinna-

116 3544 277 3620 gnificant
296 3544 361 3606 duo
385 3557 510 3618 genera
528 3544 751 3618 peccatorum.
769 3541 908 3615 Quidam
966 3562 1122 3617 momum,
1140 3546 1288 3622 myrrha,
1307 3546 1340 3607 et
1361 3545 1446 3605 aloe.
1461 3562 1479 3603 s
1494 3547 1532 3605 Et
1543 3545 1625 3605 dicit
1639 3544 1702 3604 boc
1717 3543 1758 3603 ad

116 3642 206 3704 enim
226 3641 355 3704 Occulle
374 3641 523 3716 Ρθθῦᾶΰὶ.
540 3637 720 3718 &callide
737 3639 910 3714 quisigni-
964 3643 1094 3706 beatam
1110 3644 1293 3719 Virginem,
1322 3644 1417 3717 cujus
1445 3640 1532 3703 uteri
1559 3640 1757 3700 emissiones

119 3739 263 3801 ficantur
278 3753 338 3814 per
362 3737 567 3798 draconem:
591 3734 650 3796 alii
662 3735 854 3806 manifeste,
878 3737 912 3796 et
964 3739 1215 3816 estparadisus,
1244 3738 1332 3801 idest
1356 3738 1426 3800 tota
1454 3737 1614 3808 Ecclesia,
1642 3735 1678 3796 in
1693 3751 1758 3812 qua

117 3835 426 3912 significanturper
450 3832 682 3895 struthionem.
700 3831 793 3892 Unde
814 3832 911 3893 Glos-
965 3835 1145 3898 suntmala
1173 3835 1309 3912 punica,
1339 3833 1432 3914 cypri
1459 3849 1534 3894 cum
1562 3831 1677 3894 nardo.
1695 3835 1759 3893 Per

117 3948 154 3995 sa
170 3929 219 4010 (1)
232 3930 356 3992 ibidem
375 3952 383 3990 z
399 3930 435 3991 in
451 3931 561 3990 mente
577 3943 734 4005 perversa
750 3927 799 4006 (2)
810 3928 910 4007 dracq
965 3934 1053 3994 mala
1075 3933 1197 4010 punica
1223 3931 1456 4007 sfgniflcantur
1479 3931 1658 4007 Martyres3
1672 3931 1759 3991 unde

116 4029 229 4100 cubat,
250 4029 285 4091 ct
306 4027 450 4089 struthio
463 4026 622 4102 pascitur,
642 4025 718 4086 dum
733 4027 766 4086 et
783 4025 909 4086 malitia
965 4033 1000 4093 in
1015 4030 1161 4092 canticis
1176 4027 1220 4107 (f,
1237 4027 1270 4108 3)
1288 4051 1295 4088 :
1312 4029 1435 4089 «Sicut
1445 4027 1594 4103 fragmen
1609 4028 1689 4089 mali
1703 4043 1764 4104 pu·

116 4126 239 4188 callide
257 4123 394 4202 tegitur,
411 4125 445 4186 et
461 4123 631 4184 simulatio
653 4123 841 4184 sanctitatis
861 4139 912 4184 os·
965 4126 1033 4187 nici
1047 4141 1141 4202 genre
1157 4127 1268 4186 tuae.»
1294 4126 1331 4185 ln
1359 4122 1454 4198 genis
1481 4121 1659 4182 mulierum
1682 4121 1759 4197 pul·
1808 4110 1816 4121 '

119 4225 278 4286 tentatur.
966 4221 1119 4285 cbritudo
1134 4221 1382 4292 consideratum
1399 4221 1432 4281 et
1451 4219 1579 4297 species
1600 4219 1759 4281 Ecclesiae

158 4321 343 4395 Sequitur:
364 4319 477 4381 Astitit
501 4319 593 4379 omni
619 4319 684 4380 uiae
712 4335 778 4379 non
801 4318 908 4380 bonae.
966 4321 1001 4380 in
1027 4319 1242 4396 Martyribus,
1266 4317 1363 4396 quasi
1390 4317 1424 4377 in
1445 4318 1541 4392 genis
1561 4317 1754 4379 attenditur.

119 4421 206 4478 Ecce
225 4416 353 4492 peccati
377 4414 575 4492 frequentia,
605 4419 638 4478 et
656 4417 801 4491 vagatio.
819 4416 911 4477 Unde
966 4418 1006 4478 ut
1030 4417 1114 4477 bene
1140 4431 1201 4493 per
1223 4415 1374 4490 fragmen
1405 4415 1486 4474 mali
1510 4415 1624 4491 punici
1647 4415 1757 4489 signi-

119 4514 156 4574 in
170 4511 316 4575 ieremia
330 4511 374 4590 (3,
389 4510 422 4590 2)
441 4529 481 4572 :r
500 4515 588 4574 Leua
602 4513 638 4572 in
653 4512 813 4574 directum
829 4529 911 4576 ocu·
967 4515 1109 4576 ficantur
1135 4517 1319 4589 martyres3
1350 4513 1507 4589 quoniam
1545 4511 1630 4572 sicul
1663 4511 1758 4587 frag-

120 4610 172 4671 los
186 4610 273 4680 tuos,
288 4607 423 4680 stride,
450 4608 507 4670 ubi
532 4625 598 4671 non
621 4611 786 4686 prostrata
801 4611 865 4684 sis;
880 4610 913 4672 et
967 4627 1042 4672 men
1063 4610 1144 4671 mali
1171 4609 1285 4686 punici
1311 4609 1452 4670 interius
1476 4607 1575 4679 albet,
1604 4611 1637 4670 et
1660 4611 1757 4670 exte-

120 4707 275 4782 superius
291 4705 424 4767 dixerat
446 4705 489 4784 (2,
512 4705 566 4784 20)
587 4729 595 4766 ι
612 4709 649 4766 In
664 4707 755 4766 omni
769 4707 863 4778 colle,
880 4706 913 4768 et
967 4709 1038 4770 rius
1051 4706 1148 4768 rubet
1165 4728 1172 4765 :
1189 4707 1238 4767 sic
1260 4707 1294 4767 et
1310 4707 1473 4782 Martyres
1493 4704 1632 4766 interius
1648 4704 1761 4770 albent

121 4802 183 4865 sub
214 4804 303 4864 omni
339 4803 433 4880 ligno¹
459 4803 614 4864 frondoso
648 4803 913 4879 prosternebaris
967 4821 1027 4883 per
1062 4803 1183 4864 mentis
1220 4803 1455 4873 innocentiam,
1490 4803 1523 4862 et
1563 4803 1759 4877 candorem,

120 4901 292 4963 meretrix.
319 4903 397 4972 Quae
426 4901 492 4961 duo
517 4899 760 4977 significantur,
785 4901 914 4962 scilicet
967 4901 1116 4964 exterius
1137 4899 1257 4962 rubent
1280 4915 1340 4975 per
1359 4898 1531 4974 sanguinis
1550 4897 1759 4964 effusionem.

121 4997 250 5076 peccati
265 4998 426 5068 ostensio,
444 4997 515 5058 sive
529 4986 766 5070 manifestatis
782 4999 815 5058 et
829 5001 914 5072 ejus·
968 5003 1095 5076 Cyprus
1128 4997 1228 5058 arbor
1253 4997 1316 5067 est,
1340 5011 1413 5073 quae
1441 4995 1476 5056 in
1506 4997 1650 5073 AEgypto
1678 5015 1761 5060 nas·

121 5095 196 5156 dem
212 5093 371 5155 defensio.
387 5093 620 5171 Perbocquod
632 5094 764 5165 dicitur,
780 5095 913 5156 inomni
969 5097 1065 5166 citur,
1108 5097 1139 5156 et
1169 5094 1299 5154 crescit.
1328 5092 1499 5169 Significat
1523 5093 1610 5166 illos,
1641 5097 1698 5174 qui
1726 5099 1760 5176 in

121 5189 219 5258 colle,
246 5190 456 5266 significatur
492 5189 721 5265 praeostensi0,
758 5191 914 5266 quoniam
970 5191 1230 5267 mundoprarae‚
1248 5191 1281 5250 et
1304 5203 1470 5266 perversae
1499 5194 1762 5256 conversationis

122 5286 208 5364 qued
225 5288 259 5346 in
275 5287 360 5348 colle
375 5291 437 5358 est,
462 5287 592 5362 alonge
609 5285 715 5348 videri
744 5289 859 5365 potest.
878 5290 915 5349 ln
971 5290 1053 5362 nati,
1069 5291 1102 5350 et
1117 5287 1245 5358 nutriti,
1268 5287 1486 5348 conversione
1515 5291 1630 5350 sancta
1660 5293 1763 5368 profl-

158 5467 199 5542 (l)
220 5470 319 5527 Glossa
329 5469 391 5526 ord.
408 5471 482 5528 exS.
499 5471 585 5544 Greg.
971 5481 1066 5530 mente
1080 5472 1165 5530 draco
1179 5471 1274 5534 cubat,
1294 5479 1322 5528 et
1344 5469 1467 5527 struthio
1484 5472 1628 5542 pescimr:
1648 5474 1712 5545 quia
1733 5481 1763 5530 et

159 5541 200 5610 ti)
221 5542 252 5598 ln
269 5545 364 5596 mente
394 5549 584 5608 erverse,etc.
600 5543 627 5600 S.
641 5543 695 5599 Gre
718 5543 914 5602 oriuslib.llll.
971 5545 1063 5600 latens
1076 5544 1182 5600 malitie
1201 5541 1302 5599 callide
1322 5542 1437 5668 ῑοξίῑιιτ,
1451 5549 1479 5598 et
1492 5543 1661 5602 intuentium
1672 5544 1762 5602 oculis

121 5611 345 5680 Moralincep.
386 5611 598 5680 ftob,tom.l,
617 5613 684 5668 edit.
735 5629 795 5672 eur.
813 5615 915 5682 Paris,
971 5614 1115 5684 simulatio
1129 5612 1263 5670 bonitatis
1276 5621 1341 5671 ante
1353 5619 1472 5672 entur.»

123 5681 176 5738 col.
197 5681 260 5748 228,
284 5695 361 5736 num.
384 5679 419 5738 re
441 5680 552 5738 babet:
579 5705 589 5732 ι
615 5685 646 5740 ln
669 5699 802 5756 perverse
831 5685 917 5764 igitur

267 5827 382 5870 rnrnou.
403 5827 477 5870 rous
494 5815 545 5890 Vl.
1541 5817 1575 5873 ri
