4158 6380
122 277 180 346 tal
624 271 627 284 ’
688 277 1010 347 aaonnaouuua.
1032 310 1073 329 -
1095 285 1211 344 vira,
1309 300 1314 308 ·
1443 333 1446 338 ,
1701 286 1761 350 rsa

163 439 287 502 Puellae
303 436 433 502 cuidam
448 437 484 500 in
498 440 607 502 castro
631 441 769 506 novanti
793 441 911 504 oeulo-
967 441 1057 516 poris
1072 440 1298 504 infirmitatem
1313 441 1435 505 Christi
1453 441 1595 504 ramulus
1611 457 1767 522 perper,
1878 432 1881 442 ’

119 551 196 597 rum
217 536 357 613 privatae
382 537 573 609 luminibus,
591 553 666 598 cum
687 538 722 599 in
736 539 910 599 Trinitatis
965 538 1015 598 tes
1027 536 1103 598 illas
1112 539 1289 598 transitum
1302 539 1483 614 habuisset,
1492 541 1631 616 contigit
1644 541 1759 604 reduci

118 634 257 694 nomine
284 634 380 710 sputo
408 649 467 695 suo
494 650 554 710 per
567 635 675 711 ipsius
698 636 813 696 oculos
827 634 910 694 lini·
965 634 1089 694 animal
1105 649 1164 710 per
1173 635 1298 707 villam,
1316 636 1350 696 in
1363 651 1427 712 qua
1443 637 1562 700 mulier
1581 638 1760 715 torqueba·
1811 659 1814 666 ·

117 729 237 802 visset,
253 730 365 791 lumen
377 731 588 807 concupitum
602 732 758 792 restituit.
964 731 1029 790 tur.
1056 731 1214 792 Homines
1238 745 1319 792 vero
1346 733 1421 804 loci,
1442 734 1515 794 riso
1534 749 1619 810 equo
1638 736 1692 796 cui
1706 737 1761 796 vir

158 825 281 886 Mulier
297 826 449 903 quaedam
468 827 611 888 civitatis
632 828 762 898 Neruii,
795 827 912 888 oeulo-
965 827 1100 888 sanctus
1125 827 1304 899 insederat,
1323 831 1541 892 extraxerunt
1555 831 1707 901 tranum,
1724 833 1760 895 ut

114 937 193 983 rum
218 924 369 984 caecitate
394 939 564 1000 percussa,
583 923 713 1000 signum
736 925 843 984 crucis
867 924 911 984 ab
965 925 1227 1000 superponerent
1241 925 1388 998 mulleri;
1403 926 1444 985 ad
1460 930 1554 1003 cujus
1572 930 1758 990 contactum

113 1019 233 1080 eodem
242 1019 440 1096 suscipione,
454 1020 562 1082 lucem
585 1021 795 1097 recuperavit
814 1025 910 1098 opta·
964 1019 1151 1091 mirificum,
1179 1022 1269 1082 omni
1293 1023 1419 1084 remoto
1445 1022 1611 1098 periculo,
1638 1025 1758 1086 mulier

109 1117 195 1178 tam.
712 1171 722 1180 .
963 1115 1054 1176 illico
1067 1117 1196 1193 peperit
1208 1132 1282 1178 cum
1297 1119 1416 1180 salute.

154 1213 315 1275 Bononiae
335 1227 420 1290 puer
442 1213 575 1290 quidam
609 1229 712 1274 uuum
737 1214 907 1275 oculorum
1002 1212 1064 1273 Vir
1087 1213 1220 1290 quidam
1242 1214 1285 1274 de
1305 1216 1420 1276 Castro
1440 1214 1561 1284 Plebis,
1580 1215 1759 1293 religiosus

109 1309 246 1371 macula
279 1311 362 1371 adeo
387 1309 513 1371 habens
548 1311 724 1382 obtectum,
762 1311 798 1373 ut
822 1311 908 1372 nihil
963 1322 1002 1368 ac
1029 1309 1150 1370 timens
1172 1311 1287 1382 Deum,
1316 1311 1473 1372 chordam
1502 1311 1589 1389 apud
1614 1328 1661 1385 se,
1691 1327 1757 1390 qua

109 1421 252 1482 prorsus
266 1407 380 1468 videre
392 1409 517 1484 posset,
532 1423 594 1468 nec
606 1408 719 1485 aliquo
730 1409 842 1485 iuvari
853 1423 909 1470 re-
963 1404 1090 1467 cinctus
1104 1406 1214 1468 luerat
1230 1409 1365 1469 sanctus
1379 1409 1482 1484 pater,
1495 1409 1648 1471 habebat.
1663 1411 1759 1470 Cum·
1881 1395 1884 1402 “

107 1503 235 1576 medie,
261 1505 335 1579 post
354 1504 485 1579 signum
500 1506 647 1566 crucisa
670 1505 779 1581 capite
801 1521 907 1582 usque
963 1517 1026 1578 que
1061 1503 1237 1565 multitudo
1270 1505 1419 1566 virorum
1452 1521 1491 1566 ao
1518 1505 1695 1568 mulierum
1721 1508 1758 1568 in

107 1600 154 1662 ad
169 1599 270 1677 pedes
293 1615 353 1676 per
377 1617 510 1663 servum
531 1601 663 1663 Domini
686 1601 751 1662 sibi
771 1601 905 1675 iactum,
963 1600 1073 1660 castro
1095 1599 1164 1672 illo,
1185 1601 1290 1662 variis
1307 1601 1557 1664 infirmitatibus
1576 1603 1754 1676 laboraret,

104 1697 220 1758 visum
242 1698 455 1774 recuperavit
478 1699 546 1759 tam
565 1699 749 1776 limpidum,
764 1700 800 1761 ut
817 1701 908 1776 post-
962 1694 1031 1756 ibat
1054 1711 1114 1772 per
1140 1697 1379 1759 infirmantium
1405 1698 1531 1771 domos,
1554 1701 1597 1771 et,
1616 1699 1757 1762 intincta

104 1793 244 1856 modum
259 1795 412 1858 Fratrum
429 1795 594 1856 minorum
612 1795 760 1858 ordinem
775 1798 908 1872 ingrcs-
962 1792 1088 1854 chorda
1113 1794 1151 1853 in-
1164 1809 1262 1870 aqua,
1287 1794 1386 1857 dabat
1404 1793 1519 1856 hibere
1542 1796 1757 1872 patientibus,

105 1907 180 1963 sus,
197 1905 233 1952 se
256 1891 355 1968 longe
377 1891 501 1952 clarius
531 1892 651 1954 videre
678 1895 844 1955 assereret
866 1894 907 1955 de
962 1889 1077 1966 sicque
1098 1905 1159 1966 per
1172 1890 1261 1952 huuc
1282 1891 1413 1952 modum
1430 1891 1565 1968 plurimi
1587 1893 1757 1958 sanaban-

106 1989 210 2050 oculo
226 1990 319 2066 prius
331 1987 474 2061 infirmo,
492 2003 590 2066 quam
613 1990 654 2051 de
667 1989 765 2052 oculo
776 2004 908 2068 semper
960 1985 1025 2047 tur.
1055 1987 1119 2047 Sed
1133 1988 1167 2048 et
1180 1987 1223 2048 de
1245 1987 1387 2064 panibus
1399 2004 1419 2049 a
1431 1988 1504 2051 viro
1519 1989 1579 2050 Dei
1594 1990 1755 2072 corruetis

110 2101 211 2147 sano.
312 2087 316 2094 '
960 2083 1136 2157 gustantes
1159 2085 1287 2160 aegroti,
1308 2085 1422 2148 divina
1436 2087 1595 2162 operante
1619 2086 1753 2158 virtute,

152 2185 192 2242 ln
217 2181 326 2244 castro
351 2183 465 2244 Sancti
491 2183 621 2244 Gemini
651 2197 767 2245 sersus
791 2183 850 2245 Dei
886 2199 906 2244 a
961 2179 1249 2256 consequebantur
1272 2181 1426 2243 celeriter
1453 2182 1599 2243 remedia
1622 2183 1755 2244 sanita-

106 2278 255 2357 quodam
286 2277 404 2340 devoto
434 2279 509 2341 viro
542 2282 713 2357 susceptus
748 2281 904 2358 hospitio,
961 2275 1041 2336 tum.
1071 2278 1151 2336 Cum
1178 2277 1230 2338 his
1245 2279 1278 2339 et
1299 2277 1375 2339 aliis
1391 2279 1505 2342 multis
1518 2280 1754 2341 miraculorum

108 2381 211 2452 cujus
228 2389 313 2436 uxor
325 2389 344 2436 a
356 2375 518 2438 daemonio
533 2377 729 2450 vexabatur,
746 2379 820 2454 post
834 2393 907 2439 ora·
959 2371 1120 2448 prodigiis
1142 2387 1253 2450 praeco
1280 2375 1403 2436 Christi
1419 2375 1606 2451 praedicans
1620 2391 1756 2438 cerrus·

106 2473 238 2535 tionem
259 2473 391 2545 iactam,
408 2473 444 2534 in
458 2473 580 2535 virtute
595 2473 791 2536 obedientiae
806 2475 907 2552 impe-
960 2470 1062 2540 caret,
1089 2471 1320 2533 accedebatur
1332 2471 1386 2531 his
1408 2487 1481 2548 quae
1499 2471 1695 2534 dicebantur
1708 2473 1753 2534 ab

107 2570 203 2632 ravit
227 2569 369 2632 demoni
385 2570 421 2631 ut
441 2569 559 2643 exiret,
579 2585 721 2647 eumque
743 2571 905 2646 potestate
959 2579 1010 2636 eo,
1022 2581 1063 2626 ae
1078 2567 1107 2627 si
1122 2568 1616 2645 angelusuemmtloquenetur.
1634 2570 1755 2631 Excel-

106 2667 226 2728 divina
236 2668 303 2728 tam
317 2665 424 2728 subito
437 2665 607 2742 effugavit,
628 2667 664 2728 ut
686 2683 764 2728 vere
779 2668 905 2729 clares·
959 2661 1031 2722 lens
1050 2677 1193 2740 namque
1208 2663 1329 2740 inipso
1344 2666 1567 2740 ilraemssativa
1580 2665 1752 2736 Virtutum,

105 2763 201 2824 cerat
219 2761 303 2839 quod
326 2760 522 2823 obedientiae
548 2763 672 2824 sanotae
690 2762 806 2824 virtuti
828 2778 906 2839 per·
959 2757 1141 2834 prophetiae
1163 2759 1311 2837 spiritus
1333 2760 1483 2822 efficacia
1500 2761 1750 2834 miraculorum,

105 2859 240 2920 vicaria
255 2859 440 2920 daemonum
461 2857 690 2922 nonobsistat.
959 2855 1130 2916 oraculum
1158 2856 1199 2916 de
1228 2856 1438 2933 praedicando
1467 2857 1598 2919 coalitus
1627 2858 1751 2931 datum,

151 2958 190 3015 ln
205 2955 387 3017 ciuitatede
398 2955 693 3032 castello,quidam
708 2955 904 3017 furibundus
959 2949 1145 3014 obedientia
1168 2955 1395 3014 creaturarum
1408 2954 1539 3016 ratione
1554 2956 1750 3027 carentium,

105 3052 140 3113 et
153 3067 297 3128 nequam
312 3052 450 3129 spiritus
466 3052 640 3128 quamdam
661 3051 815 3113 obsidens
831 3069 905 3113 mu·
958 3048 1137 3109 vehemens
1149 3048 1334 3113 immutatio
1350 3050 1499 3111 cordium
1515 3051 1556 3112 ad
1575 3051 1753 3114 verborum

104 3149 280 3221 lierem,a
311 3149 384 3210 uiro
407 3149 522 3210 sancto
545 3148 740 3210 obedientiae
769 3151 904 3226 accepto
958 3144 1064 3222 ipsius
1092 3145 1252 3218 auditum,
1294 3147 1437 3210 eruditio
1467 3150 1540 3225 eJus
1574 3163 1594 3209 a
1626 3149 1752 3226 Spiritu

104 3244 278 3317 mandato,
304 3244 574 3320 indignabundus
603 3245 767 3317 discessit,
795 3247 904 3307 mente
960 3243 1082 3304 Sancto
1096 3243 1219 3319 praeter
1245 3243 1426 3304 humanam
1446 3244 1642 3314 doctrinam,
1659 3261 1750 3324 prm·-

105 3341 209 3402 simul
229 3341 262 3404 et
275 3357 415 3418 corpore
435 3341 586 3413 liberam,
606 3340 777 3404 obsessam
797 3343 901 3419 prius,
958 3337 1091 3398 dicandi
1115 3339 1298 3402 auctoritas
1320 3355 1339 3400 a
1362 3343 1496 3402 Summo
1512 3341 1674 3404 Pontitlce
1686 3359 1753 3404 non

105 3437 279 3500 foeminam
290 3437 535 3515 derelinquens.
958 3435 1031 3497 siue
1056 3435 1263 3498 revelatione
1288 3452 1458 3509 concessa,
1488 3438 1626 3516 iusuper
1644 3440 1678 3501 et
1697 3455 1755 3500 re-

146 3535 266 3596 Frater
289 3534 422 3612 quidam
444 3534 636 3596 infirmitate
658 3535 726 3596 tam
750 3535 903 3597 horribili
958 3532 1047 3606 gula,
1062 3531 1097 3592 in
1112 3547 1176 3610 qua
1191 3532 1297 3594 forma
1313 3534 1517 3611 predicandi
1541 3535 1751 3612 exprimitur,
1814 3601 1816 3606 ,

104 3623 323 3710 gravabatur,
349 3632 385 3694 ut
406 3633 512 3708 magis
536 3647 609 3692 esse
624 3633 758 3694 vexatio
771 3632 901 3694 doemo—
958 3627 999 3688 ab
1010 3628 1125 3690 eodem
1139 3629 1263 3692 Christi
1275 3631 1403 3692 vicario
1413 3632 1621 3704 confirmata,
1631 3633 1752 3693 summi

105 3729 174 3800 nis,
199 3745 297 3805 quam
324 3728 487 3790 naturalis
508 3728 697 3800 infirmitas,
720 3729 903 3806 apluribus
958 3740 1089 3802 quoque
1107 3725 1208 3802 Regis
1223 3727 1396 3802 signacula
1418 3743 1477 3804 per
1498 3728 1629 3789 modum
1650 3728 1754 3803 sigilli

105 3825 310 3888 firmaretur.
326 3827 411 3886 Nam
433 3825 520 3888 totus
540 3841 629 3902 saepe
644 3825 854 3898 allidebatur,
872 3827 904 3889 et
958 3821 1089 3898 corpori
1104 3825 1176 3898 ejus
1190 3823 1368 3898 impressa,
1385 3825 1542 3900 tanquam
1557 3823 1749 3886 testimonia

104 3922 327 3990 volutabatur,
355 3937 530 3998 spumans,
561 3922 718 3983 membris
753 3924 905 3999 corporis
957 3917 1083 3989 decem,
1104 3917 1164 3980 toti
1188 3918 1311 3979 saeculo
1331 3918 1557 3980 indubitanter
1571 3919 1750 3993 affirmant,

105 4035 198 4080 nunc
245 4018 440 4090 contractis,
480 4035 570 4080 nunc
610 4019 778 4091 extensis,
815 4035 903 4080 nuno
957 4013 1080 4074 Christi
1094 4029 1281 4090 praeconem
1297 4015 1523 4087 Franciscum,
1538 4016 1572 4077 et
1584 4031 1752 4078 veneran-

104 4116 258 4192 plicatis,
293 4130 383 4177 nunc
419 4115 530 4187 tortis,
568 4131 655 4176 nunc
699 4115 817 4192 rigidis
853 4115 903 4177 el·
957 4110 1041 4171 dum·
1063 4111 1184 4183 oltlcio,
1210 4113 1243 4174 et
1267 4111 1418 4174 doctrina
1451 4113 1690 4182 authenticum,
1719 4117 1753 4176 et

104 4210 203 4272 lectis
225 4211 259 4272 et
277 4211 382 4290 duris,
403 4211 606 4288 Quandoque
628 4212 716 4272 totus
744 4213 902 4274 extensus
957 4207 1187 4269 admirabilem
1197 4209 1384 4282 sanctitate,
1394 4225 1434 4271 ac
1446 4225 1506 4286 per
1516 4211 1579 4272 hoc
1592 4212 1752 4288 tanquam

103 4310 139 4371 et
154 4307 293 4384 rigidus,
311 4307 449 4385 pedibus
474 4307 615 4384 aequatis
640 4307 741 4384 capiti
761 4307 901 4370 levaba-
956 4320 1035 4366 rere
1049 4305 1109 4367 Dei
1123 4307 1282 4368 nuncium
1295 4306 1418 4370 Christi
1435 4307 1651 4386 evangelium
1665 4325 1752 4386 prae-

104 4405 206 4466 turin
221 4404 335 4476 altum,
350 4404 557 4466 horribiliter
575 4403 667 4466 illico
689 4405 899 4481 relapsurus:
956 4401 1098 4464 dicasse.

104 4503 204 4562 Hunc
225 4502 274 4562 sic
294 4501 531 4562 miserabiliter
553 4501 586 4562 et
609 4500 903 4562 irremediabiliter
1064 4567 1068 4574 ,

105 4597 323 4672 aegrotantem
361 4598 480 4675 plenus
519 4596 748 4658 misericordia
779 4597 902 4658 Christi
1228 4615 1365 4676 cqpqp
1387 4615 1475 4676 xpp,

105 4709 224 4755 servus
246 4695 495 4765 commiserans,
518 4692 683 4754 bucellam
710 4694 774 4755 sibi
792 4695 899 4770 panis,

105 4790 149 4852 de
161 4807 226 4868 quo
239 4790 367 4863 edebat,
379 4789 576 4852 transmisit.
588 4792 904 4866 Tantamveregus·
1134 4801 1186 4860 Da
1207 4797 1425 4875 stagnantibus
1445 4802 1568 4864 sacrm.

104 4889 196 4949 tatus
222 4888 318 4966 panis
353 4887 493 4949 contulit
527 4902 616 4962 aegro
651 4887 829 4959 virtutem,
867 4888 902 4949 ut

106 4985 262 5062 deinceps
285 4985 385 5062 hujus
406 4983 610 5046 infirmitatis
633 4983 819 5072 molestiam
835 4999 901 5046 non
994 4983 1068 5043 Mos
1088 4985 1161 5045 erat
1179 4983 1333 5058 angelico
1357 4984 1430 5046 viro
1452 4986 1632 5048 Franciscn
1656 5003 1747 5050 nun-

107 5082 258 5150 sentiret.
956 5093 1054 5156 quam
1069 5080 1168 5141 otiari
1183 5096 1204 5141 a
1224 5080 1323 5152 bono,
1340 5082 1419 5158 quin
1439 5083 1548 5158 potius
1563 5083 1671 5146 instar
1683 5101 1745 5146 su-

147 5181 183 5240 ln
206 5179 363 5241 comitatu
382 5177 500 5249 Aretii,
519 5191 592 5236 cum
615 5176 732 5239 diebus
751 5177 902 5254 pluribus
955 5191 1136 5254 pernarum
1158 5178 1336 5254 spirituum
1364 5178 1400 5238 in
1428 5180 1519 5240 scala
1546 5181 1661 5253 Jacob,
1691 5185 1750 5245 aut

107 5275 229 5336 mulier
246 5274 396 5352 quadam
415 5273 601 5337 laborasset
616 5273 650 5333 in
666 5277 773 5350 partu,
791 5275 900 5336 esset·-
956 5274 1156 5335 ascendebat
1177 5275 1213 5335 in
1238 5276 1354 5348 Deum,
1379 5278 1438 5337 aut
1461 5277 1683 5342 descendebat
1705 5275 1748 5341 ad

108 5388 172 5449 que
193 5375 263 5449 jam
288 5371 440 5456 proxima
464 5371 578 5442 morti,
610 5371 737 5432 nullum
766 5373 901 5433 omuino
956 5371 1155 5447 proximum.
1169 5372 1254 5434 Nam
1269 5373 1398 5450 tempus
1418 5373 1482 5434 sibi
1500 5375 1748 5436 concessumad

108 5469 298 5546 desperanti
312 5467 352 5528 de
362 5468 431 5530 vita
444 5467 618 5558 supererat
628 5467 822 5540 remedium,
836 5467 902 5529 nisi
955 5466 1109 5529 meritum
1131 5468 1277 5530 dividere
1301 5469 1349 5532 sic
1372 5471 1552 5546 prudenter
1574 5472 1746 5543 didicerat,

109 5567 179 5628 hei.
196 5569 276 5628 Cum
296 5571 406 5628 numm
430 5579 514 5642 equo
533 5565 647 5627 vectus
670 5565 805 5643 propter
827 5581 902 5628 cor-
956 5552 1100 5626 ut'aliud
1118 5565 1345 5642 proximorum
1360 5567 1463 5629 lucris
1481 5567 1661 5631 laboriosis
1679 5569 1747 5630 im·
