4158 6380
64 291 123 354 133
438 233 442 238 Ι
625 281 947 351 PROLEGOMENA.
969 311 1010 328 -
1030 283 1138 348 vt't'a.
1639 279 1698 344 134

98 449 143 510 lto
156 425 460 522 quoqnetempore,
486 457 550 518 quo
566 441 797 506 revertebatur
809 441 850 502 de
904 456 982 506 num
994 439 1077 506 illud
1086 441 1248 515 optatum,
1261 440 1295 506 at
1305 440 1416 504 statim
1429 438 1537 502 omnis
1551 437 1609 501 illa
1622 440 1699 502 tan-

60 544 149 606 ultra
164 537 690 611 mare,sociumnabenstratrem
701 541 852 602 Leonar·
904 537 1179 612 tattoeuugatur.
1198 538 1358 604 Servatur
1379 537 1505 606 littera,
1522 535 1555 597 et
1574 536 1698 602 crimin

61 641 136 704 dnm
149 639 189 698 de
201 637 341 707 assisio,
358 636 497 711 contigit
520 651 595 695 eum
610 635 795 710 fatigatum,
819 637 852 696 et
904 635 1074 710 posterum
1085 633 1237 698 miranda
1251 633 1409 704 eliecertt,
1421 633 1581 698 virtutum
1596 635 1700 694 Fran-

59 737 182 798 lassnm
192 732 517 810 parumperasellnm
524 732 757 793 conscendere.
773 731 853 792 Sub·
906 730 986 796 disci
1000 717 1227 796 testimoninm
1242 728 1316 792 tuit.

59 847 201 909 sequens
215 831 326 891 autem
340 830 461 902 socius,
473 829 590 908 etipse
605 844 672 890 non
688 829 852 892 modicum
945 829 1063 892 Frater
1077 826 1211 904 quidam
1235 828 1318 894 erat,
1333 826 1525 901 quantana
1540 824 1622 888 toris
1638 826 1694 888 ri-

59 930 178 998 lessus,
192 927 412 1004 coepitdicere
428 926 515 988 intra
528 941 574 998 se,
587 926 769 986 humanum
784 924 851 986 ali·
906 923 1055 995 debatur,
1086 923 1264 988 sanctitate
1290 922 1485 999 preclarus,
1511 938 1696 986 conversa-

59 1027 137 1104 quid
149 1039 284 1104 passusr
296 1025 372 1089 Nou
382 1023 422 1086 de
437 1023 510 1102 pari
522 1011 683 1086 ludebant
696 1023 853 1100 parentes
909 1021 996 1084 done
1013 1021 1168 1096 insignis,
1184 1021 1296 1084 tamen
1309 1018 1484 1082 admodum
1500 1019 1693 1095 singularis.
1776 1013 1782 1030 “

60 1127 143 1200 ejus,
160 1123 194 1184 et
216 1122 292 1184 mei.
308 1123 356 1182 Iin
370 1121 443 1204 ipse
456 1120 593 1198 equitat,
610 1120 643 1182 et
656 1135 718 1195 ego
735 1118 854 1196 pedes-
907 1117 1003 1183 omni
1028 1119 1177 1195 tempore
1201 1116 1344 1182 orationi
1364 1131 1499 1188 vacans,
1524 1117 1617 1180 tanta
1630 1116 1701 1177 dis-

57 1223 110 1284 tar
131 1219 264 1281 asinum
290 1220 363 1295 ejns
377 1217 472 1279 duco.
495 1219 565 1278 Hoc
591 1217 649 1278 illo
674 1216 850 1292 cogitante,
906 1215 1061 1277 trictione
1071 1215 1241 1276 silentium
1250 1212 1458 1284 observabat,
1468 1211 1554 1290 quod
1563 1229 1700 1276 consue-

61 1317 215 1395 protinus
223 1314 395 1380 descendit
408 1314 450 1378 de
464 1313 568 1378 asino,
584 1313 638 1378 nir
661 1319 796 1377 sanctus
821 1315 854 1374 et
906 1315 1002 1376 uerat
1027 1327 1092 1376 non
1117 1311 1244 1383 verbis,
1277 1311 1335 1376 sed
1366 1310 1500 1374 nutibus
1534 1310 1697 1373 cantitari.

61 1415 109 1476 ait
125 1435 134 1473 ι
148 1414 236 1484 Non,
257 1411 371 1482 trater,
386 1411 542 1477 convenit
561 1411 597 1472 ut
611 1425 673 1485 ego
694 1410 851 1486 equitem,
906 1408 1035 1473 accidit
1055 1409 1167 1472 autem
1191 1410 1344 1472 sanctum
1367 1407 1495 1484 patrem
1522 1406 1639 1470 venire
1657 1406 1700 1468 ad

60 1513 96 1574 tu
104 1510 222 1572 venias
233 1508 344 1585 pedes,
354 1507 433 1588 quis
442 1507 587 1572 nobilior
597 1508 630 1571 et
642 1507 808 1584 potentior
817 1507 853 1569 in
906 1505 1015 1590 locum
1030 1505 1144 1570 vidore
1159 1505 1308 1576 tratrem,
1330 1509 1363 1568 at
1378 1504 1418 1568 de
1434 1505 1506 1580 ipso
1532 1520 1607 1566 cum
1622 1504 1699 1566 aliis

58 1607 233 1670 saeculotu
247 1603 423 1668 metuisti.
452 1603 731 1682 Obstupuitillico
747 1603 854 1668 trater
906 1601 1065 1670 fratribus
1080 1603 1204 1668 babere
1233 1611 1430 1665 sermonem.
1459 1602 1700 1666 commendan-

57 1707 91 1766 et
104 1703 228 1766 rubore
243 1701 401 1773 suffusus,
418 1701 661 1777 deprehensum
681 1715 718 1762 se
732 1715 852 1775 recog·-
907 1699 995 1764 tibus
1021 1701 1131 1764 autem
1158 1698 1323 1774 omnihus,
1352 1701 1385 1762 et
1409 1698 1699 1773 magnificantibus

58 1815 213 1871 noscens,
227 1799 372 1876 procidit
389 1799 430 1861 ad
445 1797 545 1875 pedes
562 1798 680 1874 ipsine,
695 1797 728 1862 et
742 1797 854 1874 lacry-
907 1796 1013 1864 illum,
1035 1795 1207 1873 respondit
1228 1795 1281 1858 vir
1302 1795 1361 1858 Dei
1389 1815 1397 1855 ε
1422 1795 1538 1866 Sinite,
1565 1795 1698 1870 tratres,

58 1898 121 1960 mis
145 1898 319 1974 irrigatus,
343 1895 468 1962 undum
488 1887 644 1972 exposuit
657 1894 851 1971 cogitatum,
907 1907 949 1954 ne
964 1892 1046 1956 milri
1062 1893 1096 1956 in
1117 1907 1158 1957 eo
1181 1891 1344 1956 diabolica
1368 1891 1524 1966 figmenta
1545 1892 1698 1955 laudatis.

56 1995 258 2070 veniamque
273 1991 432 2069 poposcit
907 1991 1098 2054 inveritate
1111 1990 1236 2074 sciatis,
1262 1988 1348 2065 quod
1375 1989 1538 2050 diabolica
1558 1990 1699 2052 tentatio

97 2093 219 2156 Frater
244 2089 378 2166 quidam
399 2090 466 2150 Deo
489 2087 640 2155 deuotus,
665 2089 698 2151 et
728 2087 853 2152 famulo
907 2089 967 2159 ost,
980 2089 1014 2150 et
1026 2087 1177 2163 deceptio
1203 2086 1426 2148 iraudulentu.
1454 2089 1543 2148 Dure
1560 2103 1700 2164 accepe-

59 2188 200 2259 Cbristi,
226 2186 391 2263 frequenti
413 2185 616 2260 cogitatione
637 2185 795 2250 versabat
816 2185 853 2248 in
907 2186 986 2248 runt
1006 2185 1070 2248 boc
1089 2183 1222 2255 iratres,
1237 2185 1394 2260 tanquam
1419 2183 1629 2270 impossibile
1643 2188 1700 2261 ju·-

59 2289 208 2360 pectoro,
225 2281 455 2360 supernatare
469 2283 579 2357 gratia
591 2281 739 2360 dignum,
756 2297 853 2359 quem
907 2281 1077 2352 diceutes,
1107 2280 1195 2360 quod
1237 2281 1286 2342 tot
1318 2279 1531 2358 perfeetionis
1567 2281 1707 2342 indiciis.

57 2379 424 2445 virsanctnslamiliari
434 2379 851 2454 complectereturaffeotu3
908 2377 1086 2442 inaudisse
1101 2379 1286 2440 commenta
1301 2376 1480 2440 fuscarent.
1493 2379 1616 2439 varum
1630 2395 1698 2440 non

57 2494 158 2555 quem
174 2493 254 2542 vero
275 2477 433 2553 tanquam
455 2477 650 2542 extraneum
671 2479 852 2554 reputaret,
908 2476 981 2552 post
1006 2473 1127 2541 multos
1152 2473 1223 2536 dias
1255 2487 1295 2536 co
1329 2473 1526 2549 religionem
1550 2491 1697 2549 egresso,

58 2577 157 2639 extra
184 2573 565 2640 numerum-electorum
587 2575 807 2649 reputandum
834 2589 854 2638 a
908 2572 1080 2636 euidenter
1097 2571 1254 2647 apparuit
1268 2573 1391 2646 quanta
1413 2570 1596 2632 luculentia
1608 2573 1698 2633 inta-
1760 2616 1766 2622 .

58 2673 138 2733 Deo.
177 2672 258 2731 Cum
286 2671 390 2746 igitur
419 2670 629 2744 cogitationis
664 2671 854 2748 hujusmodi
908 2669 1008 2732 ricrte
1023 2668 1190 2732 contuitus
1205 2667 1257 2730 vir
1272 2668 1331 2730 Dei
1346 2667 1455 2730 cordis
1470 2669 1544 2745 ejns
1566 2670 1695 2734 secrete

58 2767 214 2832 crebrius
236 2769 376 2842 vexams
400 2766 556 2842 impulsu,
581 2767 647 2830 virt
669 2769 729 2830 liei
750 2768 852 2832 tami·
908 2767 1087 2844 perspexit.
1105 2767 1284 2829 Multorum
1300 2781 1432 2842 quoqne
1454 2781 1514 2841 per
1528 2766 1615 2828 bunc
1627 2783 1701 2828 mo-

58 2865 244 2930 ilaritatem
263 2863 477 2928 vehementer
498 2863 637 2938 optaret,
661 2879 723 2930 uec
743 2867 853 2930 tamen
909 2863 996 2934 dum,
1017 2863 1073 2940 qui
1095 2865 1185 2925 stare
1205 2862 1414 2934 ridebantur,
1429 2864 1573 2930 ruinam,
1596 2851 1653 2928 sed
1668 2868 1701 2926 et
1807 2881 1813 2892 ¹

56 2961 173 3024 cordis
186 2961 419 3026 subsannatum
436 2959 734 3035 revelaretalicui3
751 2961 855 3026 advo-
908 2959 1053 3037 plurium
1095 2965 1330 3035 perversorum
1366 2960 1617 3022 conversionem
1658 2961 1699 3021 nd

59 3073 141 3120 cans
170 3055 314 3120 eumad
338 3071 391 3127 se,
418 3054 561 3120 dulciter
583 3057 680 3132 pater
706 3057 782 3132 pius
806 3058 854 3124 sic
908 3057 1075 3122 Glurlstnm
1098 3054 1260 3119 immobili
1289 3055 1430 3118 veritate
1456 3057 1695 3131 praenuntians,

57 3155 227 3219 allocutus
240 3153 308 3217 est:
320 3151 422 3215 Nulla
435 3157 469 3216 te
481 3151 774 3228 turbotcornaun
789 3153 852 3218 lili:
908 3152 1191 3230 appropinquasse
1207 3150 1383 3216 videbatur
1409 3151 1453 3212 ad
1464 3155 1599 3216 aetarnae
1612 3155 1697 3215 lucis

57 3250 221 3327 qnoniam
239 3251 273 3312 tn
287 3247 497 3313 carissimum
511 3248 638 3317 babens
657 3249 747 3314 iuter
767 3267 856 3327 prm·
909 3249 1080 3326 speculum
1108 3248 1417 3324 contemplandum,
1446 3251 1542 3326 cujus
1570 3249 1700 3326 fulgore

58 3348 158 3424 cipue
174 3345 257 3410 mibi
272 3359 379 3416 caros,
399 3344 542 3410 libenter
559 3345 620 3413 tibi
636 3361 758 3414 munus
770 3365 854 3412 masc
908 3345 1054 3410 mirabili
1068 3344 1222 3410 absentia
1237 3345 1479 3421 corporaliter,
1497 3349 1654 3423 tanquam
1670 3349 1702 3410 si

57 3442 301 3506 familiaritatis
316 3442 349 3506 et
362 3441 550 3508 dilectionis
565 3443 730 3520 impendo,
745 3445 853 3510 Mira·
909 3443 1021 3509 essent
1041 3443 1233 3520 praesentia,
1249 3443 1370 3506 mentis
1385 3445 1457 3519 ejus
1472 3443 1630 3506 cernebat
1641 3444 1702 3506 ob-

57 3539 381 3610 tusextnuetrater,
398 3537 569 3616 tactusque
583 3540 733 3605 devotior
747 3542 855 3606 exde-
910 3543 1010 3604 batus.
1040 3539 1188 3615 Quodam
1212 3555 1356 3616 namque
1379 3541 1529 3616 tempore
1552 3541 1700 3604 vicarius

56 3639 236 3709 voto„non
250 3637 357 3700 solnm
373 3637 408 3701 in
422 3651 568 3702 amorem
586 3637 691 3701 crevit
709 3637 854 3704 hominis
909 3653 989 3698 suus
1009 3635 1143 3699 tenebat
1158 3635 1361 3712 capitulum
1386 3637 1456 3713 ipse
1473 3651 1552 3697 varo
1565 3637 1600 3700 iu
1615 3640 1700 3700 cella

56 3733 182 3805 sancti,
205 3748 319 3798 rernm
343 3733 454 3804 etism
485 3747 545 3810 par
572 3733 714 3809 Spiritus
742 3737 854 3801 Sancti
908 3733 1696 3814 orans,sequesteraratetmediusintertratres

56 3829 181 3905 gratiae
201 3844 333 3901 munus,
348 3829 445 3895 donis
466 3830 517 3895 est
534 3829 716 3912 majoribus
734 3847 854 3895 cumu-
908 3833 1067 3896 etDeum.
1082 3831 1163 3894 Cum
1172 3828 1276 3905 igitur
1287 3845 1371 3894 uuus
1383 3843 1425 3892 ex
1437 3829 1519 3905 ipsis
1528 3831 1698 3893 detensio-

56 3927 161 3991 latus.
908 3927 961 3990 nis
974 3927 1116 4004 quodam
1135 3927 1306 3990 contectus
1335 3926 1471 4002 palliolo
1487 3941 1554 3990 non
1573 3929 1700 3990 sanub-

97 4025 185 4085 Gnm
212 4023 311 4091 etiam
333 4022 369 4084 in
392 4023 503 4086 monta
530 4025 679 4091 maneret
701 4024 853 4090 Alterum
908 4024 1001 4088 deret
1022 4021 1354 4100 disciplinantem
1375 4021 1699 4090 hocvrrsanctnsin

55 4119 145 4181 cella
168 4119 330 4192 reclusus,
352 4133 437 4182 unus
459 4133 478 4179 e
501 4120 601 4183 sociis
621 4137 740 4197 magno
759 4122 853 4186 desi-
908 4120 1040 4198 spiritu,
1066 4119 1199 4188 vocarit
1221 4119 1395 4196 quemdam
1416 4119 1456 4182 de
1480 4120 1650 4194 tratribus,
1666 4127 1701 4188 et

53 4217 153 4278 derio
167 4213 321 4292 cupiebat
332 4215 455 4278 babere
466 4215 507 4279 de
519 4215 630 4283 uerbis
643 4219 775 4283 Domini
789 4220 855 4281 ali·
908 4217 993 4284 aaut
1014 4217 1055 4284 ad
1070 4231 1147 4284 eum
1163 4237 1171 4281 t
1187 4216 1274 4289 vini,
1291 4215 1404 4290 trater,
1419 4217 1587 4282 diabolum
1600 4237 1701 4297 snper

53 4313 145 4390 quod
165 4311 338 4388 scriptum,
354 4327 455 4378 mann
471 4312 574 4388 ipsius
588 4307 855 4380 breviterarino-
907 4315 998 4379 illius
1021 4314 1134 4381 fratris
1163 4314 1384 4381 inobedientis
1408 4314 1554 4388 dorsum,
1576 4317 1699 4380 collum

52 4413 179 4473 tatum.
195 4403 337 4474 drasam
355 4408 456 4481 euim,
478 4425 542 4485 qna
563 4409 757 4484 vexabatur,
774 4415 853 4476 tan-
907 4414 979 4490 ejus
999 4413 1165 4478 tenentem
1191 4411 1363 4476 maiatum
1378 4433 1386 4471 ε
1399 4413 1466 4489 qut.
1483 4413 1543 4476 tali
1566 4430 1700 4477 sessore

50 4507 225 4568 tationem
244 4519 311 4570 uon
331 4506 454 4574 carnis,
479 4504 536 4568 sed
558 4507 706 4582 spiritus,
729 4523 771 4574 cx
791 4511 854 4576 boc
908 4507 1074 4580 subactus,
1092 4507 1288 4574 obedientiae
1301 4507 1407 4574 traeno
1427 4510 1549 4584 spreto,
1564 4510 1700 4572 instinc·

52 4601 220 4664 credebat
244 4601 399 4672 eradere,
428 4601 481 4666 vel
510 4603 600 4667 certe
627 4603 733 4669 levius
752 4605 851 4671 terre.
906 4607 960 4672 tus
974 4607 1048 4681 ejus
1062 4603 1264 4682 sequebatur
1284 4603 1443 4670 habenas.
1457 4607 1698 4686 Etcumroga-

51 4697 309 4763 Telidesiderio
320 4698 481 4774 languens
491 4698 850 4776 anxiabatnrinterius‚
906 4718 977 4766 rem
993 4704 1096 4765 Deum
1112 4715 1172 4778 pro
1186 4701 1300 4773 tratre,
1318 4701 1426 4767 subito
1441 4701 1570 4766 daemon
1583 4703 1700 4766 contu-

52 4797 137 4876 qnia
152 4794 476 4859 verecundissimus
491 4797 852 4873 reverendopatrirem
907 4815 963 4860 sne
974 4797 1143 4865 abscessit.
1159 4798 1250 4866 Vade
1273 4799 1387 4873 igitur,
1402 4801 1435 4862 et
1461 4799 1514 4863 dic
1529 4799 1643 4872 tratri,
1662 4808 1698 4866 ut

51 4891 209 4970 pandere
235 4905 302 4953 non
325 4891 478 4954 audebat.
503 4892 565 4954 Sed
589 4893 642 4957 cni
664 4894 762 4958 bomo
785 4912 852 4962 nou
906 4893 1104 4961 obedientiae
1128 4897 1251 4960 sancta
1266 4898 1349 4972 jugo
1364 4895 1485 4958 collum
1512 4898 1585 4962 sine
1604 4915 1696 4962 mora

51 4990 158 5061 dixit,
179 4987 325 5063 Spiritus
349 4989 521 5057 revelavit.
553 4991 683 5053 Portari
710 5007 852 5070 namque
907 4991 1087 5060 submittat·
1102 4991 1694 5070 Monitusperinternnntinmtrater,

50 5085 118 5148 sibi
132 5083 241 5162 jussit
255 5099 274 5144 a
293 5083 395 5148 tratre
410 5085 568 5161 praedicto
582 5087 803 5154 atramentum
820 5089 853 5152 et
906 5089 1271 5166 statimqueconversns
1286 5088 1327 5150 ad
1343 5091 1459 5165 Deum,
1471 5091 1513 5154 ad
1528 5091 1629 5167 pedes
1645 5095 1699 5156 vi-

50 5185 225 5253 ohartnm,
254 5181 435 5268 laudesque
462 5182 593 5243 Domini
615 5185 712 5258 juxta
739 5187 852 5252 ratris
900 5185 1171 5260 cariihumiliter
1184 5197 1220 5249 se
1235 5185 1385 5266 projecit.

50 5278 263 5342 desiderium
278 5279 412 5354 propria
420 5293 525 5368 mann
533 5279 675 5355 scripsit,
691 5282 724 5345 et
737 5283 851 5350 ultimo
944 5282 1019 5347 Alio
1029 5297 1159 5360 quoqne
1171 5283 1319 5360 tempore
1334 5283 1562 5360 contigitducs
1577 5285 1697 5352 iratres

49 5373 325 5440 benedictionem
346 5374 461 5456 ipsius,
483 5376 598 5440 dicens
618 5399 626 5437 ε
647 5379 768 5456 Accipe
790 5379 851 5456 tibi
905 5379 947 5444 ad
966 5379 1193 5448 eremitorium
1214 5372 1333 5446 crecti
1354 5381 1394 5446 de
1413 5383 1550 5444 remotis
1569 5386 1695 5459 venire,

49 5470 249 5538 chartulam
267 5471 376 5544 istam,
396 5473 428 5537 et
442 5487 546 5552 usqne
564 5472 605 5533 ad
626 5474 715 5536 diem
735 5477 850 5541 mortis
905 5477 941 5539 ut
964 5476 1073 5540 virum
1094 5476 1154 5542 Dei
1173 5477 1357 5550 cernerent,
1381 5478 1415 5541 et
1432 5477 1697 5544 benedictionem

49 5573 120 5632 tuae
138 5567 310 5632 custodias
325 5567 512 5646 diligenter.
529 5571 662 5646 accepit
675 5571 777 5636 irater
791 5575 852 5636 do·
905 5573 1007 5638 mtrltc
1031 5571 1251 5638 desideratam
1273 5575 1341 5650 jam
1361 5575 1510 5651 tempore
1540 5578 1695 5652 reporta·-
