4118 6390
97 309 173 369 1241
474 312 582 372 rans
613 314 758 374 earne.
778 345 819 360 -
838 317 1060 382 exeosrrro
1091 323 1135 384 nu
1163 296 1366 390 essenos.
1667 325 1746 392 leta

97 466 191 527 refici
206 467 370 543 sanguine
383 469 462 530 iesu
482 470 618 533 Christi.
641 473 743 535 Bruta
767 490 893 550 cogno·
946 481 1063 543 otctcrn
1090 484 1245 547 scientiae
1271 488 1359 556 bont,
1376 485 1409 546 ct
1428 489 1512 548 nanti
1526 501 1569 549 nc
1583 493 1745 552 comedas

96 564 217 625 rerunt
230 587 238 640 3
253 567 286 626 et
313 567 416 626 Israel
445 582 511 628 non
545 571 701 644 cognovit
728 587 799 640 me,
824 573 891 650 imo
948 575 1043 655 (Gen.
1057 582 1087 651 2,
1105 581 1270 661 loelli).
1288 585 1362 660 Ipse
1376 583 1607 659 transgressus
1622 588 1687 660 est3
1710 590 1745 648 et

98 676 299 736 cognoscere
322 663 444 738 noluit;
473 665 561 726 unde
575 668 729 730 ieremias
746 668 790 746 (2,
813 669 889 748 31):
947 673 1021 734 ideo
1049 676 1177 738 homini
1206 679 1358 742 exulanti
1394 695 1515 742 norum
1550 683 1743 758 paradisum

96 775 116 816 a
130 759 297 836 Numquid
313 760 459 823 solitudo
474 761 581 823 factus
596 781 669 826 sum
690 766 818 838 Israeli,
835 769 894 828 aut
948 770 1120 846 plantavit,
1137 777 1170 836 et
1189 775 1315 851 lignum
1330 777 1418 848 vite,
1435 778 1564 839 scilicet
1576 779 1746 841 Christum

95 856 186 916 terra
215 857 382 918 serotinal
408 861 517 930 Quare
543 875 623 936 ergo
652 861 732 924 dicit
752 864 892 940 populus
947 871 982 931 in
998 887 1037 932 eo
1049 872 1170 947 posuit,
1184 873 1217 934 et
1227 875 1354 935 mutata
1367 875 1535 936 sententia
1553 877 1744 938 mandatum

97 969 191 1012 meus
208 974 215 1012 ι
232 955 456 1027 Recessimus,
480 973 546 1018 non
561 958 735 1020 veniemus
748 960 835 1022 ultra
851 961 892 1022 ad
948 969 1048 1037 dedit,
1070 969 1107 1030 ut
1120 969 1160 1031 de
1175 969 1235 1030 illo
1257 971 1408 1032 comedat
1423 972 1532 1044 homo,
1550 975 1584 1034 et
1604 974 1695 1034 vivat
1709 974 1745 1034 in

96 1052 149 1111 tel
161 1067 181 1110 u
195 1051 290 1127 quasi
308 1052 397 1114 dicat
410 1074 418 1112 ε
433 1053 510 1114 Ideo
522 1055 670 1121 recessit,
684 1057 761 1132 quia
775 1057 891 1128 credit,
949 1065 1121 1128 aeternum.
1148 1067 1335 1130 innotuisti
1350 1072 1393 1135 ct,
1411 1069 1542 1145 quando
1557 1085 1616 1145 per
1629 1073 1745 1146 Ange-

98 1147 183 1225 quod
199 1149 230 1208 ei
254 1149 455 1212 adhaerendo
479 1152 608 1212 nullum
630 1168 673 1214 ex
694 1169 734 1214 eo
750 1153 893 1216 fructum
949 1161 1017 1222 lum
1027 1164 1184 1224 nunciata
1195 1165 1246 1224 est
1258 1165 1416 1226 nativitas
1427 1167 1623 1228 salvatoris.
1637 1169 1674 1228 In
1689 1167 1746 1228 do-

97 1239 254 1322 recipiat';
278 1247 311 1308 et
338 1247 374 1307 in
406 1248 522 1308 eodem
547 1248 592 1327 (2,
615 1248 667 1328 18)
685 1270 692 1310 :
709 1267 727 1310 e
742 1252 781 1314 at
807 1268 894 1314 nuno
949 1275 1002 1320 mo
1020 1259 1218 1335 panisdatus
1236 1261 1287 1322 est
1300 1250 1396 1322 nohis
1412 1263 1507 1338 panis
1526 1263 1743 1338 Angelorum:

98 1341 175 1418 quid
188 1342 249 1404 tihi
264 1343 316 1404 vis
330 1344 364 1404 in
378 1345 435 1406 via
452 1348 600 1423 AEgyph,
618 1349 654 1408 ut
667 1347 761 1409 bibas
774 1363 895 1425 aquam
950 1357 1149 1427 inuenietis,
1177 1357 1297 1433 inquit,
1319 1360 1501 1432 insontem.
1541 1359 1654 1420 inians
1679 1362 1743 1422 iste

97 1439 286 1502 turbidami
301 1441 422 1519 etquid
437 1442 500 1504 tihi
511 1459 586 1504 cum
598 1445 654 1505 via
666 1447 893 1522 Assyriorum,
950 1469 1063 1514 senem
1076 1453 1194 1528 lactat;
1212 1456 1248 1515 ut
1261 1455 1350 1516 enim
1361 1455 1442 1517 dicit
1451 1457 1655 1532 Augustinus
1668 1456 1716 1536 (2)
1734 1480 1741 1518 :

99 1539 135 1598 ut
158 1536 253 1598 bibas
267 1553 389 1614 aquam
410 1539 578 1603 fluminis)
592 1558 611 1603 s
626 1545 664 1603 In
685 1543 741 1604 ria
763 1543 895 1620 quidem
951 1550 1028 1612 Ideo
1042 1550 1180 1612 verbum
1195 1565 1273 1612 oaro
1289 1551 1485 1625 factumest,
1501 1558 1537 1615 ut
1549 1555 1597 1615 sic
1612 1570 1745 1615 cresce-

97 1635 245 1710 AEgypti,
263 1635 349 1699 idest
363 1636 464 1713 nujus
476 1639 604 1710 mundi,
621 1653 719 1716 aqua,
736 1640 824 1702 idest
838 1641 897 1702 de·
951 1663 1021 1708 rem
1036 1647 1076 1708 ad
1091 1664 1209 1724 panem
1224 1648 1423 1724 Angelorum
1439 1671 1446 1710 :
1460 1652 1495 1713 ut
1507 1666 1626 1726 panem
1638 1653 1746 1726 Ange-

97 1730 232 1792 lectatio
246 1732 380 1793 turbida
396 1736 456 1805 ost,
472 1735 551 1810 quia
566 1737 599 1797 et
611 1735 848 1810 turbationem,
863 1739 897 1800 et
951 1745 1059 1805 lorum
1087 1744 1304 1806 manducaret
1330 1746 1440 1820 homo,
1468 1748 1577 1823 ipsum
1600 1748 1744 1808 Verbum

99 1827 308 1906 iniquitatem
334 1831 473 1894 mixtam
497 1831 606 1894 hahet.
634 1834 893 1908 nitranensis,
951 1841 1074 1903 lactum
1087 1844 1138 1903 est
1149 1857 1239 1913 caro,
1256 1845 1361 1919 utper
1373 1859 1507 1906 carnem
1522 1845 1618 1921 panis
1634 1845 1747 1906 coelos-

100 1927 195 2002 quasi
220 1941 307 2002 aqua
333 1927 492 1999 dominis,
520 1929 896 2004 estlructiilcat10,rel
951 1939 995 2000 tis
1008 1939 1167 2000 transiret
1177 1939 1218 2000 ad
1231 1939 1386 2001 inientes.

100 2023 277 2085 delectatio
289 2025 500 2100 temporalis3
522 2027 556 2086 et
574 2027 683 2088 tamen
706 2028 896 2088 acarnali-

99 2119 161 2180 hus
177 2117 346 2196 diligitnr3
362 2121 448 2182 unde
467 2121 502 2182 in
519 2122 660 2182 Thronis
676 2120 720 2199 (4,
737 2122 770 2203 5)
782 2144 790 2183 :
803 2141 822 2183 a
835 2125 897 2196 Qui
1175 2117 1315 2178 SERMO
1347 2118 1510 2178 CCLXIX·

99 2216 323 2278 vescebantur
333 2218 545 2294 voluptuose,
560 2219 761 2281 interierunt
775 2221 809 2280 in
820 2221 895 2292 viis,

101 2314 134 2374 et
159 2314 216 2390 qui
244 2312 479 2377 nutriebantur
502 2316 537 2376 jn
557 2315 696 2389 croceis,
716 2317 897 2393 amplexati
952 2287 1101 2360 Quomodo
1117 2291 1193 2346 Deus
1206 2289 1466 2358 inclinavitooelos,
1480 2288 1623 2362 quomodo
1636 2291 1747 2362 planta·
1812 2297 1816 2306 '

101 2413 177 2472 sunt
191 2413 380 2481 stercora»
398 2410 483 2472 idest
497 2412 737 2474 immunditias.
1076 2377 1132 2449 vm
1147 2385 1177 2434 ⁸⁸
1195 2375 1263 2450 qnid
1278 2377 1446 2450 intelligitur
1461 2393 1512 2450 W
1525 2379 1622 2436 ⁰⁰⁹¹⁰⁵⁸

143 2508 299 2583 Sequitur
313 2529 320 2567 ²
336 2508 403 2570 Aut
432 2512 512 2581 ium
535 2509 587 2570 &St
614 2511 705 2581 filim
730 2514 896 2582 'mmm
953 2551 1109 2620 Domine,
1134 2551 1263 2608 irtcltno
1285 2551 1385 2608 coelos
1401 2547 1488 2618 tuoe,
1509 2549 1543 2609 ct
1562 2551 1725 2610 descende
1739 2567 1751 2608 .·

36 2631 41 2638 ·
99 2608 180 2679 quio
200 2605 344 2677 reptatas
361 2605 554 2712 cunnidest
566 2606 658 2667 ¹tanti
675 2606 769 2716 lacis,
787 2608 824 2668 ut
838 2623 898 2668 re·
994 2646 1096 2720 tanae
1108 2647 1253 2716 montes,
1269 2645 1303 2705 θ)
1313 2645 1542 2720 summam),
1557 2643 1661 2723 (psal,
1678 2647 1748 2718 143,

101 2701 896 2779 compenseslNonenrmhomoredrmrpoterat.
994 2739 1041 2821 5.)

102 2798 207 2872 Digna
231 2798 342 2859 autem
371 2797 434 2860 tuit
461 2798 534 2860 haec
557 2802 836 2876 recompensatio,
867 2804 901 2862 et
1359 2863 1361 2868 .

103 2910 262 2970 congrua.
279 2894 382 2956 Adam
394 2896 483 2956 enim
495 2896 623 2957 medius
635 2897 724 2958 inter
737 2900 852 2969 Deum,
868 2897 901 2960 el
996 2893 1174 2955 inclinavit
1196 2896 1284 2954 Deus
1307 2893 1420 2964 coetos,
1444 2896 1477 2957 et
1499 2895 1695 2956 antranniutt
1713 2909 1752 2956 se

102 2992 282 3060 hominem,
314 2993 391 3069 quia
419 2992 527 3054 iactus
555 2994 605 3056 est
623 2994 775 3056 mortalis
791 2993 850 3073 (1),
868 2995 902 3056 et
955 2994 1105 3066 sorrnorn
1131 2994 1227 3054 servi
1252 2995 1424 3066 occipiens
1440 2988 1579 3068 (Philip.
1594 2994 1626 3065 2,
1642 2990 1688 3070 7).
1704 2994 1751 3054 De

103 3089 311 3150 immortalis.
325 3089 901 3167 MediusergointerDeumimmor-
956 3104 1021 3166 qua
1046 3088 1275 3160 inclinatione,
1304 3088 1400 3149 Isaiae
1429 3085 1493 3165 (51,
1509 3088 1562 3167 26)
1583 3109 1590 3148 :
1614 3091 1682 3152 Suo
1698 3087 1749 3167 (3)

103 3185 216 3261 talem,
232 3187 265 3248 et
284 3187 453 3248 hominem
476 3189 661 3261 mortalem,
679 3185 901 3250 obedientlam
956 3189 1079 3248 umbro
1099 3200 1226 3246 mortus
1240 3199 1327 3248 ntcae
1339 3186 1480 3259 proteat
1500 3185 1544 3257 te,
1568 3187 1607 3246 ut
1618 3187 1755 3260 plotttcs

104 3283 301 3359 postposuit,
318 3285 351 3344 et
369 3285 444 3360 post
458 3300 531 3346 eam
554 3287 693 3348 mortem
712 3287 900 3358 incurrens,
956 3287 1067 3354 coetm,
1084 3283 1118 3344 et
1138 3284 1262 3356 tuendos
1275 3283 1421 3344 terrain.
1438 3281 1546 3342 Goelos
1562 3281 1750 3353 inclinavit,

104 3380 296 3440 hominihus
312 3382 451 3441 mortem
471 3381 614 3442 induxit.
638 3383 699 3444 Dei
714 3384 824 3443 autem
843 3383 901 3444 Fi·
958 3381 1089 3457 quando
1104 3379 1205 3440 coelos
1221 3378 1395 3454 plantavit.
1409 3379 1501 3450 Quod
1521 3379 1702 3454 plantatur,
1716 3379 1752 3440 in

105 3477 182 3546 lius,
207 3491 464 3550 recompensare
489 3476 605 3537 volens
627 3477 795 3552 damnum,
816 3477 902 3555 quod
957 3480 1046 3539 terra
1075 3476 1254 3552 plantatur.
1291 3477 1416 3536 (ioelum
1454 3492 1534 3550 ergo
1571 3478 1752 3552 plantatur,

104 3572 231 3644 intulit,
247 3587 322 3632 cum
337 3570 476 3647 aequalis
492 3574 580 3633 esset
591 3575 669 3639 Deo,
683 3574 771 3634 inter
786 3576 901 3644 Deum,
958 3571 1263 3648 quandoDivinitas
1271 3572 1466 3632 incarnatur
1473 3571 1532 3649 (4).
1543 3575 1650 3636 Coelos
1660 3574 1755 3648 plan·

106 3671 139 3730 et
150 3668 317 3730 hominem
329 3682 388 3744 per
398 3683 534 3730 carnem
542 3669 747 3744 assumptam
758 3669 903 3730 medium
958 3649 1052 3742 tavit,
1066 3667 1100 3728 et
1118 3668 1253 3728 terram
1267 3666 1428 3738 lundavit,
1457 3668 1586 3730 scilicet
1605 3684 1752 3730 carnem.

107 3783 142 3827 se
157 3767 244 3838 lecit,
269 3765 540 3828 etobedientiam
556 3767 791 3842 praeponendo,
809 3781 902 3828 mor·
959 3764 1104 3826 Plantati
1120 3764 1197 3825 sunt
1216 3763 1302 3834 coeli,
1317 3764 1370 3824 rel
1382 3763 1534 3825 inclinati
1549 3765 1584 3824 in
1599 3751 1760 3826 incarne-⁸

105 3866 172 3925 tem
191 3864 342 3934 incurrit,
368 3878 427 3939 per
442 3878 541 3940 quam
562 3862 603 3924 ad
619 3863 902 3926 immortalitatem
958 3863 1049 3924 tione
1075 3860 1247 3921 :lundata
1281 3862 1332 3922 est
1356 3863 1446 3922 terra
1475 3861 1510 3922 in
1538 3862 1752 3924 Ascensione.

106 3961 258 4022 homines
279 3959 424 4021 reduxit.
959 3958 1112 4033 Quandiu
1123 3958 1212 4019 enim
1223 3958 1378 4030 vivimus,
1388 3959 1536 4035 quandiu
1549 3974 1628 4020 caro
1641 3960 1754 4020 nostra

147 4057 304 4135 Sequitur
320 4079 327 4117 :
344 4057 533 4118 innotuisti
558 4059 590 4119 et
600 4074 611 4128 ;
639 4057 716 4134 quia
740 4059 906 4132 apparuit
961 4059 994 4120 in
1010 4056 1131 4118 mundo
1147 4055 1310 4126 versetur,
1326 4055 1411 4122 duit,
1423 4057 1456 4118 et
1468 4055 1594 4119 defluit.
1607 4059 1687 4118 Cum
1701 4073 1758 4117 au·

106 4155 308 4231 bertiannus,
333 4155 576 4226 etnumonttos
589 4157 781 4217 Sulcatorts
794 4155 905 4217 nostri
959 4160 1025 4218 tem
1048 4157 1231 4229 raptemur
1252 4156 1386 4214 obviarn
1406 4154 1540 4216 Christo
1555 4158 1591 4216 tn
1605 4169 1703 4225 uero,
1723 4155 1756 4216 ct

107 4255 171 4312 Det
186 4251 264 4330 (Tit.
282 4253 312 4323 3,
329 4251 375 4329 t).
396 4251 531 4312 Homini
557 4251 664 4328 primo
688 4251 841 4323 instituto
869 4253 905 4314 in
959 4258 1158 4326 sicscmpcr
1171 4266 1250 4312 cum
1264 4254 1410 4312 Domino
1430 4254 1562 4314 cunnus
1577 4249 1708 4329 (Thess.
1724 4255 1754 4323 1,

106 4348 262 4425 paradiso
274 4347 903 4424 mandatum,etprohibitionomdedit:
962 4349 1025 4430 16),
1047 4351 1125 4410 tunc
1139 4350 1230 4410 terra
1245 4352 1373 4420 nostra,
1397 4349 1485 4409 idest
1499 4363 1577 4410 caro
1596 4347 1756 4410 fundabi-

107 4449 157 4507 Dc
173 4447 266 4506 omen
285 4447 376 4520 liparo
395 4448 553 4517 paradisi
574 4448 906 4521 consistencium
960 4449 1026 4522 tur,
1043 4447 1079 4508 ut
1092 4445 1243 4508 effundat
1255 4445 1341 4522 qnod
1351 4445 1463 4517 habet,
1479 4447 1512 4506 et
1524 4445 1659 4507 hauriat
1670 4446 1756 4522 quod

145 4619 491 4688 (l)Foctusestmortnlis‚
501 4623 552 4676 eto.
565 4620 592 4676 S.
607 4621 798 4692 Augustinus,
808 4620 857 4681 lih.
868 4622 906 4678 Vl
998 4619 1039 4692 (i)
1060 4616 1101 4675 Ex
1116 4619 1223 4676 Eueni
1239 4617 1266 4673 in
1280 4617 1354 4676 Psal.
1368 4617 1412 4684 31,
1423 4631 1500 4673 num.
1513 4618 1540 4684 6,
1554 4625 1582 4674 et
1593 4617 1621 4673 in
1634 4619 1679 4674 Ps.
1694 4617 1755 4684 131,

108 4689 298 4747 dellenesiad
314 4689 355 4745 lit.
372 4704 436 4758 cap.
452 4689 498 4756 25,
526 4703 619 4762 agens
633 4689 669 4746 de
689 4691 758 4747 Ades
774 4703 906 4762 corpore,
963 4703 1041 4745 nurn.
1053 4690 1080 4756 6,
1098 4697 1127 4746 οι
1146 4703 1182 4746 ex
1195 4689 1285 4746 Scrm.
1299 4689 1333 4744 97
1345 4687 1381 4743 de
1395 4687 1472 4743 verb.
1498 4689 1550 4745 Ev.
1566 4688 1634 4744 lo.l
1652 4687 1701 4756 (al.
1718 4688 1753 4743 38

108 4764 166 4817 ait:
186 4781 197 4810 ι
214 4759 287 4816 lllnd
303 4768 369 4815 ante
391 4766 550 4830 peccatum,
571 4767 600 4816 et
614 4762 733 4816 mortale
748 4759 906 4818 secundum
962 4759 998 4816 de
1010 4761 1089 4815 verh.
1105 4762 1214 4828 Dum),
1230 4772 1309 4815 num.
1326 4757 1370 4814 16.

109 4833 206 4898 aliam,
223 4837 251 4888 et
265 4829 425 4886 immortale
437 4829 594 4886 secundum
619 4831 706 4887 aliam
721 4845 838 4888 causam
851 4831 907 4887 dici
999 4830 1040 4968 53)
1061 4830 1146 4902 Vulg.
1164 4847 1171 4886 :
1189 4831 1230 4886 ln.
1682 4853 1685 4860 ⁴

109 4907 221 4974 poterat
238 4915 244 4956 ι
262 4899 335 4956 idest
348 4899 479 4967 mortale,
491 4902 557 4970 quia
573 4907 681 4972 poterat
691 4901 773 4966 mori,
788 4903 904 4957 immor·
1011 4900 1040 4969 A)
1055 4901 1170 4966 Quando
1182 4898 1318 4956 divinitas
1335 4899 1521 4966 incornotnr;
1533 4897 1615 4968 idest,
1626 4914 1691 4955 curn
1707 4901 1754 4956 lir-

109 4971 422 5042 tateqniopoterrtnon
434 4973 515 5028 [nori.
526 4969 610 5027 Aliud
620 4973 815 5028 estenimnon
825 4985 909 5042 posse
962 4971 1069 5027 cirritos
1084 4985 1144 5042 por
1164 4969 1372 5041 hypostaticam
1394 4967 1479 5026 Verbi
1501 4971 1637 5025 unionem
1656 4972 1758 5040 jnnotn

109 5043 183 5100 mori
208 5041 282 5097 sicut
303 5041 444 5113 quasdam
460 5047 576 5098 naturas
595 5041 771 5098 immortales
800 5043 910 5098 crearit
963 5040 1211 5114 (autumnitati,
1223 5041 1262 5096 uti
1278 5039 1387 5097 dixerat
1401 5041 1537 5098 Sermone
1549 5041 1628 5108 CLV,
1638 5047 1667 5096 et
1679 5041 1755 5098 alihi.

110 5118 206 5172 Deus:
224 5110 300 5167 aliud
330 5118 489 5168 astantem
519 5125 603 5183 posse
625 5125 682 5168 non
702 5111 785 5182 mori,
805 5125 907 5168 secun·
965 5113 1017 5170 Hic
1032 5119 1126 5168 autom
1141 5110 1238 5166 alludit
1253 5110 1288 5166 ad
1305 5110 1493 5181 praecedentia
1513 5111 1639 5181 Apostoli
1659 5111 1757 5179 verba,

110 5185 179 5240 dum
214 5195 279 5236 uem
300 5180 538 5253 modumprimus
558 5181 830 5239 creatusesthomo
853 5183 907 5238 im·
964 5182 1066 5255 quihus
1092 5181 1235 5236 inherens
1256 5181 1342 5236 etlam
1368 5180 1466 5236 Glosse
1488 5180 1549 5237 ord.
1573 5183 1633 5237 ait:
1652 5203 1663 5232 ι
1681 5185 1760 5239 Τοοο

111 5197 347 5332 niortaiisqquod
358 5253 384 5307 el
399 5251 586 5325 prestabatur
600 5250 636 5308 de
659 5252 739 5326 ligno
760 5253 835 5320 vitae,
852 5267 910 5308 non
965 5253 1096 5334 innotuit,
1112 5250 1226 5322 quando
1238 5251 1402 5334 incarnatus
1420 5253 1560 5377 wfaiui‘·
1577 5253 1687 5333 Inclirta
1700 5267 1759 5310 coe·

111 5325 148 5380 de
178 5328 380 5378 constitutione
405 5322 740 5396 naturoe:aqnoligno
761 5331 910 5394 separatus
965 5325 1017 5391 los,
1042 5337 1107 5393 quia
1131 5321 1203 5390 heo,
1224 5336 1278 5378 nter
1300 5323 1434 5378 inclinata
1469 5329 1611 5390 rvrnrtete,
1628 5323 1761 5379 herrnon

111 5400 156 5450 est
180 5405 245 5446 oum
273 5399 428 5461 peccasset,
443 5400 474 5448 ut
489 5399 586 5465 posset
599 5394 681 5460 morl,
697 5393 745 5464 qni
763 5393 819 5449 nisi
841 5408 908 5465 pec·
965 5399 1106 5466 poterant.
1120 5389 1251 5450 inclinati
1261 5400 1327 5448 sunt
1342 5392 1416 5460 caeli,
1433 5391 1547 5464 qnando
1563 5391 1691 5449 honoret
1702 5394 1759 5449 vir·

112 5468 207 5520 cesset
220 5467 317 5529 posset
327 5475 383 5516 non
398 5463 481 5519 mori.
493 5463 620 5522 Mortalis
640 5477 710 5535 ergo
730 5469 791 5518 erat
809 5463 908 5520 condi·
966 5473 1011 5521 tus
1030 5477 1218 5536 supernorum
1236 5463 1271 5520 ad
1287 5463 1433 5519 hominem
1448 5463 1605 5534 descendit,
1625 5471 1654 5519 et
1669 5461 1761 5519 torma

113 5529 344 5661 {iorrecoggpttoriss
364 5531 507 5600 animalis,
525 5534 692 5591 immortalis
711 5539 807 5590 autem
829 5535 912 5590 hene·
966 5534 1017 5592 liei
1033 5533 1154 5590 iormam
1169 5533 1244 5590 servi
1260 5533 1419 5606 suscepit.»

124 5608 180 5660 icio
219 5614 231 5655 r
281 5614 323 5655 on
341 5621 371 5654 ,ι
