4226 6406
179 331 241 392 aas
504 308 514 330 ¹
744 328 1067 390 raoneooiueun.
1083 309 1124 372 -‘
1142 328 1252 388 nra.
1723 421 1727 428 ἱ
1756 331 1816 390 aaa

172 487 359 550 exhiberet.
398 489 482 550 Data
523 487 636 564 itaque
670 486 724 548 die
763 485 968 548 conveniunt
1023 485 1123 562 atque
1143 485 1273 562 jejunio
1297 481 1345 565 (1)
1374 501 1552 562 parumper
1576 487 1684 550 somni
1707 485 1813 548 bene-

172 585 289 647 ambo:
306 585 363 646 sed
380 587 494 647 noster
507 585 652 654 sanctus,
669 583 835 645 celebrata
850 583 968 644 devote
1022 581 1097 644 nolo
1119 584 1312 644 recrearet:
1336 598 1377 644 en
1397 583 1536 660 spiritus
1552 585 1716 660 malignus
1740 587 1827 646 ten-·

174 683 288 758 misse,
306 682 468 760 apparatu
488 681 686 742 sacerdotali
704 692 824 758 corpus
843 679 967 740 Christi
1021 679 1094 740 tare
1109 679 1273 742 suffocare
1286 678 1514 750 dormientem,
1530 681 1635 757 posita
1648 681 1690 742 ad
1703 682 1815 756 gulam

171 780 375 850 reverenter,
392 780 428 841 ut
442 779 564 840 soleret
580 793 720 854 semper,
737 776 890 838 manibus
905 791 967 851 ge·
1022 791 1123 836 manu
1144 791 1246 836 ausus
1268 777 1328 838 est.
1352 779 1435 840 'lum
1456 777 1619 840 excitatus
1639 776 1816 840 Vir'sanc·

171 890 250 936 rens
264 875 299 935 in
315 875 484 936 certamen
498 873 601 935 venit.
624 874 684 934 Ille
704 889 785 934 vero
800 871 965 946 deridens,
1021 872 1088 943 tus,
1105 872 1259 934 invocato
1269 872 1405 936 nomine
1418 873 1623 936 intemeratae
1637 875 1816 936 Genitricis

172 987 212 1034 ac
235 971 441 1047 impossibile
467 971 598 1047 putans,
629 971 755 1031 mulum
776 969 887 1033 triduo
911 968 981 1030 fa··
1022 969 1245 1044 beivirginis
1259 971 1386 1040 Mariae,
1401 985 1441 1031 ac
1454 971 1549 1046 signo
1564 973 1672 1034 crucis
1688 973 1817 1034 munita

172 1071 316 1130 mentem
332 1067 476 1128 adducit.
498 1067 583 1128 Hinc
597 1066 686 1128 servi
701 1069 785 1143 ejus,
809 1067 846 1128 ut
863 1080 966 1127 aver·
1022 1065 1143 1132 fronte.
1169 1081 1204 1128 sc
1228 1083 1305 1130 mox
1332 1067 1525 1130 alleviatum
1552 1069 1668 1130 sensit.
1694 1070 1816 1132 Oculos

171 1167 281 1228 terent
295 1165 431 1235 animal,
447 1165 481 1225 et
495 1164 656 1226 virentem
671 1162 818 1234 herbam,
835 1163 868 1224 et
882 1162 965 1224 hor·
1020 1177 1101 1224 vero
1122 1163 1289 1240 aperiens,
1314 1165 1350 1226 ut
1372 1162 1511 1236 rideret,
1538 1165 1692 1241 quisnam
1715 1167 1814 1239 esset,

172 1263 270 1324 deum
294 1261 490 1324 offerebant
517 1259 597 1321 Inde
619 1261 679 1321 Vir
702 1261 762 1322 Dei
785 1274 967 1322 conversus
1021 1261 1135 1332 totam,
1150 1261 1185 1324 iu
1198 1276 1262 1338 qua
1275 1261 1358 1328 erat,
1373 1261 1492 1322 cellam
1508 1262 1816 1338 splendoremagno

171 1357 610 1430 aemuleminnaecverba
625 1357 966 1435 inquitalnoc'rtote,
1019 1355 1241 1431 refulgentem
1266 1357 1359 1419 vidit.
1390 1360 1460 1429 Quo
1486 1358 1541 1434 pie
1566 1358 1728 1420 creditum
1752 1360 1815 1431 est,

171 1471 213 1518 oc
232 1459 371 1519 nominc
392 1455 570 1517 Creatorts
590 1455 652 1526 tut,
672 1468 774 1528 quem
791 1456 829 1514 tn
847 1455 966 1516 maot-
1021 1453 1085 1516 sibi
1100 1469 1198 1530 quam
1213 1455 1412 1536 invocasset,
1428 1455 1600 1530 Virginem
1614 1456 1742 1518 auxilio
1755 1455 1818 1518 ad-

172 1557 234 1616 buc
260 1553 339 1616 ltoet
365 1555 539 1629 indignus,
569 1552 878 1622 paraetacenen,
907 1551 968 1611 ttbt
1020 1549 1480 1616 ventsse.1²rolectusautem
1501 1553 1814 1625 Padua,seminans

169 1653 256 1722 dtco,
272 1652 413 1722 animat,
428 1650 463 1712 ct
473 1652 650 1724 proectpto,
660 1649 700 1740 ut
712 1649 895 1722 confestim
908 1652 967 1710 bu·
1021 1662 1230 1724 quocumque
1244 1649 1407 1724 pergeret,
1422 1648 1560 1712 verbum
1575 1650 1648 1722 Dei,
1662 1666 1702 1715 ac
1717 1652 1816 1714 mira·

171 1748 301 1809 mutter
315 1751 460 1808 centens
479 1747 629 1808 modom
646 1749 711 1808 stoi
730 1746 966 1808 reverentiam
1021 1743 1106 1806 culis
1120 1743 1261 1820 fulgens,
1283 1759 1319 1806 se
1341 1745 1438 1816 alios,
1464 1747 1561 1822 atque
1585 1746 1670 1808 alios
1691 1747 1734 1810 ad
1755 1763 1817 1825 po·

171 1845 350 1916 callosas·
376 1843 546 1916 quotenus
578 1857 625 1904 era
647 1847 710 1905 boc
731 1843 858 1915 liquido
882 1856 965 1918 cop·
1021 1839 1116 1916 pulos
1132 1843 1166 1904 et
1183 1841 1298 1913 ltaliae,
1320 1843 1353 1905 et
1367 1842 1483 1904 Galliae
1498 1842 1649 1904 contulit.
1666 1845 1816 1922 benique

171 1941 293 2002 noscat
328 1939 491 2002 baerettca
522 1941 694 2014 pravitas,
729 1941 818 2013 quod
854 1941 966 2000 omnes
1020 1934 1128 1998 tessus
1143 1939 1411 2014 peregrinatione
1426 1937 1536 2016 longa,
1558 1940 1593 2001 et
1605 1939 1719 2002 labore
1734 1957 1817 2004 con-

171 2038 337 2099 creatura
363 2037 546 2108 subjicitur
574 2036 733 2098 Creatori
762 2049 836 2107 suo,
865 2049 966 2109 poem
1020 2033 1125 2105 tinuo,
1143 2034 1354 2105 paduanum
1373 2038 1522 2112 quajam
1542 2037 1578 2101 ut
1593 2035 1675 2108 disi,
1692 2037 1815 2113 praedi-

170 2135 394 2196 saceraotem
407 2135 558 2210 dignitas
569 2133 765 2208 pertractat
778 2133 915 2208 jnptter
928 2135 966 2192 tn
1020 2145 1100 2192 cans
1121 2129 1240 2202 luerat,
1261 2146 1337 2192 cum
1354 2132 1586 2194 recordatione
1607 2132 1812 2197 benevolen-

171 2231 288 2292 cttort.
308 2229 461 2292 Mirabile
475 2231 560 2301 visu,
584 2232 617 2292 at
640 2231 822 2290 maximum
843 2230 965 2290 nostroe
1019 2227 1087 2300 ue,
1103 2227 1330 2304 quodamaret
1342 2228 1431 2290 bunc
1446 2230 1613 2308 populum,
1632 2232 1700 2294 tum
1716 2235 1812 2304 nutu,

171 2327 250 2389 ndei
262 2326 511 2388 documentum!
529 2328 598 2388 Nec
611 2327 743 2402 quidem
758 2326 818 2386 Vir
832 2326 966 2386 sanctus
1016 2323 1154 2400 judicio,
1176 2324 1347 2388 voluntate
1368 2325 1439 2396 Dei,
1465 2325 1522 2403 qui
1543 2341 1708 2390 exornare
1725 2329 1815 2393 hano

171 2423 274 2486 verba
289 2423 445 2485 finierat:
469 2439 511 2483 en
533 2423 669 2492 animal,
692 2423 725 2484 et
748 2422 886 2494 famens,
911 2422 965 2482 in·
1020 2421 1188 2483 civitatem
1202 2436 1339 2497 corpore
1353 2421 1452 2498 hujus
1467 2423 1573 2484 sancti
1590 2423 1699 2495 vellet,
1716 2421 1813 2502 quasi

171 2536 282 2598 quam,
297 2519 422 2581 animal
441 2520 539 2596 quasi
557 2519 703 2580 bumana
724 2520 853 2581 ratione
875 2534 967 2580 com·
1020 2517 1062 2580 ad
1077 2518 1197 2595 quietis
1213 2518 1337 2590 sedem,
1351 2533 1390 2582 ac
1404 2518 1609 2586 domicilium
1623 2520 1733 2582 rediit.
1751 2523 1813 2584 Hic

171 2616 308 2689 motum,
325 2620 359 2678 et
379 2617 467 2677 dicto
484 2617 591 2678 sancti
605 2617 677 2677 Viri
692 2616 854 2684 consulto,
870 2631 910 2678 ac
925 2615 966 2676 de
1020 2615 1121 2687 enim,
1141 2615 1175 2676 et
1188 2631 1272 2691 quos
1290 2617 1367 2679 ante
1388 2615 1511 2678 dudum
1530 2616 1725 2693 incoeperat,
1740 2635 1814 2680 ser-

174 2712 339 2774 industria
364 2727 497 2788 parens,
518 2711 664 2775 oblatum
688 2712 886 2788 contempsit
905 2727 967 2788 pa-
1020 2727 1154 2776 mouurn
1174 2711 1423 2774 dominicalium
1440 2729 1593 2789 magnam
1609 2716 1735 2790 partem
1750 2717 1813 2778 ab·

175 2809 301 2871 bulum.
329 2812 532 2870 conversum
559 2825 638 2871 vero
675 2808 717 2872 ad
743 2809 897 2880 bostiam,
933 2810 967 2870 et
1020 2809 1129 2881 solvit,
1149 2808 1184 2871 et
1205 2811 1323 2886 rogatu
1347 2810 1527 2872 cardinalis
1549 2811 1711 2877 Ostiensis
1736 2829 1813 2876 ser-

172 2908 281 2984 capnt,
318 2909 351 2968 et
383 2906 541 2982 poplitem
570 2906 745 2982 utrumque
778 2907 813 2968 in
841 2906 965 2968 terram
1019 2921 1145 2977 moues,
1169 2907 1354 2982 quiessent
1374 2907 1415 2968 ad
1436 2907 1547 2970 omnia
1570 2908 1653 2976 testa
1674 2911 1813 2972 Sancto·

174 3020 279 3082 usque
303 3004 574 3066 venerabundum
600 3005 705 3066 fierit.
735 3007 806 3076 Quo
830 3006 965 3081 stupens
1019 3017 1104 3074 rum,
1132 3002 1276 3078 scripsit
1314 3003 1572 3072 Praedicationes
1606 3021 1685 3067 uero
1719 3022 1813 3068 suam

174 3101 232 3163 ille
253 3101 409 3163 haeresim
428 3103 548 3178 posuit.
571 3105 650 3176 Quae
674 3102 785 3163 autem
808 3101 965 3164 christia·
1019 3098 1162 3175 primum
1177 3099 1219 3162 ad
1241 3098 1438 3176 Ecclesiam
1462 3101 1581 3168 deinde
1602 3102 1644 3166 ad
1666 3119 1813 3166 commo-

174 3214 292 3260 norum
307 3198 454 3260 bdelium
469 3197 585 3260 aderat
602 3199 789 3270 multitudo,
806 3215 846 3260 ea
862 3201 964 3261 Deum
1020 3194 1096 3258 dum
1122 3195 1235 3273 populi
1271 3197 1421 3272 singulas
1451 3198 1491 3260 ad
1526 3199 1703 3273 ecclesias;
1732 3217 1813 3277 pos-

172 3312 347 3368 summum,
369 3296 694 3373 omnipotentemque
710 3296 870 3358 laudavit.
895 3297 965 3360 Nec
1018 3294 1137 3361 tremo,
1159 3293 1244 3370 quod
1260 3293 1505 3356 multitudinem
1525 3295 1598 3358 loca
1619 3296 1655 3358 in
1680 3297 1815 3360 civitate

172 3393 304 3470 quidem
317 3393 470 3468 egrediar
480 3392 600 3464 Gallia,
612 3393 646 3454 ni
659 3393 751 3455 aliud
766 3393 964 3454 miraculum
1019 3403 1085 3454 nou
1101 3392 1269 3465 caperent,
1286 3391 1327 3451 ad
1345 3392 1440 3468 prata
1455 3393 1598 3458 virentia
1613 3394 1707 3456 extra
1723 3395 1811 3464 civi-

172 3505 366 3564 rnemorem3
397 3489 461 3551 hoc
494 3491 584 3550 enim
618 3491 653 3550 in
689 3491 963 3566 Montepesulano
1018 3488 1119 3550 tatem
1145 3485 1234 3548 tecit.
1261 3485 1385 3551 Aderat
1409 3489 1498 3549 enim
1524 3505 1599 3553 curn
1626 3491 1715 3552 clero
1740 3493 1813 3568 epi-

172 3586 260 3647 haud
276 3587 374 3662 longe
388 3603 408 3648 a
422 3587 542 3648 Tolosa
562 3585 634 3647 tuit.
651 3586 713 3649 llic
732 3602 874 3664 namque
893 3585 982 3650 les·'
1019 3597 1152 3658 scopus,
1168 3599 1242 3644 cum
1257 3581 1431 3646 nobilitate
1445 3585 1601 3661 potestas,
1619 3602 1694 3648 cum
1714 3587 1815 3650 scho-

45 3737 49 3746 .
174 3683 242 3746 turn
256 3699 316 3760 per
330 3685 417 3746 diem
431 3683 627 3761 praedicanti
640 3685 756 3744 sancto
770 3685 849 3746 Viro
864 3704 871 3742 :
888 3699 965 3746 nam
1018 3678 1145 3740 laribus
1162 3679 1288 3752 doctor,
1304 3696 1379 3742 cum
1401 3680 1573 3757 discipulis
1588 3683 1721 3755 artilex,
1738 3699 1813 3746 cum

173 3780 292 3842 civitas
314 3782 364 3843 est
385 3796 517 3856 magna,
544 3781 579 3843 et
597 3779 715 3844 studiis
739 3779 964 3842 doctrinarum
1019 3775 1099 3838 tiliis
1112 3791 1246 3852 parens,
1262 3791 1338 3839 cum
1352 3779 1514 3842 matronis
1533 3780 1640 3854 virgo.
1662 3781 1813 3843 Diluculo

173 3877 280 3949 floret,
298 3877 485 3940 recordatio
503 3876 616 3948 subiit,
638 3893 674 3938 se
694 3878 878 3954 injunctum
900 3876 964 3940 sibl
1018 3873 1158 3937 veniens
1194 3874 1332 3952 quisque
1358 3874 1565 3938 commodum
1595 3876 1724 3940 auditui
1751 3894 1812 3940 ca·

172 3972 318 4035 olllcium
344 3973 486 4035 canendi
509 3975 652 4036 Alleluia
675 3987 734 4049 per
764 3971 965 4034 oblivionem
1018 3968 1130 4046 piabat
1154 3969 1276 4033 locum.
1312 3969 1374 4034 Ubi
1409 3972 1574 4049 pulpitum
1607 3975 1814 4038 ascendisset

170 4070 308 4142 nemini,
325 4086 400 4131 cum
415 4069 610 4132 ascenderet
630 4070 804 4146 pulpitum,
826 4065 966 4132 commi·
1018 4069 1166 4138 sanctus,
1186 4082 1261 4128 curn
1281 4083 1369 4144 saepe
1391 4069 1530 4144 triginta
1551 4070 1693 4135 millium
1711 4088 1813 4138 exce-

172 4165 267 4228 sisse.
288 4169 359 4228 Hac
378 4167 469 4228 dere
486 4167 723 4242 negligentiam
738 4166 909 4237 incusans,
925 4181 964 4228 ac
1018 4163 1114 4230 derat
1143 4163 1330 4237 multitudo,
1365 4167 1493 4231 tantum
1525 4169 1598 4231 erat
1629 4169 1810 4245 silentium,

172 4279 284 4325 secum
306 4263 432 4336 dolens,
454 4263 628 4326 inclinauit
651 4265 762 4340 caput,
784 4262 883 4340 idque
906 4277 966 4326 ca-
1017 4261 1111 4326 tanta
1134 4260 1293 4324 audiendi
1315 4263 1466 4336 attentio,
1488 4265 1583 4329 tanta
1603 4265 1812 4344 intelligendi

171 4360 263 4438 patio
291 4361 388 4437 quasi
415 4360 620 4423 dormiturus
655 4360 792 4423 obtexit.
819 4361 964 4438 Corpore
1018 4357 1171 4444 ariditas,
1199 4359 1238 4420 ut
1269 4374 1433 4437 nusquam
1459 4377 1619 4436 murmur,
1647 4381 1812 4442 nusquam

171 4457 304 4534 quidem
319 4458 354 4518 in
369 4458 498 4533 pulpito
514 4479 522 4517 ε
538 4457 659 4534 spiritu
673 4459 783 4520 autem
805 4457 842 4520 in
861 4457 963 4521 choro
1018 4455 1179 4532 strepitus¹
1202 4455 1385 4522 audiretur.
1423 4459 1554 4524 Interea
1581 4461 1616 4522 et
1643 4462 1811 4538 justitium

171 4556 257 4616 erat:
269 4553 443 4616 Fratribus
457 4555 580 4626 autem,
596 4554 653 4631 qui
668 4555 781 4618 essent
794 4554 830 4616 in
846 4553 961 4626 oboro,
1018 4551 1180 4625 clausum,
1196 4554 1230 4615 et
1242 4552 1375 4630 negotia
1391 4554 1584 4618 intermissa
1600 4558 1707 4622 erant.
1724 4560 1811 4620 Cura

172 4651 205 4712 et
219 4651 369 4712 divinum
384 4649 530 4711 officinm
545 4667 589 4714 ex
607 4650 723 4712 ordine
744 4649 963 4722 celebrarent,
1018 4648 1173 4714 omnibus
1197 4651 1271 4712 erat
1295 4665 1373 4722 una,
1401 4650 1518 4714 audire
1542 4654 1703 4718 sanctum.
1729 4657 1810 4719 Cum

170 4746 279 4809 risum
295 4749 345 4809 est
362 4747 543 4809 Antonium
562 4747 598 4808 in
613 4747 855 4819 oborovidere,
870 4763 965 4808 eum·
1016 4761 1098 4810 vero
1118 4746 1246 4823 pulpito
1270 4747 1507 4819 descendisset,
1529 4749 1623 4812 tanta
1648 4752 1721 4814 erat
1742 4751 1811 4814 tre-

170 4844 311 4920 demque
325 4845 455 4916 audire,
470 4844 527 4921 qui
542 4844 720 4920 uttampus
736 4843 859 4919 exegit,
874 4849 964 4908 Atte-
1018 4843 1153 4919 quentia
1175 4843 1380 4920 cupientium
1403 4844 1553 4919 ungere,
1585 4847 1622 4909 ut
1650 4863 1725 4910 oum
1747 4851 1805 4914 alii
1843 4831 1847 4840 ’

169 4943 241 5004 luta
254 4942 414 5003 cantaret.
435 4941 572 5012 Deinde,
598 4941 696 5017 atque
718 4955 795 5002 mor
815 4941 871 5017 qui
891 4941 965 5002 erat
1017 4939 1138 5016 praeire
1152 4931 1230 5002 aliis
1248 4940 1445 5012 nlterentur,
1467 4956 1504 5006 se
1522 4939 1637 5016 terme,
1655 4945 1754 5010 simul
1770 4963 1820 5010 ac-

169 5037 206 5097 in
220 5037 333 5110 choro,
350 5037 525 5114 disparuit.
543 5040 580 5098 ln
596 5037 723 5114 pulpito
738 5039 849 5101 autam
866 5037 963 5114 quasi
1016 5037 1125 5114 ipsum
1139 5037 1374 5114 opprimerent.
1395 5038 1466 5102 Nec
1484 5042 1673 5106 assecutum
1693 5059 1729 5110 se
1744 5062 1808 5122 pa-

169 5148 285 5196 somno
310 5135 475 5197 excitatus
501 5149 694 5210 assurgens,
724 5149 823 5211 quam
855 5133 963 5195 incoe-
1016 5148 1090 5196 rum
1111 5134 1229 5210 gratias
1251 5133 1436 5210 reputabat,
1460 5135 1517 5212 qui
1539 5139 1598 5200 aut
1620 5141 1810 5207 vestimenti

168 5231 274 5307 parat,
302 5231 572 5308 predicationem
607 5231 649 5294 ad
686 5231 844 5309 populum
878 5245 961 5308 pro-
1017 5232 1091 5308 ejus
1102 5231 1300 5308 particulam
1311 5230 1495 5305 incidisset,
1510 5237 1568 5298 aut
1580 5235 1697 5300 saltem
1707 5255 1808 5304 manu

170 5327 304 5389 secutus
320 5328 382 5389 est.
1016 5326 1182 5394 fimbriam
1190 5328 1365 5405 tetigisset.
1373 5329 1489 5407 Neque
1501 5347 1580 5396 vero
1591 5334 1732 5400 dabatur
1743 5338 1807 5400 sibi

209 5425 333 5487 Paduae
357 5426 468 5487 autem
496 5441 727 5502 saepenumero
753 5425 959 5502 praedicavit.
1016 5424 1159 5490 abeundi
1187 5426 1299 5498 locus,
1317 5427 1353 5487 ni
1377 5441 1465 5499 eum,
1481 5430 1538 5506 qul
1564 5431 1706 5496 aderant
1718 5436 1808 5510 jussi

169 5521 232 5582 sed
247 5520 422 5598 principio,
442 5533 517 5582 cum
539 5523 692 5584 naturam
713 5521 959 5600 predicatione,
1016 5521 1056 5584 de
1066 5521 1241 5595 industria,
1253 5522 1382 5586 robusti
1391 5523 1545 5592 homines
1554 5529 1778 5595 reduxissent.

204 5623 248 5698 (l)
267 5624 376 5697 suppl,
391 5621 518 5682 tractam.
887 5643 894 5660 ¹
1340 5625 1341 5630 ’
1797 5641 1800 5646 ·
