4184 6410
128 242 189 304 673
506 243 615 312 Plus
645 243 789 306 PRIMA.
806 273 847 289 ·-
866 243 1084 306 expositio
1113 243 1158 306 IN
1186 235 1390 306 PSALMOS.
1709 242 1769 304 674

125 401 188 462 llio
222 403 273 463 est
306 400 476 474 circulus,
507 403 565 480 qui
599 402 647 464 ibi
680 393 881 466 describitur
909 415 933 462 :¹
974 401 1055 465 dicit
1079 402 1335 465 Ecclesiasticus
1356 399 1420 480 (22,
1440 399 1474 481 2)
1490 422 1498 461 :
1514 417 1533 460 s
1550 402 1597 462 De
1620 402 1780 462 stercore

124 501 285 573 Egressus
304 501 376 576 ejus
396 513 415 560 a
437 500 549 573 Patre,
573 514 748 577 regressus
778 504 850 579 ejus
877 499 918 561 ad
973 498 1073 560 boum
1087 499 1254 576 lapidatus
1269 502 1320 561 est
1339 500 1447 576 piger,
1460 499 1590 562 scillcet
1604 497 1771 560 deamore

124 598 269 658 Patrem.
295 597 357 658 llio
374 600 425 658 est
448 598 605 672 circulus,
632 599 688 675 qui
703 603 863 676 tanquam
879 597 920 659 de
974 597 1220 674 temporalium.
1244 614 1262 657 »
1284 596 1385 672 Piger
1401 596 1534 667 dicitur,
1558 596 1615 672 qni
1642 611 1708 658 non
1735 609 1771 656 se

125 694 247 770 puncto
260 693 302 754 ad
315 695 472 771 punctum
487 695 682 766 reflectitur,
697 711 771 758 cum
787 694 919 758 deooelo
975 695 1083 769 potest
1105 709 1239 756 movere
1261 694 1301 756 de
1329 694 1402 756 loeo
1430 709 1491 755 suo
1519 693 1656 771 propter
1676 708 1771 754 suam

125 790 303 854 adterram
328 791 543 863 descendens,
569 792 611 854 ad
631 792 751 854 coelum
769 791 922 868 regredi-
976 790 1164 866 segnitiem,
1190 791 1317 870 dequo
1341 790 1378 850 in
1402 789 1576 852 Parabolis
1599 788 1663 868 (26,
1690 788 1742 868 14)
1762 805 1769 850 :

125 889 191 949 tur.
210 889 275 949 Iste
299 889 445 949 circulus
467 888 639 966 ponendus
656 893 707 951 est
727 890 760 952 in
782 889 920 951 naribus
975 904 994 946 s
1022 888 1115 950 Sicut
1149 887 1272 949 ostium
1309 888 1345 949 in
1379 888 1515 948 cardine
1544 889 1697 960 uertitur,
1724 887 1773 948 sic

126 985 298 1046 unicornis
314 984 459 1062 superbi.
481 987 565 1048 Ponl
581 987 690 1049 autem
706 1003 774 1048 non
787 987 919 1064 poterit,
976 983 1072 1060 piger
1092 985 1128 1046 in
1148 985 1235 1047 leoto
1257 1001 1329 1046 suo.
1346 985 1507 1046 »Ostium
1527 1000 1658 1062 semper
1682 986 1773 1048 circa

126 1081 193 1143 nisi
208 1097 268 1158 per
282 1083 516 1158 humilitatem,
537 1083 578 1144 ad
592 1100 690 1161 quam
713 1099 774 1145 nos
788 1084 919 1155 inritat,
977 1081 1147 1143 cardinem
1160 1082 1313 1153 vertitur,
1327 1097 1547 1158 necunquam
1567 1082 1676 1144 locum
1694 1099 1772 1142 mu-

127 1195 163 1240 se
180 1179 342 1241 circulum
368 1179 522 1242 iaciendo
543 1181 613 1244 tum
638 1196 697 1258 per
719 1181 920 1258 exemplum,
977 1179 1036 1240 tat.
1063 1169 1234 1256 Sic'piger
1258 1194 1390 1258 semper
1413 1178 1576 1240 deliberat
1594 1195 1637 1240 an
1655 1195 1775 1256 pecca-
1835 1223 1838 1226 -

127 1279 197 1339 tum
210 1291 270 1354 per
283 1277 469 1354 praemium.
483 1281 549 1340 Per
560 1279 765 1355 exemplum3
780 1294 820 1343 eo
832 1280 922 1340 enim
977 1289 1046 1350 tum
1066 1276 1227 1349 dimittat;
1254 1291 1424 1354 nunquam
1446 1277 1555 1338 tamen
1577 1275 1685 1337 locum
1701 1291 1776 1336 mu-

127 1373 214 1452 quod
229 1374 271 1436 de
285 1376 369 1436 coelo
382 1374 424 1436 ad
442 1376 567 1439 terram
588 1376 771 1448 descendit,
786 1376 924 1438 hnmili-
977 1373 1037 1447 tat,
1049 1374 1128 1450 quia
1143 1389 1179 1434 se
1195 1389 1215 1436 a
1230 1373 1376 1450 peccatis
1391 1389 1457 1434 non
1473 1374 1616 1451 separat.
1630 1375 1775 1450 hepene

128 1471 228 1532 tatem
250 1470 362 1533 docuit
376 1493 386 1531 ι
401 1487 440 1534 eo
462 1473 549 1549 quod
574 1488 593 1534 a
619 1472 719 1534 terris
741 1473 782 1535 ad
803 1473 923 1536 coelum
979 1470 1144 1548 superbie
1159 1471 1284 1534 dicitur
1295 1471 1331 1532 in
1343 1470 1516 1532 Ezechiele
1527 1467 1592 1550 (16,
1606 1469 1671 1549 49),
1687 1470 1774 1548 quod

128 1568 239 1638 rediit,
253 1568 294 1630 ad
310 1569 440 1647 praemii
454 1569 689 1632 celsitudinem
703 1569 867 1634 invitavit
979 1583 1082 1629 causa
1097 1569 1226 1645 peccati
1243 1568 1462 1630 Sodomorum
1477 1567 1582 1630 luerit
1598 1567 1777 1630 abundan-

160 1657 163 1662 ’
979 1665 1147 1742 tiapanis,
1164 1667 1198 1727 et
1212 1664 1472 1742 superbientes,
1496 1666 1530 1726 et
1544 1665 1659 1726 olium.
1678 1665 1775 1726 Hunc

979 1762 1145 1839 triplicem
1166 1777 1288 1838 panem
1312 1763 1479 1840 praeparat
1504 1762 1540 1822 in
1573 1777 1690 1824 mensa
1714 1778 1776 1824 sua
1840 1841 1842 1847 A

409 1846 550 1909 SERMO
575 1847 645 1906 XL·
981 1859 1145 1932 diabolus,
1162 1858 1282 1937 quibus
1297 1875 1375 1920 suos
1389 1859 1520 1920 reliciat
1532 1860 1740 1922 comitantes.

129 1994 170 2050 lle
188 1991 364 2066 quadruplici
388 2007 498 2052 mensa.
526 1997 567 2053 lle
586 1993 688 2066 triplici
711 2009 785 2068 pane
808 1991 924 2058 diaboli,
1007 2054 1014 2068 ,
1311 2055 1317 2066 ,
1549 2055 1555 2066 ,
1733 2054 1738 2066 ,

164 2087 221 2154 qu'o
246 2082 337 2139 malos
365 2081 466 2140 reiicit.
502 2084 605 2143 Contra
633 2081 752 2155 indigne
780 2089 927 2139 sumentes
982 2069 1035 2115 ¹¹²⁸
1050 2055 1218 2131 Pl'aepfflt
1241 2053 1339 2115 ΗΘΜ
1362 2070 1478 2131 panes,
1501 2053 1621 2130 ‘imbus
1647 2053 1778 2116 ”fimat

163 2183 269 2244 eorpus
293 2169 406 2228 Christi.
433 2173 475 2228 lle
499 2171 600 2245 tripiici
629 2170 815 2240 beatitudine,
841 2185 926 2242 quam
982 2152 1777 2228 ⁸110S³11¹i⁰0bHffi008111101¹⁵st⁵³⁰1*aeScrip-

166 2256 393 2315 habontsanoti.
982 2250 1078 2322 turae,
1101 2248 1135 2309 in
1155 2263 1221 2333 qua
1235 2249 1394 2324 tanquam
1417 2248 1453 2308 in
1481 2263 1596 2310 mensa
1623 2249 1778 2324 proposi-

982 2345 1094 2416 tionis,
1109 2345 1150 2407 de
1165 2360 1229 2424 qua
1238 2345 1360 2420 legitur
1369 2345 1405 2406 in
1418 2345 1566 2407 Levitico
1580 2342 1775 2425 (ateana),

983 2442 1041 2504 ubi
1056 2445 1134 2506 sunt
1147 2442 1320 2504 duodecim
1333 2457 1446 2518 panes,
1461 2441 1617 2504 videlicet
1626 2442 1778 2505 doctrina

984 2540 1157 2602 duodecim
1177 2540 1428 2616 Apostolorum
1455 2539 1488 2602 et
1512 2541 1635 2616 patena
1657 2555 1776 2614 aurea,

171 2637 387 2714 Quadruplex
401 2637 491 2700 enim
507 2640 559 2700 est
570 2653 696 2700 mensa.
713 2640 826 2700 Prima
839 2639 929 2702 vide·
983 2642 1109 2700 aeterna
1123 2637 1280 2701 videlicet
1294 2637 1452 2700 claritas:
1476 2639 1511 2698 in
1535 2653 1619 2713 auro
1642 2638 1779 2722 notatur

134 2734 213 2796 licet
225 2735 476 2808 daemoniorum,
493 2751 592 2813 quam
608 2752 675 2798 non
689 2738 786 2812 parat
808 2739 926 2798 Domi-
984 2736 1131 2809 claritas,
1144 2735 1179 2796 in
1194 2735 1399 2797 rotunditate
1415 2734 1578 2810 liguratur
1590 2735 1777 2810 aeternitas;

132 2848 207 2904 nus,
224 2832 281 2894 sed
297 2831 515 2908 daemonium
541 2833 583 2894 de
597 2849 662 2910 qua
680 2834 786 2910 prima
806 2834 847 2895 ad
863 2836 928 2896 Co·
984 2836 1017 2896 et
1028 2833 1174 2911 pugillus
1201 2831 1322 2906 thuris,
1349 2833 1436 2894 idest
1459 2833 1592 2894 devotio
1617 2833 1781 2895 orationis

130 2929 277 2992 rinthios
293 2927 357 3007 (10,
372 2927 425 3009 21)
444 2932 569 2990 :rNon
580 2931 717 3007 potestis
730 2946 854 2994 mensae
867 2934 929 2995 Do-
946 2947 948 2950 ·
984 2947 1058 2994 cum
1073 2931 1262 2993 bumilitate
1280 2931 1392 3009 operis
1409 2952 1417 2990 ι
1434 2932 1471 2993 ln
1485 2931 1584 2993 thure
1597 2931 1686 2992 enim
1702 2946 1781 2993 ora-

131 3028 213 3089 mini
237 3028 416 3106 participes
442 3044 527 3099 esse,
556 3031 589 3090 et
603 3042 726 3091 mensae
746 3029 930 3092 daemonio-
983 3030 1042 3098 tio,
1059 3030 1095 3090 in
1117 3045 1229 3106 pugno
1244 3029 1407 3106 operatio,
1427 3029 1462 3088 in
1490 3028 1689 3090 diminutivo
1716 3028 1780 3088 hu-

134 3141 219 3186 rum.
235 3127 324 3187 »nst
343 3126 467 3202 triplex
480 3141 596 3188 mensa
620 3127 691 3199 liei,
712 3143 812 3204 quam
832 3128 929 3189 nobis
985 3127 1109 3190 militas
1133 3126 1306 3204 liguratur.
1324 3129 1364 3188 lit
1376 3124 1462 3188 bene
1476 3126 1541 3187 ista
1556 3126 1621 3188 tria
1636 3122 1781 3202 cohJun-

133 3223 231 3298 parat
250 3222 410 3284 Dominus
427 3244 434 3284 :
451 3225 568 3286 Mensa
592 3224 748 3287 videlicet
773 3227 929 3302 proposi·
984 3227 1128 3302 guntur:
1151 3239 1211 3301 per
1225 3239 1345 3301 panem
1367 3225 1457 3286 enim
1476 3239 1582 3286 sacrae
1598 3223 1780 3300 Scripturas

131 3319 245 3391 tionis,
292 3319 494 3394 reiectionis,
535 3323 843 3384 consummationis.
892 3325 929 3384 In
985 3322 1080 3385 nobis
1110 3323 1237 3384 aeterna
1270 3321 1409 3384 claritas
1446 3321 1643 3392 ostenditur,
1672 3321 1704 3382 et
1737 3318 1779 3381 ad

130 3431 246 3478 mensa
259 3417 459 3480 daemonium
478 3420 547 3478 tres
563 3433 665 3495 panes
686 3419 928 3496 proponuntur,
985 3421 1078 3482 illam
1104 3418 1319 3482 obtinendam
1345 3419 1508 3484 orationis
1534 3419 1666 3481 devotio
1682 3419 1780 3480 exci-

133 3512 290 3576 videlicet
302 3513 457 3588 luxuriae,
474 3505 637 3587 avaritiae,
649 3516 870 3593 eisuperbioe.
883 3520 930 3579 De
984 3517 1084 3587 tatur,
1100 3518 1142 3580 de
1156 3532 1222 3594 qua
1240 3515 1326 3578 dicit
1338 3516 1392 3578 vir
1402 3519 1535 3593 justus:
1570 3517 1716 3578 Parosta·
1741 3518 1779 3576 111

131 3625 219 3687 pane
234 3609 379 3672 luxuriae
395 3611 520 3672 dicitur
534 3611 569 3672 in
582 3611 644 3674 lob
658 3609 722 3690 (18,
740 3611 792 3692 15)
808 3634 816 3672 ε
833 3630 851 3673 a
866 3617 931 3676 hs·
984 3615 1168 3688 conspectu
1190 3628 1268 3674 meo
1287 3627 1456 3684 mensam,
1473 3612 1627 3689 quianon
1647 3612 1684 3672 iu
1699 3628 1781 3672 con-

130 3709 292 3784 pergatur
306 3709 341 3768 ln
356 3708 675 3770 tabernaculoillius
686 3707 734 3788 (1)
750 3709 931 3786 sulphur.»
986 3711 1101 3787 spectu
1117 3708 1293 3770 malorum.
1310 3711 1486 3770 Aduersus
1506 3721 1565 3770 eos
1590 3711 1648 3780 qut
1664 3709 1778 3770 tribu-

132 3807 170 3866 In
197 3804 416 3867 tabernaculo
438 3805 545 3882 iniqui
572 3805 714 3882 sulphur
728 3808 929 3884 aspergitur,
985 3809 1058 3870 loct
1071 3820 1138 3868 me.
1155 3805 1322 3866 Adversus
1338 3804 1427 3865 enim
1440 3819 1571 3866 omnem
1584 3803 1775 3868 tribulatio·
1802 3837 1806 3846 ·

133 3902 266 3979 quoties
287 3901 435 3964 carnalis
461 3903 642 3966 delectatio
665 3903 704 3964 in
732 3907 804 3981 ejus
820 3907 931 3965 mente
987 3902 1173 3974 nemralet,
1191 3902 1220 3963 si
1241 3902 1277 3963 in
1300 3917 1339 3963 ea
1362 3900 1562 3963 adhibeatur
1587 3901 1777 3978 diligentia;

132 3999 334 4062 dominatur.
357 4002 424 4061 Per
445 4001 587 4078 sulphur
600 4002 689 4062 enim
708 4001 806 4064 foetor
820 4002 932 4064 carnis
988 4000 1080 4074 Quod
1092 3998 1347 4076 significabatur
1354 4013 1412 4074 per
1420 4014 1555 4071 manna,
1565 3999 1650 4078 quod
1662 3999 1778 4076 sapie-

133 4096 307 4174 accipitur.
319 4097 359 4159 El
369 4093 639 4177 inEzeohiele(l,
650 4097 702 4178 12)
716 4099 931 4173 :sstercora
987 4099 1043 4163 bat
1057 4096 1333 4174 unicuiquequod
1345 4095 1488 4158 volebat.
1505 4097 1780 4160 Secundamensa

133 4193 220 4272 quod
233 4195 423 4270 egredietur
434 4193 482 4275 (2)
491 4195 532 4256 de
543 4196 688 4268 homine,
698 4196 934 4275 operies,»pa·
988 4197 1039 4261 est
1050 4194 1254 4268 relectionis,
1276 4194 1312 4254 in
1326 4209 1391 4272 qua
1407 4193 1558 4256 Christus
1573 4195 1670 4256 nobis
1693 4212 1784 4272 prae·

131 4305 211 4352 nem
233 4292 338 4353 tuum.
365 4293 467 4354 Panis
482 4292 545 4357 iste
557 4292 679 4356 dicitur
694 4295 820 4372 operiri
841 4296 932 4358 ster·
988 4295 1085 4372 parat
1098 4291 1247 4371 pretiosa
1260 4291 1388 4354 fercula
1403 4293 1554 4369 corporis
1567 4293 1633 4365 sui,
1653 4295 1687 4356 et
1701 4309 1783 4354 san-

134 4401 213 4448 core
238 4386 393 4458 hominis,
413 4389 493 4464 quia
514 4405 596 4468 opus
625 4391 837 4454 luxuriosum
864 4407 933 4455 non
988 4391 1111 4468 guinis.
1128 4388 1782 4466 Dehacnonhabentedere,quimensae

132 4481 369 4553 tantumaliis,
386 4484 561 4546 sedetiam
577 4487 660 4564 ipsis
681 4487 866 4550 luxuriosis
891 4487 933 4550 ad
987 4488 1230 4552 daemouoirum
1279 4487 1528 4549 communicant
1566 4486 1776 4562 supradictae.
1851 4549 1853 4558 ,

137 4577 284 4640 invicem
300 4577 402 4642 hetet.
419 4582 466 4640 De
488 4596 573 4655 pane
593 4583 744 4645 avaritiae
759 4585 881 4646 dicitur
897 4585 933 4646 in
989 4585 1084 4648 Unde
1108 4583 1288 4663 Apostolus
1304 4605 1312 4643 ε
1328 4587 1408 4646 Nou
1427 4583 1570 4658 potestis
1593 4586 1781 4644 commoui-

134 4673 310 4756 eodem(d‚
327 4672 379 4753 15)
397 4697 404 4736 :
419 4693 438 4738 ‹
453 4675 534 4738 Dedi
549 4677 609 4739 tibi
634 4679 747 4742 dmum
768 4678 879 4753 boum,
900 4683 937 4744 et
988 4696 1071 4744 core
1094 4695 1226 4743 mansee
1251 4682 1379 4742 01111111·
1396 4677 1443 4758 (4)
1458 4679 1491 4740 et
1505 4693 1636 4740 rwrrsae
1650 4681 1781 4742 doemo-

135 4773 241 4836 iacies
262 4788 382 4851 panem
409 4773 445 4834 in
470 4789 521 4836 θο.
549 4791 568 4836 »
591 4777 705 4836 Fimus
727 4774 827 4838 boum
856 4779 935 4840 sunt
988 4781 1129 4842 reiorum
1146 4775 1194 4856 (5)
1206 4778 1240 4840 et
1257 4777 1377 4838 iterum
1395 4776 1437 4837 ad
1458 4773 1617 4838 Hebraeos
1633 4773 1697 4856 (13,
1710 4775 1782 4856 10),

133 4867 517 4948 istatemporaliazper
534 4868 636 4932 boves
660 4869 788 4939 eutem,
805 4872 932 4949 praedi·
989 4879 1059 4938 Hoc
1085 4876 1137 4938 est
1165 4873 1213 4954 (6)
1242 4873 1361 4946 altare,
1390 4873 1432 4935 de
1458 4887 1523 4951 quo
1557 4887 1625 4934 non
1660 4873 1786 4936 habent

135 4966 277 5038 calores,
300 4964 357 5042 qui
381 4967 536 5043 reputant
557 4967 631 5044 ipsa
655 4967 812 5045 tanquam
844 4971 936 5031 ster·
990 4973 1089 5036 edere
1098 4970 1159 5052 (7),
1174 4969 1466 5049 quitabernaoulo,
1475 4969 1561 5032 idest
1572 4969 1784 5034 delectationi

135 5077 226 5131 cora,
252 5061 339 5124 sicut
353 5063 483 5124 Paulus.
505 5064 638 5142 quando
665 5064 798 5128 dicebat
822 5087 830 5126 ι
852 5069 936 5129 0111-
990 5071 1105 5132 carnis
1131 5069 1336 5140 deserviunt,
1360 5067 1489 5130 scilicet
1516 5066 1655 5141 ebriosi,
1680 5068 1786 5130 luxu·-

135 5161 196 5222 ria
207 5160 363 5222 arbitror
380 5161 420 5222 ut
431 5161 590 5224 staocorc
604 5159 663 5242 (3).
681 5163 816 5226 beistis
832 5164 933 5226 etiam
990 5167 1085 5242 riosi,
1102 5168 1137 5230 et
1151 5165 1355 5245 hujusmodi.
1383 5162 1478 5227 Unde
1493 5165 1529 5224 in
1544 5165 1657 5228 Exodo
1673 5164 1737 5247 (12,
1749 5168 1790 5228 43

129 2390 277 2452 Parostt
303 2393 342 2452 tu
362 2392 545 2466 conspectu
566 2405 643 2453 awo
672 2405 840 2464 mousom,
866 2394 929 2454 od

150 2503 275 2550 versus
288 2501 358 2562 cos,
370 2491 429 2563 qut
442 2488 608 2550 1111111111(
625 2503 682 2550 me
697 2485 767 2568 (Ps.
791 2491 842 2563 22,
859 2486 904 2568 5).

174 5343 200 5410 u
233 5341 316 5412 reru.
333 5323 434 5426 njis..
974 5339 976 5343 ’
1027 5351 1068 5422 (a)
1088 5351 1152 5410 cor.
1169 5351 1213 5420 rc,
1229 5350 1275 5409 rr.

173 5413 203 5480 (l
234 5412 316 5482 Vutq.
331 5413 492 5485 Egreditur.
1028 5421 1058 5564 (6
1084 5422 1169 5494 vulg.
1187 5421 1343 5478 Habemus.

174 5484 204 5550 11
237 5481 353 5554 enirm,
369 5483 439 5553 aa.

1044 5495 1058 5549 l
1086 5492 1162 5565 vulg
1173 5490 1259 5550 edere
1272 5505 1329 5548 uon
1343 5489 1449 5549 habent
1468 5497 1648 5564 potestatem.

174 5553 201 5624 (1
231 5552 315 5626 vulg.
329 5567 437 5611 mense
452 5555 565 5613 Domini
580 5557 733 5632 participes
743 5574 818 5618 esse.

286 5700 401 5746 numm.
419 5701 492 5746 rous
506 5689 554 5749 Vl.
1572 5691 1607 5750 22

1021 1957 1181 2019 Dominus
1202 1957 1359 2019 autemin
1372 1971 1487 2018 mensa
1502 1971 1562 2016 sua
1574 1957 1778 2033 propositio-
1866 1949 1870 1958 “
