4118 6390
364 292 443 352 1159
784 292 816 350 S.
845 291 1019 352 ANTONII
1052 288 1237 350 Pnhunnl
1268 289 1406 352 OPERA
1435 291 1582 353 OMNIA.
1885 303 1934 366 ne

352 451 440 514 sicut
458 451 712 524 vestimentum
730 449 868 512 intravit
894 449 981 511 sicut
1000 463 1086 526 aqna
1114 449 1149 510 in
1204 449 1256 508 vel
1279 449 1422 524 gratiam
1444 451 1532 511 intus
1556 449 1700 512 infusam
1714 453 1815 514 mundi
1828 457 1934 522 solatiuu

348 549 512 612 interiora
541 551 625 625 ejus,
653 549 686 610 et
709 548 797 609 sicut
822 549 934 610 oleum
958 548 992 608 in
1016 546 1148 609 ossibus
1205 545 1236 606 ei
1263 545 1406 607 vertitur
1432 547 1467 607 in
1494 548 1701 620 moestitiam,
1728 551 1759 612 et
1786 552 1866 612 etiam
1884 558 1935 620 illul

348 649 433 722 ejus.
450 663 468 704 r
485 649 662 707 Peccatum
687 647 776 706 enim
803 646 915 707 induit
939 646 1037 706 homo
1062 645 1150 706 sicut
1204 644 1347 718 speruit3
1364 644 1450 719 quod
1465 644 1740 722 iaciuntsuptttae
1752 651 1935 721 potentum-

348 745 595 814 vestimentum,
617 743 750 819 quando
775 743 934 820 seipsum,
950 745 983 804 et
1000 742 1148 802 membra
1185 741 1260 812 'tce,
1272 744 1936 826 cumcorbonibusdesolutorttstPsaldlt.)

346 857 407 901 sua
429 843 578 903 coarctat
603 841 690 902 siout
714 842 849 917 proprio
874 841 1086 911 vestimento,
1116 842 1149 901 et
1206 839 1937 914 Sequitur:Potadtemoerereceusectou.llu

346 955 389 1000 ex
403 953 443 998 eo
458 954 495 1000 se
505 938 654 1015 quotidie
670 938 780 999 induit
788 954 832 1000 ex
842 938 1097 1008 consuetudine,
1113 939 1150 998 et
1205 934 1257 1008 tit,
1274 950 1349 995 cum
1365 937 1516 1012 patenter
1531 937 1631 997 homo
1647 940 1845 1011 convertitur,
1858 946 1883 1003 et
1894 960 1938 1004 run

345 1035 506 1110 involvit;
538 1038 571 1097 et
596 1038 687 1103 tuuc,
713 1036 801 1096 sicut
821 1051 920 1111 aqua,
938 1051 1013 1112 quae
1039 1034 1148 1095 solida
1205 1033 1239 1092 in
1255 1032 1466 1094 confessione
1480 1037 1653 1110 peccatum
1668 1037 1740 1111 ejus
1751 1035 1881 1114 lacrymis
1890 1057 1939 1100 sou·

347 1133 515 1204 dissolvit,
537 1133 639 1194 intrat
658 1148 815 1209 perversa
832 1133 990 1208 cogitatio
1005 1134 1149 1194 mentem
1205 1130 1332 1202 licitum·
1357 1131 1391 1191 et
1409 1145 1476 1191 nen
1498 1132 1606 1192 solum
1629 1133 1664 1192 in
1687 1133 1885 1206 consessione,
1900 1140 1939 1198 ino

346 1235 434 1307 ejus.
445 1233 510 1292 ulit
522 1231 917 1292 sicutoleuminossihus
928 1233 1012 1306 ejus.
1028 1246 1046 1289 e
1061 1231 1147 1290 Pin·
1205 1227 1306 1288 ettam
1321 1228 1393 1290 totu
1408 1231 1479 1299 dte,
1492 1228 1579 1290 idest
1589 1230 1745 1290 continue
1760 1246 1869 1308 semper
1877 1234 1940 1294 tolet.

348 1329 456 1404 guedo
472 1329 506 1388 in
522 1328 597 1390 oleo
617 1329 717 1399 idem,
736 1327 822 1405 quod
844 1327 990 1388 medulla
1009 1328 1148 1398 inesse,
1245 1326 1325 1384 Cum
1349 1326 1408 1396 tot,
1436 1327 1469 1386 et
1497 1328 1590 1387 tanta
1619 1326 1721 1388 iaciat
1746 1328 1810 1400 lex,
1833 1329 1896 1390 hene
1912 1335 1941 1391 est

351 1441 425 1503 quae
446 1428 515 1488 tota
538 1427 590 1487 est
613 1441 729 1486 eorum
754 1425 924 1486 tortitudo.
945 1427 994 1484 Ex
1010 1424 1149 1485 tortitu—
1207 1421 1389 1497 diligenda.
1416 1424 1456 1484 Et
1484 1439 1544 1500 per
1573 1423 1660 1486 hanc
1690 1426 1787 1487 etiarn
1819 1426 1941 1502 prudentes

354 1524 445 1596 dine,
461 1523 495 1584 et
508 1524 594 1584 escis
609 1523 716 1598 surgit
729 1522 887 1585 tortitudo
907 1523 1010 1584 totius
1025 1537 1150 1598 corpo·
1207 1519 1370 1581 efficimur
1390 1536 1497 1595 super
1519 1524 1678 1584 iuimicus
1707 1523 1842 1595 nostros,
1861 1525 1942 1585 scilieet

349 1621 409 1682 ris.
430 1621 536 1683 Intrat
556 1636 636 1696 ergo
656 1621 809 1692 tentatio,
834 1621 906 1682 sive
930 1619 1149 1696 peceatumin
1208 1617 1390 1689 mundum,
1425 1633 1579 1690 earnem,
1614 1621 1648 1680 et
1681 1619 1855 1695 diabolum,
1883 1625 1942 1682 uta

353 1734 411 1780 cor
423 1722 582 1789 terreum,
596 1719 683 1780 sicut
697 1719 849 1780 oleumiu
861 1717 1007 1788 ossibus,
1018 1716 1150 1793 quande
1206 1714 1305 1790 longe
1320 1731 1435 1776 eorum
1455 1716 1699 1791 praevideamus
1714 1717 1852 1778 insidias.
1867 1719 1943 1779 tolle

352 1831 473 1893 corpus
505 1815 651 1876 hominis
677 1815 717 1876 ad
742 1831 826 1891 opus
851 1815 1040 1890 iniquitatis
1067 1813 1151 1874 torte
1206 1827 1291 1889 equo
1311 1812 1389 1874 lorti
1410 1812 1491 1874 dicit
1507 1811 1571 1891 (39,
1589 1813 1658 1893 25.)
1676 1831 1696 1874 θ
1716 1815 1829 1876 Procul
1840 1815 1944 1876 odoratu

352 1915 497 1974 eflicitur
525 1915 558 1974 et
584 1912 776 1984 robustum,
803 1913 890 1973 sicut
913 1911 981 1973 alia
1010 1927 1150 1987 corpora
1205 1909 1341 1980 bellum,
1355 1910 1622 1972 exhortationem
1640 1911 1772 1984 ducum,
1790 1915 1820 1974 et
1836 1913 1944 1972 ululatun

353 2013 491 2072 strenua
518 2010 678 2086 potentia,
707 2010 739 2070 et
758 2009 965 2070 abundantia
983 2008 1151 2068 medulla·
1206 2007 1386 2069 exercitus.
1404 2007 1464 2068 Vir
1479 2008 1567 2068 enim
1584 2007 1768 2070 instructus
1786 2010 1817 2070 iu
1834 2011 1891 2084 lege
1906 2012 1945 2068 lle

352 2125 438 2170 rum.
457 2107 521 2168 Sed
537 2107 686 2168 immittit
706 2109 793 2168 Deus
813 2107 924 2182 ignem
941 2106 1093 2167 caritatis
1115 2105 1150 2166 in
1206 2105 1288 2164 mini
1309 2104 1424 2182 procul
1440 2105 1601 2167 odoratur
1614 2105 1752 2178 bellum,
1766 2108 1836 2183 quia
1852 2123 1866 2166 a
1884 2107 1944 2179 louge
1988 2173 1989 2180 ἵ

351 2206 423 2267 haec
436 2220 525 2276 ossa,
540 2206 619 2281 quia
635 2203 830 2266 dissolutam
849 2219 891 2264 ex
905 2219 993 2280 aqua
1006 2204 1148 2264 mentem
1206 2201 1270 2262 sihi
1291 2201 1443 2279 providet
1464 2219 1484 2263 a
1502 2203 1747 2264 tentationibus
1770 2203 1945 2278 diabolique
1988 2187 1989 2192 ’

352 2303 549 2365 consolidat.
568 2302 651 2374 Quia
666 2301 730 2362 hoc
743 2301 870 2363 lecerat
886 2301 964 2364 huic
981 2300 1150 2378 propheta
1205 2314 1392 2376 percausas
1402 2300 1640 2375 praecedentes,
1648 2318 1724 2377 quae
1732 2302 1869 2364 vitiorum
1877 2315 1945 2375 pugn
1988 2333 1989 2366 1

350 2400 544 2472 hausides
571 2399 653 2461 dicit
672 2415 679 2454 :
697 2400 793 2462 mesu
818 2403 933 2476 tpuem
957 2403 994 2460 tu
1018 2401 1150 2460 osethus
1205 2396 1439 2474 subsequatur,
1454 2398 1616 2472 agnoscit.
1632 2399 1946 2461 Erchortattoueutdu·

352 2503 451 2572 uwts,
464 2499 497 2560 et
509 2497 661 2559 erudivit
675 2513 741 2558 me.
1204 2510 1282 2554 oum
1297 2496 1396 2556 vocat
1408 2493 1610 2560 desiderium
1626 2497 1839 2572 quorumdam
1850 2497 1948 2570 peccatu
1988 2481 1989 2484 ’

394 2597 572 2657 Estautem
585 2594 673 2670 ignis
686 2595 751 2656 iste
765 2594 821 2653 lex
833 2593 977 2664 Domini,
988 2592 1151 2670 quaellgat
1205 2607 1294 2663 rum,
1321 2593 1378 2668 qui
1405 2592 1467 2653 suh
1494 2593 1637 2669 quodam
1667 2594 1831 2654 velamine
1856 2589 1948 2652 rahous

352 2692 453 2770 pedes
473 2692 630 2763 hominis
655 2691 784 2752 scilieet
799 2689 939 2752 affectus
955 2691 1087 2758 mentis,
1108 2705 1150 2751 ne
1205 2689 1421 2765 decipiuntur
1443 2711 1450 2750 :
1475 2693 1540 2750 Per
1572 2690 1739 2752 ululatum
1765 2707 1852 2760 vero,
1871 2689 1910 2764 qui
1925 2685 1949 2746 ul

355 2789 538 2853 surrentin
552 2791 721 2866 peecatum
732 2805 739 2861 ;
752 2787 839 2848 unde
853 2788 1004 2864 sequitur
1015 2789 1050 2848 in
1064 2803 1151 2864 prae·
1206 2785 1294 2846 ieras
1307 2786 1558 2848 irrationabiles
1573 2789 1732 2863 pertinet,
1755 2787 1891 2862 intelligit
1904 2797 1949 2860 pu·

355 2889 442 2950 dicta
460 2886 658 2949 auctoritate
670 2885 834 2948 ieremias
847 2902 884 2946 :e
900 2885 1066 2962 Expendit
1080 2885 1151 2945 rete
1206 2886 1291 2954 cata,
1307 2900 1381 2960 quae
1394 2885 1535 2945 rationis
1548 2885 1703 2946 velamen
1720 2901 1786 2946 non
1799 2880 1949 2952 hahentsel
1988 2879 1989 2914 l

357 2985 495 3062 pedihus
535 2985 636 3054 meis,
667 2983 832 3045 convertit
861 2999 914 3044 me
943 2985 1149 3045 retrorsum:
1207 2961 1950 3060 omniabestialiasunt.Contra'hujusnodtrir

359 3083 470 3160 posuit
484 3097 537 3142 me
550 3081 746 3152 desolatam,
761 3081 828 3142 tota
844 3079 897 3140 die
910 3095 1054 3142 moerore
1069 3096 1152 3141 con-

1206 3078 1389 3140 instructus
1404 3082 1572 3156 praecavet
1585 3096 1644 3156 per
1661 3080 1772 3158 legem
1788 3079 1905 3142 Domini.
1916 3072 1951 3134 l'el

353 3181 519 3240 l'eotam.»
553 3178 715 3255 Loquitur
741 3179 905 3254 Propheta
937 3179 972 3237 in
1002 3193 1146 3254 persona
1207 3193 1266 3252 per
1278 3192 1399 3254 equum
1414 3176 1544 3249 sortem
1561 3178 1734 3240 homiuem
1749 3180 1909 3240 virtuosum
1918 3173 1951 3232 iu-

353 3274 559 3348 Jerusalem,
583 3276 635 3334 vel
660 3273 835 3345 Ecclesiae,
867 3273 939 3334 sive
968 3273 1152 3349 cujuslibet
1205 3274 1400 3350 telligimus,
1417 3276 1450 3336 et
1464 3276 1717 3351 praevidentem,
1732 3278 1789 3355 qui
1803 3276 1885 3350 longe
1896 3285 1951 3347 pra·
1988 3275 1989 3358 ζ

353 3373 460 3434 fidelis
478 3371 610 3432 animae.
625 3371 711 3431 Dicit
725 3386 805 3446 ergo
821 3392 827 3430 :
846 3372 968 3432 Posuit
983 3373 1070 3442 rete,
1086 3371 1150 3432 eto.

354 3471 472 3544 Piscis,
482 3469 618 3531 valaris
629 3470 744 3545 eaptus
756 3471 838 3537 rete,
847 3469 942 3529 exire
955 3484 1021 3528 non
1032 3470 1150 3544 potest.

355 3569 410 3630 Sic
436 3567 557 3628 divinae
577 3567 728 3628 caritatis
749 3566 828 3642 igne
847 3568 1020 3646 correptus
1039 3566 1150 3635 homo,

353 3666 544 3728 incenditur
557 3665 598 3726 ad
613 3678 713 3740 opera
726 3663 825 3737 hona,
841 3664 882 3724 ad
900 3663 988 3724 mala
1005 3679 1071 3725 non
1091 3680 1152 3740 po-

351 3766 418 3825 test
437 3763 564 3840 pedem,
581 3761 668 3823 idest
686 3761 843 3823 affectum
859 3761 981 3823 mentis
1003 3776 1149 3822 movere.

352 3861 469 3922 ,Multis
479 3861 590 3920 autem
606 3873 666 3933 per
676 3857 961 3934 pradicationem,
975 3860 1008 3919 et
1028 3857 1151 3918 honum

353 3956 618 4020 conversationis
630 3954 818 4032 exemplum
831 3955 1038 4032 proponitur,
1050 3958 1084 4016 et
1097 3971 1153 4016 ex·

353 4055 500 4116 tenditur
511 4055 592 4114 rete.
607 4051 672 4112 Sed
693 4053 972 4126 uestrujucttur
982 4053 1057 4114 rete
1070 4053 1151 4114 oute

353 4157 466 4214 ocutos
490 4151 725 4224 pennatorum
754 4148 867 4227 (Pseu.
897 4151 925 4222 1,
957 4149 1035 4228 17),
1066 4149 1152 4211 idest

353 4249 431 4310 ante
444 4263 513 4321 eos,
526 4246 583 4324 qui
598 4245 749 4306 iecerunt
765 4245 829 4306 sibi
846 4262 985 4322 pennas,
1003 4249 1039 4308 nt
1053 4247 1151 4307 vola-

352 4347 428 4408 rent
451 4345 492 4406 ad
515 4343 696 4421 quamlibet
721 4344 921 4418 vanitatem
941 4345 994 4405 vel
1016 4345 1151 4421 pennati

352 4441 1151 4519 sunt,idestmundivanitateillecti,quidifflcile

350 4543 546 4614 trahuntur3
568 4556 642 4601 cum
668 4539 727 4599 alii
757 4538 797 4599 de
822 4540 968 4616 peccatis
995 4540 1151 4600 maximis

353 4640 600 4708 convertantur,
618 4638 650 4698 et
665 4637 728 4698 hoc
746 4652 806 4712 per
824 4638 931 4712 legem
946 4636 1058 4704 istam,
1077 4653 1151 4698 eum

353 4737 435 4799 dicit
453 4757 460 4797 :
478 4753 497 4796 ι
516 4734 687 4796 Convertit
711 4749 763 4794 me
791 4736 984 4795 retrorsum.
1004 4751 1023 4793 e
1044 4735 1151 4796 Maria

354 4833 552 4912 Magdalene
573 4847 743 4894 conuerso
762 4833 959 4892 retrorsum
978 4833 1064 4892 cidit
1081 4837 1152 4893 De-

354 4937 489 4994 mtnum
504 4929 614 5010 (toan.
630 4930 681 5003 20,
698 4927 763 5005 14.)
776 4928 839 4990 Sed
850 4931 1006 5005 peccator
1018 4929 1152 4991 dorsum

355 5029 481 5091 habens
505 5043 571 5090 non
600 5027 691 5089 videt
714 5042 807 5095 eum,
836 5041 1017 5087 conversus
1041 5032 1152 5088 autem

355 5126 446 5190 videt
457 5142 543 5187 eum.
560 5128 628 5187 Hoc
637 5126 751 5186 autem
762 5123 842 5185 lacit
852 5124 918 5195 lex,
933 5125 1004 5185 sive
1017 5125 1150 5197 caritas,

355 5223 396 5285 de
411 5238 475 5300 qua
491 5224 610 5284 iterum
626 5222 728 5283 dicit:
745 5223 869 5283 Posuit
883 5235 939 5282 rue
954 5223 1151 5284 desolatum.

355 5318 547 5392 Desolatur,
573 5319 704 5396 quando
738 5319 894 5381 solatium
926 5319 957 5380 ei
990 5319 1151 5392 aufertur,

356 5418 442 5500 quod
459 5417 513 5488 ut,
529 5432 603 5478 cum
620 5432 679 5493 per
696 5417 879 5479 sententias
894 5416 1151 5496 scripturarum,

392 5607 433 5675 tt)
453 5603 539 5675 vulg.
554 5617 561 5660 :
577 5599 756 5673 iniquitatem
770 5608 858 5660 tuam.

1206 3372 1298 3433 videt
1307 3371 1443 3444 diaboli,
1456 3372 1490 3434 et
1499 3375 1611 3434 carnis
1622 3375 1779 3446 insidias,
1790 3374 1820 3436 ei
1831 3369 1952 3433 insultun.
1988 3359 1989 3388 ¹

1207 3473 1271 3530 Per
1290 3472 1458 3532 leuatum
1472 3472 1666 3543 coercitus,
1684 3488 1816 3549 grossa,
1836 3473 1864 3532 et
1878 3467 1953 3542 aperta

1207 3567 1314 3642 mala;
1331 3583 1405 3644 quae
1427 3569 1539 3629 omnia
1568 3573 1710 3646 superat
1734 3567 1954 3647 prudensetu·

1206 3665 1302 3743 piens
1331 3664 1429 3726 homo
1457 3681 1516 3743 per
1544 3667 1632 3727 hanc
1660 3667 1787 3744 legem3
1820 3681 1881 3744 quae
1907 3657 1954 3720 tacit
1988 3671 1989 3710 l

1206 3763 1319 3834 etiam,
1337 3765 1373 3823 ut
1394 3779 1600 3840 superemus,
1624 3767 1658 3827 et
1676 3781 1789 3841 suaper
1807 3777 1905 3828 munes
1917 3759 1954 3818 dl-

1206 3861 1320 3922 cerates
1335 3860 1564 3936 intelligamus
1580 3861 1835 3934 oblectationes,
1848 3878 1864 3922 a
1877 3855 1954 3935 quitus
1988 3871 1989 3946 3

1207 3957 1326 4020 docent
1339 3973 1400 4020 nos
1414 3958 1488 4019 salsi
1503 3959 1672 4036 prophetae
1683 3977 1756 4022 non
1768 3961 1912 4022 recedere.
1923 3953 1956 4012 te

1206 4057 1314 4132 gitant
1332 4057 1420 4118 enim
1441 4057 1536 4118 multi
1554 4059 1643 4134 apud
1665 4075 1717 4131 se,
1739 4061 1773 4120 et
1796 4049 1954 4134 prophetant

1207 4169 1243 4215 se
1255 4156 1416 4215 venturos
1429 4155 1471 4216 ad
1486 4155 1730 4231 poenitentiam,
1745 4155 1868 4234 quando
1879 4161 1956 4212 senne

1206 4252 1285 4322 rint,
1301 4253 1335 4312 et
1350 4267 1386 4312 se
1402 4267 1511 4328 posse,
1532 4252 1682 4328 quaudiu
1699 4257 1780 4316 sunt
1791 4253 1924 4314 viventes,
1936 4244 1954 4300 il

1208 4349 1367 4418 lasciviis,
1385 4351 1418 4409 et
1435 4349 1580 4410 luxuriis
1596 4365 1809 4426 permanere.
1829 4341 1958 4411 Ethoete·

1206 4446 1396 4506 tuissimum
1408 4449 1457 4506 est
1467 4469 1475 4522 ;
1486 4447 1573 4507 unde
1588 4449 1747 4509 Jeremiae
1761 4449 1795 4509 in
1811 4437 1956 4512 Thmuistt·
1979 4499 1981 4507 .

1208 4542 1277 4620 itt:
1302 4543 1509 4620 «Prophetae
1549 4544 1597 4606 tui
1634 4545 1795 4608 viderunt
1820 4543 1874 4606 tihi
1898 4537 1958 4598 lue,
1988 4589 1989 4620 ,

1207 4643 1240 4700 et
1267 4641 1380 4711 stulta,
1402 4657 1464 4702 nec
1492 4641 1689 4718 aperiebant
1718 4643 1781 4704 tihi
1812 4635 1956 4715 iniquitate

1207 4735 1348 4816 tuas(l),
1359 4740 1394 4798 ut
1408 4740 1440 4799 te
1462 4738 1503 4798 ad
1519 4733 1754 4815 poenitentiam
1771 4731 1956 4817 provocarent

1207 4827 1957 4913 videruntautemtihiassumptionesetdejeetie

1208 4948 1267 4992 nes
1285 4930 1344 5011 (2).
1357 4949 1375 4992 s
1389 4933 1588 5008 Hujusmodi
1605 4935 1794 5010 prophetiae
1809 4934 1890 4995 falsae
1904 4923 1958 4987 sunt.

1208 5045 1290 5106 quas
1312 5029 1374 5089 sihi
1390 5029 1518 5092 iaciunt
1537 5032 1561 5091 ii
1577 5031 1748 5103 docentes,
1770 5035 1805 5092 et
1818 5027 1891 5090 nihil
1902 5015 1958 5083 aliut

1209 5129 1296 5197 suut,
1312 5127 1377 5186 nisi
1393 5128 1544 5204 quaedam
1558 5130 1806 5206 assumptiones
1816 5127 1854 5189 ad
1865 5125 1960 5185 daune

1208 5225 1343 5296 tionem,
1369 5226 1401 5289 et
1425 5225 1628 5302 dejectiones
1657 5225 1700 5287 ah
1733 5231 1855 5289 aeterna
1880 5217 1959 5280 salute

1210 5323 1316 5398 Super
1330 5324 1441 5383 autem
1456 5323 1519 5384 hos
1540 5324 1696 5385 docentes
1712 5325 1796 5388 iacit
1809 5339 1864 5384 nos
1877 5310 1961 5378 nell·

1208 5421 1324 5496 gentes
1339 5419 1394 5480 lex
1404 5421 1547 5492 Domini,
1573 5423 1607 5483 et
1621 5437 1725 5498 super
1740 5437 1847 5490 senes,
1858 5415 1903 5496 qui
1913 5409 1960 5469 sun
1988 5463 1989 5504 1

1247 5605 1287 5674 (²)
1310 5605 1395 5676 vulg.
1412 5621 1419 5661 :
1435 5605 1600 5678 ejectiones.
1634 5595 1637 5600 ’
