4204 6402
142 381 209 442 845
515 380 638 442 PARS
668 377 1110 440 Phlmh.-uxrosrr1o
1139 373 1186 436 IN
1213 371 1414 435 Psanites.
1727 371 1787 430 846

145 537 249 615 quasi
263 533 441 599 locustas»
454 535 540 616 (Job.
554 535 863 615 39,20)liustusin
878 535 942 596 boc
997 533 1120 610 ligitur,
1146 533 1310 596 commota
1333 531 1444 603 merit,
1470 545 1536 590 non
1551 529 1603 591 est
1622 527 1742 589 mirum
1757 526 1787 588 si

145 647 276 696 morem
290 631 427 696 locustae
441 633 538 708 gerit,
555 634 633 710 quia
656 633 742 694 sicut
763 633 890 709 locusta
906 631 941 692 in
996 647 1089 693 mens
1104 631 1249 692 humana
1261 646 1321 690 suo
1335 626 1566 705 compatiendo
1577 624 1788 701 Redemptorl

146 745 248 791 mane
266 729 385 807 torpet,
401 730 435 791 ei
448 730 555 812 magis
571 731 606 790 in
621 729 751 790 fervore
766 729 845 803 diei,
861 729 894 790 et
907 729 942 788 ln
996 727 1191 792 conturbata
1226 727 1281 794 sn,
1318 728 1351 788 et
1388 725 1567 798 commota3
1607 739 1682 783 cum
1715 723 1786 798 ipso

147 828 266 888 aestate
292 826 326 886 in
365 825 478 888 volatu
511 841 571 887 suo
603 826 722 899 l'e'rvet3
753 825 802 886 sic
831 825 941 899 iustus
996 825 1127 886 Christo
1149 824 1313 886 moriente
1334 839 1353 882 c
1373 821 1469 883 lactas
1482 821 1549 882 sint
1562 819 1708 881 tenebrae
1726 834 1787 879 su-

148 924 275 1000 quanto
289 921 407 982 lortius
420 923 600 998 insurgunt
613 921 864 984 tribulationum
879 921 943 980 im·
996 937 1056 997 per
1074 922 1197 984 terram
1214 919 1358 998 (Matth,
1374 923 1424 990 27,
1441 916 1494 996 45)
1518 915 1788 978 :«0btenebrata

148 1021 268 1096 petus,
297 1019 389 1079 tanto
416 1017 586 1080 robustius
615 1018 655 1079 ad
685 1018 753 1078 alta
781 1018 941 1100 virtutum
996 1033 1077 1092 ergo
1097 1018 1194 1094 plena
1210 1017 1264 1078 die
1278 1017 1433 1078 clarltate
1450 1015 1542 1086 solis,
1564 1029 1629 1076 non
1651 1014 1702 1075 est
1721 1013 1787 1074 mi-

147 1115 337 1177 avolansin
353 1113 549 1176 sustinendo
564 1129 600 1175 se
615 1115 760 1175 exercet.
995 1129 1081 1185 rum,
1107 1114 1136 1174 si
1162 1114 1203 1176 ad
1232 1113 1497 1176 recordationem
1526 1111 1625 1185 hujus
1650 1110 1789 1172 obtene-

192 1212 349 1288 Sequitur
374 1211 414 1272 de
438 1211 635 1272 constantia.
665 1209 856 1272 Constantia
881 1223 943 1268 au·
996 1210 1111 1272 bretur
1125 1211 1260 1274 claritas
1273 1211 1390 1284 gloriae
1409 1207 1620 1284 temporalis;
1644 1208 1788 1270 maxime

147 1310 217 1372 tem
232 1308 283 1370 est
296 1307 426 1370 stabilis
438 1307 548 1370 animi·
556 1306 709 1378 firmitas,
721 1307 753 1368 et
767 1308 801 1367 in
815 1321 940 1385 propo·
997 1323 1071 1370 cum
1094 1306 1271 1384 recogitet:
1289 1307 1324 1368 Si
1348 1307 1385 1368 in
1404 1305 1504 1367 uiridi
1527 1304 1628 1378 ligno,
1652 1303 1737 1366 idest
1754 1304 1789 1364 in

149 1407 215 1469 sito
228 1419 463 1482 perseverans3
481 1404 568 1465 unde
583 1403 644 1466 Job
659 1401 722 1482 (39,
746 1401 803 1481 21)
825 1425 832 1462 :
855 1407 940 1464 Ter·
996 1405 1138 1472 Christo,
1154 1405 1190 1466 ln
1206 1420 1270 1482 quo
1285 1404 1415 1464 nullum
1430 1404 1613 1479 peccatum,
1639 1401 1715 1477 quid
1734 1400 1790 1462 liet

149 1517 230 1564 ram
244 1507 372 1578 nnpnic
388 1503 490 1575 fodit·
520 1501 614 1577 quasi
630 1500 718 1586 dicat
735 1517 742 1559 :
759 1500 794 1560 Si
817 1501 941 1562 terram
995 1504 1031 1564 in
1047 1502 1140 1564 arido
1161 1501 1286 1580 (Lucae,
1303 1503 1354 1572 23,
1376 1498 1443 1578 31),
1464 1499 1550 1561 idest
1562 1499 1597 1560 in
1615 1499 1788 1575 peccatore

151 1598 275 1674 ungula
299 1613 366 1658 non
392 1595 536 1669 lederet,
564 1597 668 1658 animi
692 1595 847 1657 firmitate
874 1611 941 1656 non
996 1599 1037 1660 ab
1053 1600 1143 1661 omni
1166 1599 1305 1660 humore
1319 1597 1436 1673 gratiae
1457 1597 1634 1667 desiccato,
1648 1595 1706 1673 qui
1724 1595 1789 1658 cito

150 1695 348 1771 praevaleret
363 1715 371 1754 ε
388 1693 615 1756 Constantiam
630 1694 718 1754 enim
735 1692 868 1758 amittit,
885 1692 941 1767 qui
996 1696 1203 1758 consumitur
1219 1696 1353 1756 llamma
1368 1694 1558 1770 gehennali.

149 1791 357 1852 terrenarum
370 1805 481 1851 rerum
497 1804 643 1852 amorem
659 1788 798 1860 sortiter,
815 1789 848 1848 et
862 1787 942 1848 dna·
1035 1793 1194 1867 Signatur
1224 1793 1334 1852 autem
1358 1806 1452 1852 mens
1484 1789 1629 1852 hominis
1655 1788 1789 1850 nomine

149 1887 227 1950 liter
240 1903 307 1948 non
319 1887 462 1963 repellit.
477 1887 566 1947 Talis
582 1887 632 1948 est
644 1885 813 1955 tortitudo,
825 1885 940 1960 eteius
995 1901 1102 1967 aqum,
1118 1888 1248 1949 undein
1264 1888 1445 1964 Evangelio
1465 1885 1589 1962 (ioan,
1606 1889 1635 1958 5,
1652 1888 1683 1956 2,
1699 1885 1739 1946 ad
1754 1882 1789 1962 4)

130 1979 288 2059 species.
307 1983 370 2044 Sed
384 1984 462 2060 quia
484 1998 618 2044 carmen
640 1983 703 2044 hoc
721 1997 839 2058 parum
858 1995 939 2057 pro·
995 1986 1118 2062 legitur
1139 1985 1180 2046 de
1203 1988 1358 2056 Piscina,
1386 1999 1460 2062 quai
1482 1982 1625 2044 hahebat
1643 1982 1789 2058 quinque

150 2078 246 2150 derit,
263 2079 329 2140 nisi
341 2079 414 2155 quis
427 2079 723 2151 eamcustodierlt;
738 2077 940 2154 etquiasine
994 2083 1154 2158 porticus,
1180 2081 1215 2142 in
1235 2081 1356 2158 quibus
1373 2080 1508 2157 jacebat
1526 2078 1701 2141 multitudo
1713 2073 1789 2138 lan-

150 2176 215 2236 Deo
229 2175 344 2250 nequit
355 2174 525 2246 custodiri,
542 2174 624 2236 dicit
635 2174 820 2251 Propheta:
835 2175 941 2236 «For-
994 2179 1165 2253 guentium
1185 2177 1432 2254 expectantium
1450 2192 1545 2254 aquae
1561 2184 1696 2244 motum,
1713 2190 1787 2251 quaa

148 2271 322 2332 titudinem
332 2271 939 2346 maamadtecustodiam,»tanquam
994 2275 1096 2336 motio
1132 2274 1231 2336 tiebat
1267 2275 1309 2334 ad
1351 2274 1546 2334 descensum
1587 2272 1718 2346 Angeli,
1756 2271 1789 2332 st

149 2367 187 2428 ad
200 2368 363 2444 radicem
375 2366 455 2445 quia
470 2367 557 2429 siout
573 2368 863 2429 radix‘conservat
875 2382 935 2428 ar·
994 2373 1068 2446 post
1082 2371 1259 2432 motionem
1283 2385 1378 2446 aquas
1397 2368 1602 2430 sanabantur
1624 2367 1786 2442 languidi.

148 2464 270 2536 berem,
293 2466 342 2526 sic
365 2464 596 2526 misericordia
622 2465 754 2526 Domini
779 2463 940 2540 praevenit
993 2470 1097 2544 Aqua,
1124 2469 1159 2530 ut
1185 2467 1310 2528 dicium
1336 2468 1398 2538 est,
1425 2481 1519 2525 mens
1546 2463 1691 2524 hominis
1710 2463 1785 2524 est:

149 2559 283 2634 fortem,
310 2562 344 2623 et
373 2561 551 2623 conservat
577 2560 759 2622 tortiorem.
795 2561 830 2622 Sl
858 2575 938 2636 ergo
992 2567 1145 2634 Piscina,
1167 2579 1288 2640 corpus
1303 2583 1310 2622 ε
1327 2567 1476 2636 qninqnc
1495 2562 1660 2636 porticus,
1681 2559 1786 2636 quin,-

149 2657 234 2734 apud
249 2659 369 2734 ipsum,
390 2659 549 2735 tauquam
569 2656 670 2719 arbor
689 2657 776 2734 apud
791 2658 937 2718 radicem
993 2677 1057 2737 que
1077 2675 1196 2721 sensus
1213 2661 1416 2721 :multitudo
1438 2659 1687 2736 magnentium,
1711 2655 1787 2718 ani-

149 2769 213 2816 non
226 2755 420 2826 custoditur,
439 2755 556 2832 procul
568 2754 668 2816 dubio
679 2755 811 2826 arescit,
822 2755 954 2820 eicon,
992 2772 1046 2820 ma
1069 2755 1192 2818 inlecta
1216 2755 1427 2818 multitudine
1452 2755 1674 2831 peccatorum.
1690 2753 1785 2814 Dici-

149 2851 299 2914 sumitur.
991 2853 1046 2914 tur
1068 2853 1179 2915 autem
1204 2853 1315 2916 anima
1339 2853 1513 2927 languens,
1539 2852 1573 2912 et
1598 2850 1633 2910 in
1655 2850 1786 2926 porticu

987 2951 1112 3025 jacere.
1127 2949 1256 3027 quoties
1282 2949 1445 3023 contingit
1464 2963 1538 3009 eam
1557 2963 1618 3024 per
1639 2947 1784 3023 aliquem

416 3029 555 3090 SERMO
577 3028 671 3088 GVH·
973 3033 1126 3108 'sensum
1154 3062 1304 3122 peccare.
1335 3046 1429 3110 Unde
1462 3044 1594 3105 Nahum
1620 3042 1671 3121 (3,
1700 3042 1781 3122 13):

165 3167 204 3221 Do
219 3165 384 3236 poenitentia
406 3171 434 3222 ct
454 3163 596 3237 quomodo
619 3178 670 3236 per
693 3165 917 3222 commotionem
990 3142 1243 3218 (ᾹᾶθΡθΓῧθῦθ
1263 3143 1451 3219 pandentur
1465 3141 1568 3218 P01'tae
1584 3140 1683 3202 tffi'ae
1703 3140 1781 3212 tuae,

422 3253 657 3314 sanaturanima.
990 3239 1163 3306 devorabit
1197 3239 1285 3316 ignis
1318 3239 1429 3301 vectes
1464 3239 1550 3300 titos.
1575 3254 1595 3298 n
1623 3238 1785 3315 Loquitur

148 3388 364 3448 commovisti
383 3388 528 3462 terrani,
549 3387 583 3448 ci
598 3389 811 3448 conturbasti
831 3403 909 3448 canc
924 3406 935 3446 .·
990 3336 1031 3397 ad
1065 3338 1206 3410 wae’
1246 3336 1333 3399 ¹d⁰st
1367 3351 1524 3406 ³¹¹¹¹¹¹⁸¹¹¹’
1554 3350 1628 3411 ‘1¹²ae
1662 3350 1784 3412 ⁸9⁰¹²³³

183 3484 525 3659 Ξζῗῖρξέῗίέξὶἴςω
543 3485 629 3555 ejus'
655 3487 736 3558 quia
765 3485 935 3545 commta
989 3529 1210 3603 gratuitorum
1226 3529 1260 3589 in
1276 3527 1440 3606 baptismo
1462 3532 1707 3604 susceptorum
1724 3528 1782 3588 sed

238 3623 245 3640 ¹
359 3623 366 3638 '
425 3623 476 3650 '⁶
990 3628 1105 3700 postea
1136 3625 1295 3686 insistens
1324 3626 1360 3684 in
1387 3623 1612 3699 voluptatibus
1641 3624 1784 3684 elioeml-

184 3721 344 3792 Ecclesia,
362 3736 435 3799 quae
449 3720 485 3781 in
497 3718 698 3796 praecedenti
711 3721 882 3780 Dominlca
898 3719 932 3779 in
988 3720 1097 3790 natur,
1129 3723 1162 3781 et
1190 3705 1305 3796 portas
1338 3733 1495 3780 sensuum
1534 3718 1642 3794 aperit
1673 3719 1780 3791 vitiis,

144 3817 323 3890 anxietate,
339 3817 371 3878 et
385 3816 585 3878 contritione
607 3815 786 3877 constituta
809 3815 935 3877 clama·
988 3816 1022 3877 et
1044 3815 1260 3887 daemonibus,
1289 3815 1407 3890 quibus
1434 3815 1570 3890 apertis,
1595 3817 1686 3890 ipnis
1711 3831 1783 3891 pec·

145 3911 934 3994 uerat(Psal.17,5et6):scircumdederuntme
989 3912 1065 3983 cati,
1085 3914 1118 3973 et
1140 3915 1233 3988 ignis
1253 3910 1376 3974 diaboli
1397 3911 1535 3973 devorat
1557 3913 1680 3984 vectes,
1696 3912 1783 3975 idest

144 4012 283 4085 gemitus
299 4010 345 4090 (1)
362 4011 489 4081 mortis,
503 4000 635 4070 dolores
657 4009 780 4070 inlernl
796 4010 934 4070 circum·
987 4007 1034 4068 ita
1056 4008 1142 4070 bona
1161 4008 1307 4084 gratuita
1331 4007 1451 4078 aufert,
1476 4007 1509 4068 et
1526 4008 1694 4072 naturalia
1718 4008 1780 4070 de-

143 4106 303 4169 dederunt
320 4124 373 4168 me
395 4106 456 4186 (2),
473 4124 492 4167 r
512 4106 609 4168 modo
629 4105 934 4168 clamatadllomi-
987 4104 1106 4176 bilitat,
1130 4121 1189 4182 per
1209 4119 1282 4182 qum
1304 4105 1418 4181 posset
1439 4104 1595 4166 claudere
1619 4107 1717 4180 ostia,
1739 4121 1781 4168 ne
1860 4107 1863 4114 '

143 4220 220 4264 num
235 4204 405 4266 humiliter
419 4226 426 4263 ε
441 4207 535 4268 Scna
547 4203 773 4265 contritiones
790 4206 876 4274 ejus.
893 4204 933 4264 ut
987 4202 1114 4278 pateret
1135 4202 1292 4264 introitus
1314 4201 1471 4274 inimicis,
1489 4218 1554 4279 quo
1569 4201 1656 4264 iacto
1670 4219 1782 4266 rema-

143 4301 264 4375 optlme
286 4301 420 4382 allegat,
449 4315 552 4377 quare
576 4315 698 4362 sanare
723 4299 852 4366 debeat,
876 4299 931 4360 di·
987 4297 1044 4360 net
1058 4298 1170 4360 anima
1184 4298 1354 4374 languida,
1372 4302 1405 4360 el
1421 4299 1563 4375 spoliata
1585 4300 1778 4373 virtutibus,

143 4409 220 4456 cens
236 4417 244 4454 ε
260 4397 504 4457 «commovisti
521 4397 657 4468 terram,
681 4396 714 4458 et
728 4395 931 4458 conturbasti
986 4395 1019 4456 et
1040 4396 1075 4457 ln
1090 4395 1299 4458 naturalibus
1313 4395 1501 4458 vulnerata.
1526 4397 1702 4458 Descendit
1718 4413 1781 4456 au-

141 4505 214 4550 eam
231 4511 239 4550 ε
255 4505 337 4552 sana
352 4490 566 4552 contritiones
579 4495 662 4568 ejus,
677 4493 757 4568 quia
769 4494 932 4554 commota
986 4493 1052 4553 tem
1076 4492 1222 4567 Angelus
1245 4493 1281 4552 in
1296 4493 1472 4570 piscinam,
1496 4491 1667 4554 descendit
1686 4494 1781 4554 scili-

142 4586 739 4664 est;»quasldicat:Sanaredebes,
756 4590 933 4665 quiacom·
986 4589 1059 4660 cet,
1085 4588 1118 4652 et
1145 4589 1298 4650 movetur
1325 4603 1429 4663 aqua,
1468 4587 1600 4663 quando
1634 4588 1778 4663 Spiritus

141 4685 230 4746 mota
250 4685 312 4755 est,
338 4684 371 4745 et
390 4681 542 4757 signatur
562 4697 621 4758 per
647 4684 710 4743 hoc
735 4686 931 4760 poenitentla
988 4684 1128 4746 Sanctus
1145 4687 1288 4746 mentem
1308 4683 1455 4745 concutit
1475 4684 1594 4747 timore
1609 4683 1778 4756 uindictae,

140 4780 335 4858 peccatoris.
358 4782 394 4840 In
417 4777 639 4842 commotione
664 4779 773 4850 terrae,
798 4779 831 4840 et
850 4795 925 4840 con·
986 4783 1019 4842 et
1038 4782 1167 4844 terrore
1188 4781 1362 4856 gebenna,
1386 4781 1419 4842 et
1435 4781 1483 4842 sic
1503 4782 1655 4842 movetur
1678 4797 1775 4858 aqua.

139 4877 329 4940 turbatlone
342 4875 494 4953 signatur
508 4889 602 4936 mens
616 4873 774 4948 hnmana,
790 4875 932 4952 quaedil-
985 4878 1025 4940 nt
1039 4878 1128 4948 nota,
1145 4877 1230 4955 quod
1246 4878 1333 4940 sicut
1347 4877 1487 4954 piscina,
1503 4877 1696 4965 priusquam
1711 4895 1778 4944 mo-

140 4973 227 5035 flcils
253 4975 414 5044 movetur,
441 4973 478 5034 ut
499 4973 601 5034 terra.
628 4971 689 5032 Sed
713 4987 788 5032 cum
809 4987 830 5032 a
851 4987 931 5034 voce
985 4975 1113 5046 ventur,
1138 4973 1309 5050 limpidam
1333 4974 1434 5035 habet
1456 4987 1576 5049 aquam
1601 4974 1635 5034 in
1656 4990 1777 5054 super-

139 5072 271 5132 Domini
289 5061 464 5132 clamantis
486 5069 521 5129 in
536 5083 636 5130 cruce
652 5067 755 5139 terra,
772 5083 845 5145 quaa
867 5067 933 5130 dii·
986 5070 1071 5142 licie,
1096 5070 1248 5132 limosam
1275 5069 1446 5140 infundo,
1470 5085 1529 5146 per
1550 5071 1779 5136 conturbatio·

140 5167 227 5231 llcile
247 5167 409 5242 movetur,
430 5166 464 5229 et
483 5165 618 5230 immota
634 5163 769 5242 proprio
784 5164 930 5241 pondere
985 5183 1060 5228 nem
1084 5181 1165 5261 yero
1185 5168 1255 5230 tota
1274 5165 1422 5255 afficitur
1439 5165 1658 5240 turbulenta,
1673 5171 1707 5232 et
1729 5171 1776 5230 li·-

176 5377 201 5446 (l
238 5376 323 5449 Vulg.
339 5391 346 5432 ε
360 5374 481 5433 dolores.
984 5374 1110 5448 gemitus
1129 5375 1239 5444 mortis,
1263 5374 1383 5432 dolores.
1403 5374 1507 5433 inlerni
1529 5377 1777 5436 circumdederunt

174 5447 203 5520 (i
233 5445 485 5506 Circumdederunt
498 5460 556 5514 me,
571 5451 626 5502 etc.
644 5446 675 5502 ln
691 5443 758 5504 edit.
770 5444 860 5502 llam.
875 5445 929 5503 Pa·
984 5461 1042 5502 mc.
1056 5448 1088 5502 ln
1103 5445 1250 5502 Dominice
1267 5459 1335 5502 vero
1355 5447 1559 5520 sexagesimo,
1596 5505 1598 5510 ,
1617 5455 1644 5506 st
1662 5451 1774 5520 Episto-

138 5519 188 5575 rls.
204 5520 328 5591 Operum
341 5518 368 5573 S.
384 5516 513 5588 drogoni,
525 5524 594 5573 tom.
607 5515 635 5582 3,
648 5515 692 5572 col
716 5515 780 5584 666,
794 5528 829 5572 ac
844 5515 930 5572 etism
984 5517 1042 5576 lam
1065 5516 1170 5588 legitur
1192 5516 1331 5574 Tractus:
1352 5517 1547 5583 commovisti,
1572 5463 1700 5586 &minsa
1722 5527 1775 5578 ter·

139 5587 224 5646 hodie
242 5587 390 5646 tullissall
407 5587 546 5653 llomano,
563 5585 698 5646 lniroitus
718 5586 813 5646 tlissm
827 5585 857 5644 in
879 5587 931 5644 nc
984 5599 1057 5652 ram,
1072 5593 1101 5642 et
1117 5584 1291 5646 couturbasti
1306 5600 1371 5644 eam
1392 5601 1399 5642 ε
1422 5601 1493 5649 sana
1503 5588 1690 5647 contritiones
1700 5588 1781 5660 ejus„

137 5659 242 5718 mirica
258 5656 484 5731 septuagesima
494 5655 594 5729 incipit
604 5670 611 5712 :
622 5654 873 5718 Circumdederunt
884 5670 930 5712 mc
984 5656 1049 5734 qula
1060 5661 1137 5714 mota
1151 5662 1205 5728 est,
1218 5662 1272 5716 etc.

990 3432 1112 3494 dicitur
1138 3433 1270 3496 rationo
1300 3432 1504 3494 naturalium
1539 3431 1723 3502 habituum,
1750 3433 1784 3494 et
1915 3454 1916 3464 ¹
