4152 6388
316 346 375 408 175

317 507 473 570 admirati
502 481 680 584 plurimum
708 507 952 570 benedixerunt
979 511 1094 569 Deum.

357 604 551 666 euidolotus
574 602 614 665 de
637 607 669 664 S.
685 605 885 666 flaminiano
902 605 986 668 falso
1010 621 1111 666 accu-

317 704 409 764 satus
424 702 497 772 fuit,
512 701 599 778 quod
613 719 744 764 venerio
766 703 981 764 interemerat
995 719 1111 781 quern-

317 800 392 860 dam
407 800 529 869 virum,
555 800 588 861 et
602 799 689 876 quod
704 801 819 862 eodem
835 815 959 876 genere
982 801 1109 872 mortis,

317 896 421 956 illium
435 895 583 973 ejusdem
594 897 711 966 viriet
722 898 914 958 universam
928 901 1000 975 ojus
1014 897 1113 958 fami-

317 989 397 1054 liam
415 995 635 1071 proposuerat
649 1009 801 1055 enecare.
824 997 946 1072 Captus
960 995 1110 1071 proinde,

317 1091 516 1168 epotestate
533 1092 631 1152 terrae
652 1092 860 1167 gravissimis
883 1092 1026 1153 vinculis
1052 1108 1108 1167 ag-

317 1189 488 1264 gravatus,
513 1188 551 1248 in
579 1189 664 1249 torri
692 1189 834 1265 quatiam
869 1191 1020 1250 reclusus
1050 1191 1110 1250 est.

319 1288 394 1362 lpse
409 1301 489 1346 vero
504 1285 659 1348 fiduciam
676 1286 802 1347 habens
823 1287 858 1347 in
880 1289 1032 1354 Domino,
1052 1302 1114 1364 pro

319 1399 380 1444 sua
395 1383 597 1450 innocentia,
614 1399 712 1461 quam
727 1384 863 1456 sciebat,
879 1400 1014 1445 causam
1027 1399 1113 1445 com-

320 1479 410 1542 misit
424 1481 460 1540 B.
475 1481 646 1541 Francisci
662 1480 847 1557 patrocinio
857 1480 1110 1544 defendendam.

320 1579 539 1652 Excogitante
558 1577 660 1652 igitur
679 1577 851 1654 potestate,
877 1577 1023 1657 qualiter
1045 1579 1115 1640 cri·

321 1674 420 1734 minis
435 1675 554 1752 objecti
571 1673 813 1736 confessionem
826 1676 962 1738 eliceret
976 1693 1036 1753 per
1049 1677 1114 1738 tor·

320 1771 1114 1849 menta,qualibusquepoeniscoufessumfaceret

321 1868 471 1939 interire,
490 1869 586 1930 nocte
602 1868 672 1938 illa,
688 1885 763 1930 cum
779 1885 876 1930 mane
890 1869 931 1930 ad
947 1870 1114 1930 cruciatus

322 1965 457 2028 deberet
471 1965 602 2033 adduci,
620 1967 652 2025 S.
668 1966 838 2027 Francisci
850 1967 1027 2043 praesentia
1049 1982 1113 2027 ex-

322 2063 390 2125 titit
404 2048 573 2134 visitatum
596 2065 629 2124 et
643 2064 804 2124 immenso
831 2064 966 2124 luminis
987 2063 1115 2140 fulgore

324 2175 427 2238 usque
439 2177 535 2221 mane
550 2160 785 2234 circumdatus,
810 2163 1021 2238 repletusque
1037 2177 1115 2237 gau·

323 2257 378 2319 dio
393 2259 426 2320 et
439 2257 560 2318 fiducia
576 2258 690 2330 multa,
712 2259 923 2320 securitatem
947 2258 1115 2321 evasionis

324 2355 462 2432 accepit.
508 2356 723 2418 advenerunt
753 2373 850 2418 mane
884 2359 1047 2427 tortores,
1083 2362 1116 2418 et

324 2452 478 2516 eductum
492 2453 533 2514 de
547 2469 694 2518 carcere.
706 2454 847 2530 equuleo
859 2453 1113 2530 suspenderunt,

324 2554 545 2626 aggravantes
556 2566 739 2628 supereum
751 2552 1006 2627 multapondera
1017 2550 1113 2612 ferri:

325 2647 500 2722 Depositus
516 2649 567 2712 est
586 2647 756 2723 plurieset
768 2647 889 2709 iterum
903 2648 1064 2718 elevatus,
1081 2648 1117 2708 ut

325 2758 424 2822 poena
441 2759 548 2820 poenae
567 2745 775 2816 succedente,
797 2745 896 2806 citius
920 2745 960 2806 ad
986 2745 1117 2807 coufes-

326 2841 453 2908 sionem
476 2840 626 2902 criminis
650 2841 891 2917 adduceretur;
915 2843 972 2904 sed
997 2844 1116 2920 spiritu

325 2938 525 3000 innocentiae
567 2937 756 3012 laetabatur,
786 2940 822 3000 in
856 2940 950 3002 vultu
990 2940 1116 3002 nullam

325 3036 517 3098 moestitiam
527 3037 735 3112 praetendens
748 3037 783 3097 in
795 3037 917 3114 poenis;
931 3037 1049 3099 deinde
1059 3053 1118 3099 ao-

326 3149 447 3194 census
462 3136 512 3195 est
526 3133 682 3210 ignissub
698 3133 770 3211 ipso
785 3151 851 3196 non
863 3135 1013 3196 modicus
1031 3157 1038 3196 :
1056 3151 1117 3196 nec

325 3235 501 3308 propterea
527 3232 669 3308 capillus
693 3234 745 3293 est
767 3233 878 3305 laesus,
908 3249 983 3294 cum
1005 3233 1117 3294 tamen

326 3328 434 3405 capite
446 3328 647 3405 dependeret
660 3329 701 3390 ad
724 3330 859 3392 terram.
876 3330 1022 3392 Tandem
1043 3330 1119 3392 bul-

325 3424 513 3486 lienteoleo
529 3425 736 3502 superfusus,
752 3427 874 3490 virtute
898 3428 1042 3504 patroni,
1063 3427 1117 3488 cui

325 3537 361 3616 se
374 3523 585 3585 commiserat
599 3523 848 3597 defensandum,
862 3525 1055 3586 haecomnia
1067 3541 1119 3585 su·

325 3621 465 3697 peravit,
489 3622 522 3683 et
548 3621 596 3682 sic
624 3620 781 3684 dimissus
795 3621 880 3684 liber
901 3623 1013 3684 salvus
1037 3621 1117 3684 abs·

327 3718 440 3781 cessit.

433 3920 484 3979 De
500 3918 655 3979 liberatis
666 3931 689 3978 a
701 3921 856 3993 perteue
867 3918 1006 3992 partus.

365 4111 521 4183 Quaedam
546 4113 714 4173 comitissa
742 4112 776 4173 in
801 4112 997 4184 sclavonia,
1033 4115 1125 4174 sicut¹

326 4207 497 4270 nobilitate
513 4207 664 4278 illustris,
689 4208 737 4269 sic
766 4210 799 4269 et
825 4209 943 4270 aemula
972 4209 1121 4284 probita-

325 4305 381 4376 tis,
408 4319 487 4378 erga
521 4307 672 4364 sanctum
700 4305 916 4366 Franciscum
946 4306 1119 4367 devotione

326 4400 499 4478 flagrabat,
516 4416 596 4476 erga
619 4401 739 4462 fratres
754 4417 833 4462 vero
848 4401 963 4464 sedvrla
985 4403 1118 4478 pietate.

325 4503 486 4576 Tempore
498 4515 578 4560 vero
594 4499 719 4575 partus,
734 4499 835 4559 duros
849 4515 1004 4575 perpessa
1026 4501 1121 4562 dolo-

326 4615 398 4674 res,¹
408 4599 502 4659 tanta
517 4595 580 4657 fuit
594 4595 749 4672 angustia
765 4595 950 4668 molestata,
968 4602 1003 4658 ut
1018 4598 1120 4673 prolis

325 4697 457 4759 futurus
472 4697 564 4758 ortus
589 4709 737 4772 praesens
752 4694 920 4755 videretur
933 4696 1048 4757 matris
1063 4713 1121 4757 oc-

326 4809 434 4856 casus.
449 4796 523 4854 Non
538 4792 713 4854 videbatur
733 4791 893 4854 infantem
917 4792 999 4854 eniti
1023 4809 1120 4870 posse

325 4890 490 4960 advitam,
506 4889 569 4950 nisi
585 4890 756 4966 expiraret
768 4889 878 4960 evita,
891 4905 953 4950 nec
967 4890 1025 4951 tali
1037 4890 1120 4951 nixu

325 5003 462 5066 parere,
494 4987 550 5060 sed
592 4971 714 5063 perire.
752 4986 913 5049 Subveuit
933 4987 1026 5048 cordi
1047 4991 1120 5064 ejus

327 5089 360 5147 8.
370 5084 540 5146 Francisci
556 5083 772 5155 fama,virtus
780 5086 813 5146 et
823 5084 945 5160 gloria3
956 5084 1121 5146 excitatur

325 5183 418 5253 ildes,
433 5183 659 5242 inflammatur
680 5182 821 5242 devotio.
839 5182 1008 5243 Convertit
1027 5198 1063 5242 se
1079 5183 1119 5242 ad

325 5279 486 5346 auxilium
519 5277 655 5350 efficax,
687 5279 729 5339 ad
756 5278 857 5340 tldum
893 5279 1047 5351 amicum,
1078 5280 1119 5340 ad

325 5380 518 5442 devotorum
534 5375 700 5446 solatium,
718 5375 883 5454 refugium
898 5375 1118 5438 afflictorum:

326 5477 446 5538 Sancte
468 5473 659 5540 Francisce‚
684 5473 801 5548 inquit,
820 5473 935 5549 pietati
949 5475 1016 5534 tuae
1038 5489 1114 5549 sup·

325 5571 667 5654 plicantomniaossa
703 5586 787 5640 mea,
816 5571 850 5632 et
874 5573 983 5632 mente
1015 5587 1119 5632 voveo

327 5671 411 5762 quod
429 5670 600 5748 explicare
616 5683 682 5730 nou
699 5683 843 5758 possum.
865 5667 954 5742 Mira
966 5669 1120 5738 celeritas

747 349 801 410 ab
823 349 961 410 OPERA
983 349 1016 409 S.
1040 347 1260 412 FRANCISGI
1280 351 1507 412 asslslsrls

1901 349 1963 410 lvo

1164 509 1316 584 pietatis!
1344 509 1436 572 ainis
1460 509 1603 582 dicendi,
1621 508 1698 568 finis
1722 507 1785 570 fuit
1802 507 1962 582 dolendi;

1164 607 1369 682 parturiendi
1382 609 1480 678 meta,
1498 607 1649 684 pariendi
1663 605 1875 682 principium.
1891 608 1965 666 Sta-

1164 705 1223 766 tim
1244 705 1334 765 enim
1348 705 1438 766 omni
1459 707 1611 766 cessante
1633 718 1803 780 pressura,
1828 705 1964 778 partum

1165 801 1267 862 edidit
1282 819 1356 862 cum
1375 802 1493 863 saluta.
1511 803 1585 862 Non
1605 801 1667 862 fnit
1689 802 1864 862 immemor
1878 800 1964 870 voti,

1165 914 1230 959 non
1247 900 1406 975 propositi
1427 899 1542 975 refuga
1560 921 1566 958 :
1583 899 1764 960 Ecclesiam
1780 897 1963 975 quamdam

1166 995 1337 1071 pulchram
1353 996 1501 1058 construi
1515 996 1604 1067 fecit,
1621 997 1654 1058 et
1678 997 1905 1057 constructam
1920 995 1963 1054 ad

1166 1094 1272 1154 sancti
1285 1093 1442 1154 honorem
1459 1093 1617 1154 fratribus
1630 1093 1825 1168 assignavit.

1206 1191 1243 1250 ln
1277 1189 1426 1267 partibus
1460 1190 1629 1262 Romanis,
1659 1189 1781 1251 mulier
1808 1188 1964 1266 quaedam

1167 1287 1301 1348 Beatrix
1312 1287 1576 1358 nomine,vicina
1591 1288 1712 1364 partui,
1728 1303 1802 1348 cum
1816 1303 1879 1364 per
1890 1287 1965 1348 dies

1167 1386 1309 1460 quatuor
1336 1384 1450 1446 foetum
1468 1385 1503 1448 in
1525 1387 1642 1446 ventre
1665 1384 1966 1460 portaretextinc-

1166 1484 1246 1552 tum,
1264 1482 1377 1543 multis
1387 1481 1507 1544 infelix
1521 1482 1711 1558 agitabatur
1729 1482 1910 1558 augustiis,
1931 1483 1967 1542 et

1168 1577 1358 1638 exitialibus
1382 1577 1552 1640 doloribus
1581 1577 1774 1654 urgebatur.
1809 1580 1966 1639 Mortuus

1169 1674 1267 1735 foetus
1281 1678 1420 1738 matrem
1444 1675 1583 1751 cogebat
1597 1676 1638 1737 ad
1654 1677 1792 1736 mortem
1804 1699 1811 1750 ;
1828 1677 1863 1736 et
1877 1691 1969 1736 non-

1168 1772 1244 1832 dum
1272 1772 1306 1832 iu
1333 1773 1440 1834 lucem
1464 1774 1658 1849 productum
1678 1772 1878 1844 abortivum,
1897 1790 1969 1850 pu-

1168 1868 1292 1931 blicum
1314 1871 1429 1934 matris
1453 1870 1637 1948 periculum
1655 1870 1815 1947 pariebat.
1833 1873 1964 1931 Tenta-

1167 1965 1225 2028 bat
1239 1967 1440 2030 medicorum
1454 1968 1618 2028 auxilium
1636 1988 1643 2026 :
1661 1967 1717 2028 sed
1733 1983 1832 2028 omne
1847 1967 1967 2028 huma·

1170 2081 1247 2124 num
1260 2065 1442 2148 remedium
1459 2063 1632 2126 laborabat
1646 2065 1679 2124 in
1694 2080 1828 2126 vanum.
1851 2065 1909 2126 Sic
1925 2066 1966 2128 de

1169 2162 1285 2238 primis
1311 2161 1599 2224 maledictionibus
1624 2165 1701 2224 Evae
1717 2163 1889 2239 copiosius
1905 2163 1968 2222 ali-

1170 2259 1247 2335 quid
1279 2259 1465 2322 declinarat
1499 2261 1535 2320 in
1571 2261 1740 2328 miseram,
1770 2261 1807 2320 ut
1844 2261 1966 2336 sepul-

1170 2353 1286 2414 chrum
1317 2353 1404 2416 facta
1437 2357 1628 2430 conceptus,
1661 2355 1873 2432 sepulchrum
1904 2371 1966 2430 pro

1170 2453 1259 2512 certo
1276 2452 1462 2527 proximum
1478 2453 1680 2528 expectaret.

1210 2547 1382 2608 Fratribus
1408 2548 1541 2610 tandem
1567 2547 1753 2610 Minoribus
1771 2564 1830 2625 per
1851 2549 1965 2610 inter-

1171 2646 1310 2708 nuncios
1322 2647 1390 2708 tota
1403 2662 1439 2708 se
1456 2647 1631 2708 devotione
1646 2648 1868 2718 committens,
1886 2664 1965 2724 sup-

1171 2743 1303 2819 pliciter
1320 2743 1444 2821 aliquid
1468 2742 1509 2804 de
1538 2747 1571 2804 S.
1599 2745 1770 2806 Francisci
1796 2745 1963 2821 reliquiis

1172 2840 1235 2901 lide
1261 2841 1359 2918 plena
1386 2841 1546 2917 poposcit.
1575 2841 1719 2917 contigit
1743 2843 1827 2904 nutu
1847 2842 1965 2903 divino

1171 2937 1376 3014 aliquantum
1397 2939 1540 2999 inveniri
1568 2939 1609 2998 de
1636 2938 1773 3010 chorda,
1797 2955 1862 3016 qua
1892 2940 1970 3000 fue-

1172 3039 1224 3096 rat
1251 3037 1384 3096 sanctus
1413 3036 1609 3112 quandoque
1642 3037 1855 3112 praecinctus.
1885 3039 1967 3098 Mox

1173 3136 1208 3196 ut
1220 3148 1321 3208 super
1334 3132 1499 3194 dolentem
1510 3133 1617 3209 posita
1628 3133 1752 3195 chorda
1767 3134 1840 3206 fuit,
1854 3135 1965 3195 omnis

1172 3229 1331 3292 facillime
1351 3230 1478 3291 solutus
1504 3232 1554 3291 est
1575 3230 1680 3300 dolor,
1701 3232 1818 3292 mortis
1847 3247 1963 3301 causa,

1172 3329 1322 3390 mortuus
1346 3327 1443 3390 foetus
1472 3327 1626 3400 emissus,
1662 3328 1805 3406 pristina
1835 3329 1965 3390 sanitas

1172 3425 1334 3489 restituta.
1817 3416 1823 3424 ¹

1212 3522 1391 3600 eujusdam
1401 3521 1441 3584 de
1452 3522 1579 3584 Neruio
1594 3523 1716 3585 nobilis
1728 3524 1792 3586 viri
1804 3539 1900 3596 uxor,
1911 3526 1967 3586 Ju-

1172 3621 1263 3682 liana
1287 3621 1431 3693 nomine,
1456 3636 1516 3698 pro
1543 3621 1688 3682 tiliorum
1717 3623 1825 3682 morte
1859 3637 1966 3682 annos

1171 3718 1325 3780 trahebat
1340 3717 1507 3793 lugubres,
1521 3719 1555 3780 et
1568 3719 1725 3779 continue
1744 3718 1898 3786 infelices
1914 3719 1968 3780 de·

1173 3816 1325 3894 plorabat
1336 3815 1486 3886 eventus,
1504 3830 1563 3891 pro
1578 3831 1617 3877 eo
1633 3815 1718 3893 quod
1732 3831 1859 3887 omnes,
1884 3833 1973 3893 quos

1173 3931 1248 3974 cum
1262 3929 1420 3991 pressura
1435 3915 1638 3989 portaverat,
1656 3914 1743 3975 filios
1758 3908 1894 3975 modico
1908 3915 1972 3974 in-‚

1172 4015 1310 4089 terjecto
1332 4009 1479 4087 tempore
1495 4027 1569 4071 cum
1592 4010 1833 4076 vehementiori
1852 4011 1970 4072 dolere

1174 4110 1353 4186 sepulturae
1374 4108 1569 4170 tradiderat.
1595 4111 1675 4169 Corn
1701 4109 1804 4184 igitur
1824 4111 1968 4185 quatuor

1175 4207 1337 4270 mensium
1357 4207 1551 4282 conceptum
1575 4206 1970 4278 haberetlnutero,1ua·

1174 4305 1291 4380 gisque
1304 4305 1440 4379 propter
1454 4306 1592 4365 eventus
1607 4304 1795 4381 praeteritos
1819 4303 1860 4364 de
1883 4319 1969 4364 con-

1175 4403 1277 4476 ceptae
1301 4401 1404 4478 prolis
1420 4399 1658 4463 sollicitaretur
1681 4401 1783 4472 obitu,
1810 4401 1972 4477 quamde

1175 4500 1260 4570 ortu,
1275 4500 1310 4559 Β.
1326 4502 1451 4574 patrem
1476 4499 1690 4559 Franciscum
1711 4513 1769 4574 pro
1785 4499 1855 4558 vita
1880 4513 1971 4560 non-

1175 4596 1251 4657 dum
1267 4597 1337 4657 nati
1352 4595 1462 4664 foetus,
1489 4594 1630 4658 fideliter
1652 4595 1861 4672 precabatur.
1888 4599 1974 4656 Ecce

1174 4695 1284 4754 autem
1299 4693 1393 4754 nocte
1409 4692 1561 4768 quadam,
1579 4693 1755 4754 dormienti
1771 4691 1835 4752 sibi
1850 4693 1974 4753 mulier

1175 4791 1325 4868 quaedam
1350 4788 1532 4865 apparebat
1560 4791 1595 4849 in
1624 4790 1762 4860 somnis,
1788 4789 1972 4851 formosum

1176 4889 1348 4965 puerulum
1364 4889 1498 4962 gestans
1513 4887 1548 4946 iu
1566 4887 1730 4958 manibus,
1745 4887 1908 4963 illumque
1919 4887 1974 4947 lae-

1175 4983 1475 5047 tissimeofferebat
1496 4984 1615 5044 eidem.
1643 4985 1722 5044 Cum
1747 5001 1827 5045 vere
1842 4984 1902 5044 illa
1917 5001 1974 5045 re-

1175 5083 1286 5160 cipere
1309 5083 1492 5148 recusaret,
1517 5097 1614 5158 quem
1636 5081 1748 5142 statim
1773 5081 1976 5143 formidabat

1175 5182 1337 5252 amittere,
1355 5178 1475 5240 mulier
1489 5179 1547 5239 illa
1564 5178 1752 5256 subjunxit:
1763 5181 1889 5240 Secura
1903 5196 1973 5240 sus·

1174 5277 1291 5354 cipias,
1327 5277 1405 5353 quia
1434 5292 1530 5353 quem
1566 5279 1623 5337 tuo
1661 5276 1796 5338 moerori
1832 5292 1970 5354 compa-

1174 5376 1260 5437 tiens
1278 5390 1374 5436 sacer
1395 5375 1495 5436 mittit
1516 5374 1725 5440 Franciscus,
1741 5375 1809 5434 vita
1822 5374 1923 5446 vivet,
1940 5377 1972 5435 et

1175 5471 1333 5546 sospitate
1349 5469 1515 5545 gaudebit.
1534 5469 1652 5530 Statim
1671 5467 1836 5542 evigilans
1852 5468 1971 5530 mulier

1174 5569 1342 5630 intellexit
1360 5582 1420 5644 per
1445 5567 1611 5628 ostensam
1635 5566 1699 5632 sibi
1716 5566 1847 5627 coelitus
1862 5567 1969 5628 visio-

1175 5681 1250 5727 nem
1277 5669 1313 5726 Β.
1343 5664 1515 5732 Francisct
1534 5663 1597 5728 sibl
1616 5663 1735 5728 adesse
1761 5663 1967 5740 suffragium.
