4114 6396
374 245 433 312 991

274 467 276 472 2
376 407 494 488 pungit
512 405 730 469 delectatione
754 423 761 464 :
786 404 820 464 61
841 397 964 480 dipsa's,
988 401 1045 480 qui
1068 402 1102 463 et
1123 401 1170 461 si-

375 507 447 568 tula
465 503 511 585 (1)
532 503 654 564 dicitur
668 518 688 562 a
703 500 857 572 sitiendo,
881 500 958 576 quia
981 499 1169 577 quicunque

376 602 418 664 ab
433 603 496 662 isto
512 599 664 676 serpente
680 597 875 675 percutitur,
899 595 1042 658 sitiendo
1063 596 1168 656 mori-

376 702 441 762 tur.
458 701 536 760 Haec
551 698 601 758 est
614 695 760 766 luxuria,
778 697 810 756 et
829 694 987 769 avaritia;
1005 691 1083 771 qtria
1101 693 1169 753 tam

374 794 552 865 luxuriosi,
569 809 667 872 quam
683 793 777 854 avari
791 793 867 853 sunt
882 789 1105 852 insatiabiles.

416 893 497 954 ltem
514 889 671 952 debemus
686 888 867 952 ascendere
883 886 923 948 ad
939 886 1119 960 Jeabarim‚
1137 887 1170 947 et

375 990 417 1051 ad
438 991 624 1066 Dtbortped.
649 991 825 1049 dechar-tm
842 985 940 1046 sonat
957 985 1092 1046 attritus
1113 983 1169 1044 la-

375 1086 463 1163 pide,
478 1100 537 1161 per
552 1085 636 1161 quod
653 1083 855 1144 offendicula
870 1082 970 1159 hujus
992 1081 1069 1142 vitae
1084 1079 1170 1141 desi·

375 1184 538 1258 guantur,
564 1179 684 1258 quibus
720 1179 901 1240 offenditur
925 1179 960 1238 in
985 1177 1041 1240 via
1069 1176 1168 1254 hujus

800 249 833 308 S.
862 243 1037 306 ANTONII
1068 240 1255 304 PADUANI
1284 243 1421 304 OPERA
1452 239 1600 304 OMNIA.
1916 255 1949 318 91))

1484 401 1625 462 SERMO
1648 403 1755 462 CLXI.

1225 545 1266 599 lle
1285 547 1402 612 aspectu
1417 539 1533 598 terribili
1547 541 1576 598 in
1586 540 1695 614 iudicio
1712 550 1839 614 quantum
1852 545 1880 602 ad
1890 551 1950 620 naht

1260 637 1288 685 et
1305 635 1422 700 aspectu
1434 627 1561 700 iucundo
1578 636 1716 700 quantum
1730 629 1765 686 ad
1776 629 1868 702 bonos
1883 634 1949 695 deser·

1259 717 1349 774 vitute
1371 731 1425 789 qua
1446 723 1576 776 tenemur
1591 717 1627 775 ad
1643 721 1877 791 boamundum
1892 740 1951 786 serre

1261 805 1383 863 Domino
1398 818 1461 861 suo.

1224 940 1407 1002 Protector
1421 941 1541 1002 noster
1550 943 1664 1015 aspice
1674 943 1776 1014 Deus,
1786 941 1816 1002 et
1830 949 1925 1018 scepta
1933 952 1952 1008 tl

1314 1039 1440 1110 factem
1452 1038 1582 1100 Christi
1596 1039 1658 1100 tut.
1673 1037 1776 1116 (Psal.
1788 1041 1833 1113 83,
1847 1041 1896 1120 10.)

1263 1179 1342 1238 11666
1358 1179 1408 1240 est
1422 1179 1530 1240 oratio
1551 1194 1673 1254 magna
1692 1180 1734 1239 ad
1755 1181 1857 1251 Deum,
1870 1185 1897 1242 ut
1910 1199 1953 1244 ree

376 1279 503 1350 saeculi,
534 1278 574 1338 de
602 1277 722 1355 quibus
749 1275 977 1338 Ecclesiastici
999 1273 1064 1352 (21,
1088 1272 1166 1352 11);
1224 1273 1391 1351 pietates
1415 1277 1566 1352 protegat
1586 1289 1648 1336 nos
1671 1274 1731 1336 sub
1753 1276 1856 1337 umbra
1870 1280 1952 1342 alamn

376 1377 470 1438 «Via
490 1376 698 1452 peccantium
715 1371 762 1452 (2)
778 1373 989 1449 complanata
1004 1372 1054 1432 est
1077 1370 1167 1446 lapi·
1223 1387 1370 1432 suarum.
1393 1373 1494 1450 Cujus
1513 1372 1576 1434 alae
1595 1375 1675 1433 sunt
1698 1372 1781 1445 duae,
1803 1375 1952 1452 scilicetpa·

256 1485 259 1490 ·
375 1472 487 1544 dibus,
516 1473 549 1533 61
576 1471 757 1532 novissima
791 1485 908 1530 eorum
946 1467 1103 1539 tenebrae,
1136 1467 1169 1528 et
1222 1469 1317 1529 torna
1342 1469 1951 1545 666161111661616161660116611616

374 1584 509 1631 mors.»
532 1571 708 1644 Dtoooacd
729 1567 968 1643 interpretatur
994 1565 1110 1639 lortis;
1136 1565 1168 1626 et
1224 1564 1474 1638 misericordia;
1500 1566 1588 1627 unde
1605 1587 1612 1625 :
1628 1568 1809 1628 protector
1822 1570 1954 1630 postero

375 1666 521 1736 denotat,
538 1664 624 1742 quod
638 1679 699 1741 per
711 1664 800 1725 riam
815 1664 915 1740 hujus
924 1662 1043 1724 saeculi
1056 1665 1169 1723 trans·
1218 1665 1313 1734 picc;
1329 1662 1363 1723 et
1375 1661 1508 1724 subdit:
1525 1665 1677 1738 Respice,
1692 1664 1771 1739 quia
1785 1664 1906 1740 aspicere
1916 1681 1953 1724 nr·

375 1763 519 1824 eundum
543 1762 595 1823 est
616 1762 751 1837 peccato
768 1759 899 1822 fortiter
913 1759 1109 1830 resistendo,
1126 1774 1168 1819 ne
1222 1759 1274 1834 gis
1288 1759 1340 1820 est
1354 1760 1527 1832 severitas,
1544 1775 1643 1836 quam
1665 1760 1952 1836 misericordiane

375 1856 648 1932 succumbamus3
676 1856 764 1916 unde
791 1855 936 1917 lacobus
954 1853 1034 1933 (1,·2
1051 1854 1092 1914 60
1112 1853 1165 1931 4);
1223 1855 1263 1916 de
1284 1857 1420 1932 aspectu
1440 1861 1512 1934 ejus
1535 1855 1689 1917 terribili·
1700 1855 1826 1924 dicitur,
1847 1857 1951 1934 quoda·

374 1957 510 2015 «Omne
533 1952 690 2028 gaudium
713 1951 919 2021 existimate,
942 1950 1063 2012 iratres
1089 1949 1165 2022 mei,
1222 1954 1337 2030 pectus
1351 1954 1468 2030 angeli
1485 1955 1557 2015 erat
1572 1953 1660 2015 sicut
1670 1953 1781 2028 fulgur
1794 1951 1835 2032 (3)
1850 1974 1856 2012 :
1870 1955 1905 2014 sic
1919 1954 1953 2013 al·

374 2066 450 2112 cum
463 2050 498 2110 in
510 2050 712 2110 tentationes
724 2048 835 2109 varias
848 2047 1034 2109 incideritis
1045 2069 1052 2106 :
1063 2047 1165 2108 scien·

372 2148 435 2214 tes,
452 2145 537 2224 quod
561 2144 712 2222 probatio
734 2144 810 2205 fidei
833 2148 952 2206 vestrae
974 2145 1167 2220 patientiam

374 2245 532 2320 operatur
546 2264 554 2302 z
568 2242 730 2318 patientia
750 2245 860 2302 autem
882 2256 964 2318 opus
986 2241 1166 2317 perlectum

373 2339 473 2402 habet
490 2363 497 2400 :
519 2341 555 2400 ut
569 2339 642 2400 sitis
658 2337 807 2415 perlecti,
827 2339 860 2399 61
874 2338 1008 2413 integri,
1023 2339 1059 2398 in
1074 2339 1166 2399 nullo

373 2437 563 2498 deficientes
578 2453 615 2511 »3
641 2435 733 2514 quia.
746 2451 805 2512 per
827 2436 1029 2496 tentationes
1051 2437 1165 2497 trans-

374 2534 518 2595 eundum
533 2535 584 2595 est
600 2531 642 2593 ad
658 2533 881 2602 Dablatltatm,
899 2533 985 2610 quod
1001 2533 1166 2608 interpre-

371 2632 463 2693 tatur
476 2630 683 2705 contemptus
697 2627 918 2705 palatharum,
932 2629 1017 2690 idest
1031 2629 1163 2690 ficuum.

372 2728 435 2788 Hic
446 2725 497 2787 est
509 2725 900 2800 contemptusbonorum,
915 2725 948 2786 et
960 2723 1163 2798 divitiarum,

374 2824 412 2886 ut
432 2821 560 2884 scilicet
589 2825 839 2883 contemnamus
868 2821 1024 2894 bonores,
1050 2824 1083 2883 et
1106 2837 1168 2898 op-

372 2921 518 2998 probria,
545 2935 618 2998 quae
647 2917 742 2979 nobis
768 2917 973 2994 objiciuntur
998 2917 1039 2980 ab
1066 2919 1163 2994 aliis;

372 3017 460 3080 unde
474 3015 657 3078 Ezechielis
673 3013 717 3094 (3,
737 3016 802 3076 8et
815 3013 848 3094 9)
867 3037 874 3076 :
892 3017 1007 3076 «Ecce
1019 3015 1094 3076 dedi
1110 3015 1164 3075 la-

373 3116 457 3177 ciem
467 3115 557 3175 tuam
571 3113 790 3176 valentiorem
811 3111 958 3173 faciebus
974 3127 1088 3173 eorum
1106 3133 1112 3172 :
1130 3114 1166 3174 ut

373 3207 1162 3280 adamantem‚etutsilicemdediiaciemtuam».

374 3307 467 3368 Silex
480 3309 532 3368 est
551 3304 687 3381 lapillus
701 3303 789 3375 vilis,
812 3304 869 3380 qut
890 3304 1105 3365 conculcatur
1123 3305 1165 3365 ab

374 3400 526 3464 omnibus
542 3399 792 3462 transeuntibus
807 3399 980 3477 perviam.
996 3401 1051 3462 Sic
1065 3416 1166 3478 opor·

371 3501 420 3562 tet
447 3499 612 3560 sustinere
644 3497 809 3574 patienter
836 3496 1101 3574 vilipensionem,
1132 3501 1165 3560 at

371 3597 574 3675 improperia
592 3595 756 3656 malorum
775 3593 810 3655 in
835 3594 966 3656 deserto
985 3594 1085 3672 hujus
1100 3613 1165 3657 sae-

372 3693 449 3756 culi.
466 3694 610 3756 Adamas
634 3695 686 3753 est
708 3691 794 3768 lapis
817 3692 995 3769 pretiosus,
1017 3694 1051 3753 et
1071 3708 1165 3754 ama-

370 3791 460 3866 bilis,
483 3791 536 3852 vel
558 3787 785 3864 honorabilis;
808 3789 969 3850 ettamen
993 3789 1162 3864 adornari,

369 3890 424 3951 vel
445 3889 533 3964 cingi
548 3902 630 3948 auro
651 3901 718 3947 non
739 3885 871 3962 gaudet.
895 3885 950 3947 Sic
970 3901 1030 3947 nec
1049 3887 1162 3963 (ustus

370 3985 493 4064 gaudet
505 3983 698 4056 honoribus,
715 3983 847 4045 etiamsi
861 3981 903 4044 ab
918 3984 996 4044 allis
1013 3982 1161 4046 honore-

368 4086 435 4145 tur.
451 4085 516 4144 Psr
534 4083 623 4142 hunc
639 4079 779 4156 gradum
798 4081 1039 4142 transeundum
1054 4082 1116 4152 est,
1130 4083 1163 4142 et

370 4181 419 4240 sic
433 4177 627 4256 pervenitur
638 4180 682 4237 ad
696 4177 848 4238 montem
859 4180 1013 4249 Abarim,
1025 4177 1111 4238 idest
1120 4177 1161 4238 ad

368 4277 514 4338 montem
528 4273 784 4341 transeuntium,
800 4272 853 4334 vel
868 4273 1046 4334 transitum
1061 4289 1160 4335 mon-

368 4375 462 4435 tium.
489 4370 552 4432 Sed
577 4369 656 4447 quia
680 4367 742 4428 11111
765 4369 870 4430 Israel
891 4385 958 4431 non
982 4372 1162 4448 potuerunt

277 4545 281 4551 .
368 4467 725 4532 ascendereinterram
736 4466 978 4542 promissionis,
989 4468 1054 4528 nisi
1067 4469 1160 4544 prius

367 4565 617 4629 descendissent
638 4563 678 4624 ad
703 4561 825 4624 vallem
847 4567 1065 4640 campestrem
1084 4567 1162 4627 Jor-

367 4665 476 4735 danis,
505 4663 590 4724 idest
615 4661 752 4721 humilis
783 4658 963 4722 descensus
994 4683 1001 4722 :
1031 4665 1161 4739 oportet

366 4763 489 4838 gradus
506 4761 636 4821 nostros
658 4757 847 4833 disponere,
866 4761 903 4819 ut
922 4759 1160 4821 descendamus

365 4876 428 4937 per
443 4857 664 4919 humilitatem
676 4853 716 4915 ad
730 4854 840 4915 rivum
851 4854 982 4932 judicii,
994 4871 1160 4933 perquem

365 4957 479 5036 pateat
488 4955 583 5016 nobis
594 4953 765 5028 ingressus
776 4951 818 5012 ad
827 4951 994 5013 coelestem
1004 4953 1157 5029 patriam.

365 5122 467 5192 Apoc,
484 5119 510 5185 s,
527 5119 553 5176 3.
570 5115 766 5176 Sicuthabent
782 5117 957 5189 scorpiones,
972 5117 1029 5174 ait:
1048 5140 1058 5169 ι
1075 5119 1156 5176 Scor·

365 5192 431 5263 pius
442 5187 562 5246 blandus
575 5187 658 5255 lacte,
674 5187 764 5245 cauda
780 5189 883 5260 pungit
896 5187 1017 5244 occulte.

403 5261 444 5332 (1)
460 5258 513 5326 Qui
523 5267 551 5315 et
562 5259 656 5325 situla,
671 5265 725 5314 etc.
740 5258 839 5315 Glossa
851 5257 912 5315 ord.
927 5259 955 5314 in
968 5261 1063 5325 Dent,
1073 5259 1099 5324 8,
1112 5259 1156 5317 lb.

365 5331 479 5402 Dipsas,
495 5327 596 5398 lnquit,
607 5341 700 5400 genus
713 5326 820 5399 aspidis
831 5335 884 5394 est,
919 5329 946 5384 ui
959 5330 1046 5386 latine
1057 5329 1158 5387 dicitur

364 5401 460 5469 situla,
479 5397 545 5468 quia
565 5411 773 5469 quemcumque
795 5343 987 5464 momor‘dcrlt,
1006 5399 1053 5456 siti
1074 5401 1156 5472 perit.

363 5469 436 5537 vide
449 5475 546 5525 notam
560 5469 574 5524 7
590 5467 626 5525 60
637 5469 804 5525 Sermonem
817 5469 867 5536 lll,
883 5469 936 5526 col.
953 5469 1015 5526 599.

400 5539 442 5612 (2)
462 5537 548 5612 vulg.
563 5553 570 5594 :
586 5539 638 5600 Vra
659 5539 837 5611 peccantium
860 5537 1040 5614 complanata
1055 5537 1154 5613 lapidi-

1221 2051 1341 2111 ventus
1365 2050 1488 2112 Christi
1514 2051 1682 2112 venientis
1702 2051 1743 2111 ad
1765 2051 1901 2127 judicium
1917 2051 1952 2110 erit

1222 2145 1395 2209 terribilis.
1424 2147 1486 2219 Qui
1512 2162 1591 2223 ergo
1616 2164 1683 2210 non
1713 2147 1808 2208 audet
1832 2149 1951 2223 expectas

1222 2241 1326 2302 ictum
1352 2242 1507 2317 fulguris,
1535 2243 1701 2319 quomodo
1732 2241 1854 2303 audebit
1873 2258 1950 2318 erper-

1221 2338 1293 2400 tare
1315 2339 1479 2416 judicium
1502 2341 1571 2400 tam
1595 2339 1738 2401 districti
1758 2339 1885 2417 judicist
1901 2337 1950 2397 unde

1221 2435 1396 2496 Malachiae
1419 2435 1467 2514 (3,
1494 2435 1533 2516 2)
1551 2459 1558 2496 ε
1574 2453 1593 2496 e
1610 2438 1692 2509 Quis
1721 2438 1835 2514 poterit
1856 2437 1950 2510 cogier

1221 2531 1308 2594 diem
1324 2532 1485 2594 adventus
1501 2534 1585 2610 ejus,
1599 2535 1632 2595 et
1645 2535 1722 2610 quis
1733 2533 1827 2595 stabit
1838 2533 1871 2594 ad
1882 2531 1951 2592 siden
1987 2561 1988 2578 ,

1221 2629 1298 2690 dum
1309 2627 1950 2709 666166061111161186116(1161112121)

1221 2727 1315 2788 Sicut
1335 2729 1453 2804 ltclpto·
1478 2728 1625 2802 apparet
1645 2725 1695 2806 (4)
1709 2731 1754 2789 16
1773 2727 1889 2789 timente
1905 2725 1952 2782 :stc
1987 2727 1988 2784 l

1220 2825 1400 2898 apparebit
1417 2828 1526 2886 1111116
1541 2828 1702 2887 hominis.
1725 2827 1770 2886 De
1785 2825 1841 2884 boc
1852 2819 1950 2882 etiamir

1220 2920 1418 2996 Apocalypsi
1433 2919 1496 2998 (19,
1507 2920 1763 3000 immersimus
1773 2919 1951 2990 6161016660
1987 2911 1988 2930 ³

1219 3019 1321 3092 tpnts.
1352 3018 1446 3079 Unde
1472 3017 1507 3077 in
1531 3017 1672 3080 Daniele
1696 3017 1742 3098 (7,
1767 3016 1814 3096 10)
1835 3015 1950 3076 11016110

1219 3115 1352 3190 (pocus,
1376 3117 1586 3188 rapidusque
1609 3115 1843 3192 accersebatur
1861 3127 1878 3172 c
1898 3110 1951 3182 (661

1220 3213 1304 3282 circs
1322 3211 1469 3282 Fluvius,
1487 3211 1574 3273 idest
1587 3227 1686 3288 poena
1702 3211 1876 3274 indeficiens
1887 3208 1951 3266 inre

1220 3305 1341 3384 probos
1361 3328 1368 3367 =
1386 3311 1508 3386 tpneus
1525 3323 1584 3385 per
1602 3311 1834 3371 tormentorum
1846 3299 1950 3379 inpassi·

1218 3404 1377 3478 bilitates,
1393 3421 1476 3482 quas
1491 3405 1692 3483 impotentes
1708 3407 1802 3468 erunt
1818 3403 1948 3464 sustinere:

1218 3505 1374 3577 rapidus,
1388 3502 1442 3564 oui
1452 3501 1564 3563 nullus
1574 3503 1699 3580 poterit
1710 3503 1865 3564 resistere.
1873 3494 1949 3558 011160
1987 3503 1988 3510 ¹

1220 3597 1415 3676 subjungit:
1432 3601 1588 3672 Respice·
1610 3599 1646 3660 ut
1660 3600 1748 3661 sicut
1765 3593 1896 3671 respect
1909 3595 1950 3650 Po·

1219 3695 1324 3767 trum,
1342 3697 1437 3771 cujus
1460 3709 1518 3756 cor
1536 3694 1752 3773 liquefactum
1767 3696 1814 3756 est
1833 3693 1861 3752 in
1881 3689 1950 3760 166)-

1218 3807 1290 3853 mas
1310 3792 1352 3852 ad
1373 3793 1560 3868 respectum
1580 3795 1652 3870 ejus
1673 3790 1734 3872 (5),
1757 3793 1803 3853 sic
1821 3781 1950 3856 nosrespi·

1218 3889 1285 3951 ciat
1313 3888 1409 3950 oculo
1435 3889 1675 3950 misericordiae
1707 3905 1773 3950 suae
1795 3904 1802 3942 τ
1826 3882 1949 3947 6161000

1217 3987 1352 4062 propter
1366 3999 1438 4052 nos,
1453 3986 1565 4046 tamen
1580 3985 1717 4062 propter
1734 3983 1892 4051 Christum
1904 3973 1948 4034 ideo

1217 4081 1319 4143 dicit:
1335 4085 1373 4143 1η
1393 4085 1517 4156 tactem
1545 4083 1674 4143 0011611
1699 4083 1760 4154 tut,
1778 4081 1809 4140 in
1827 4091 1879 4155 qua
1896 4067 1948 4130 10οἰ0
1987 4083 1988 4128 3

1216 4194 1277 4239 nos
1296 4178 1453 4240 debemus
1474 4179 1613 4253 signari,
1630 4194 1728 4256 quem
1750 4173 1877 4253 signarit
1894 4171 1948 4228 ben

1216 4277 1328 4345 Pater,
1347 4276 1385 4337 ut
1398 4275 1479 4336 dicit
1489 4277 1635 4337 loannes
1651 4273 1696 4355 (0,
1717 4273 1780 4352 27),
1797 4273 1826 4332 in
1845 4281 1895 4346 quo
1911 4263 1948 4321 10·

1217 4371 1379 4448 primatur
1393 4369 1500 4431 omnis
1520 4371 1631 4446 imago
1650 4369 1891 4431 Christianorum
1902 4361 1948 4419 tal·

1216 4483 1314 4544 quam
1329 4467 1364 4527 ln
1380 4465 1503 4542 sigillo,
1520 4467 1557 4528 ut
1571 4466 1751 4544 peripsum
1769 4465 1857 4526 Pater
1870 4456 1947 4519 6000

1215 4564 1382 4640 respiciat.
1401 4563 1494 4624 Unde
1508 4563 1623 4639 Aggaei
1642 4563 1677 4624 in
1698 4563 1762 4624 tine
1779 4562 1818 4640 (2,
1832 4554 1875 4634 21)
1889 4548 1946 4612 :th

1215 4661 1270 4723 die
1284 4661 1353 4732 illa,
1370 4660 1451 4721 dicit
1474 4661 1645 4734 Dominae,
1666 4672 1824 4721 assumam
1837 4651 1947 4722 161000

1214 4757 1321 4829 babel,
1339 4757 1386 4818 lili
1407 4756 1579 4829 salathiel,
1601 4771 1696 4818 serve
1712 4769 1808 4824 meus,
1821 4753 1849 4813 et
1867 4751 1945 4824 00000

1213 4858 1247 4918 16
1261 4855 1358 4933 quasi
1373 4854 1595 4930 signaculum,
1612 4855 1690 4931 quia
1710 4853 1791 4930 elegi
1804 4853 1842 4911 16.
1853 4863 1869 4906 a
1879 4843 1945 4902 0000

1213 4951 1310 5015 06061
1325 4952 1564 5028 interpretatur
1574 4951 1629 5013 bic
1639 4953 1793 5028 magister
1803 4933 1945 5019 Babylonis:

1213 5120 1276 5190 bus,
1288 5125 1316 5176 et
1330 5119 1358 5175 in
1373 5119 1429 5176 ilco
1440 5118 1550 5175 illorum
1566 5118 1660 5187 interi,
1673 5124 1702 5175 et
1711 5113 1833 5180 tenebre,
1843 5115 1866 5164 et
1876 5109 1943 5176 pens.

1248 5189 1291 5330 (ἐξ
1311 5189 1422 5332 ξιῖΐὲῗ’
1438 5189 1623 5331 Ξίὃᾶυῗῗωςιπ
1635 5258 1693 5316 exit
1704 5255 1739 5313 ab
1748 5253 1857 5315 Oriente,
1864 5249 1885 5300 et
1893 5237 1943 5314 pare(

1214 5347 1302 5404 risque
1326 5331 1355 5386 in
1374 5329 1556 5388 Occidentem
1577 5344 1584 5384 :
1605 5330 1642 5386 lta
1660 5329 1713 5386 erit
1734 5334 1762 5382 et
1778 5321 1892 5380 adventus
1906 5303 1942 5362 Flu

1213 5399 1346 5459 hominis.

1249 5473 1289 5544 (5)
1311 5469 1461 5541 11161621,
1479 5469 1511 5526 01
1527 5470 1615 5526 6161.
