4158 6380
327 249 386 314 113
766 251 979 312 anonam
1002 251 1525 316 s.rnunersu1uss1smr1s
1908 251 1969 316 111
2066 225 2067 232 ‘

327 409 496 489 penderet,
516 411 606 472 aliud
626 409 913 486 contemplationis
927 409 1118 488 tranquillis
1171 409 1248 474 dum
1275 413 1387 474 oraret
1400 409 1436 478 in
1457 409 1561 474 latere
1574 411 1705 486 montis,
1733 408 1817 474 vidit
1835 413 1968 490 seraph

326 508 518 570 excessibus
541 507 720 569 dedicaret.
739 508 833 568 Unde
847 523 921 569 cum
938 509 1119 569 secundum
1173 525 1273 569 unum
1289 525 1349 572 sex
1360 510 1432 570 alas
1445 499 1621 570 lrahentem
1632 511 1701 570 11111
1720 509 1843 586 ignitas
1866 523 1968 586 quam

326 605 527 680 exigentiam
554 604 701 665 locorum
734 607 767 666 et
797 605 978 681 temporum
1001 605 1119 666 alienae
1172 606 1362 682 splendidas
1377 607 1418 668 de
1433 607 1591 668 coelorum
1603 605 1806 668 sublimitate
1821 606 1967 668 descen-

326 701 615 764 condescendisset
627 701 846 777 procurandae
862 703 973 772 saluti,
988 701 1120 778 inquie-
1173 703 1261 764 dere.
1279 703 1425 780 Cumque
1437 703 1551 764 volatu
1566 703 1743 764 celerrimo
1758 704 1970 780 pervenisset

325 796 506 859 tatiouibus
529 797 698 858 derelictis
720 797 904 877 turbarum,
929 798 1120 858 solitudinis
1173 799 1214 860 ad
1229 800 1338 860 locum
1347 801 1422 860 viro
1434 801 1494 860 Dei
1505 801 1736 877 propinquum,
1753 801 1908 876 apparuit
1918 801 1970 860 in·

326 895 455 955 secreta
480 893 622 970 petebat,
646 893 821 971 locumque
845 895 978 971 quietis,
995 911 1060 971 quo
1077 895 1120 954 li-
1172 897 1224 956 ter
1235 895 1306 956 alas
1320 895 1449 972 effigies
1462 897 1607 958 hominis
1620 897 1774 958 crucifixi
1787 897 1970 959 inmodum

325 990 438 1051 herius
457 991 525 1052 Deo
544 1005 679 1061 vacans,
696 993 894 1067 extergeret,
908 991 938 1052 si
953 990 1030 1068 quid
1046 992 1121 1067 pul·
1174 992 1283 1052 crucis
1296 1007 1414 1052 manus
1426 993 1459 1054 et
1473 993 1573 1070 pedes
1588 995 1743 1055 extensos
1756 993 1922 1065 habentis,
1935 995 1971 1054 et

325 1087 415 1149 veris
431 1085 495 1148 sibi
507 1103 550 1148 ex
563 1089 817 1150 conversatione
831 1088 1002 1149 hominum
1012 1088 1121 1150 adhae·
1174 1088 1562 1151 cruciaiiixos.Duaealae
1572 1091 1893 1166 superoaputipsius
1904 1090 1972 1151 ele-

326 1185 436 1248 sisset.
463 1185 603 1246 Biennio
632 1185 744 1262 itaque
765 1187 941 1261 antequam
967 1185 1119 1263 spiritum
1173 1184 1428 1256 venanturduae
1443 1185 1485 1248 ad
1497 1185 1675 1248 volandum
1690 1185 1968 1260 extendebantur,

326 1281 480 1343 redderet
490 1281 705 1353 ooelo,diviua
719 1281 926 1359 providentia
937 1281 1032 1352 duce,
1047 1282 1121 1357 post
1174 1281 1247 1342 duae
1260 1297 1339 1343 vero
1349 1282 1453 1343 totum
1464 1284 1759 1360 corpusvelahant.
1770 1287 1840 1345 Hoc
1850 1283 1972 1344 ridens

327 1377 459 1442 labores
474 1377 686 1440 multimodos
701 1379 877 1456 perductus
896 1381 947 1441 est
963 1369 1120 1440 inlocum
1173 1377 1388 1439 vehementer
1409 1377 1589 1455 obstupuit,
1608 1379 1812 1456 mixtumque
1825 1395 1972 1441 moerore

328 1476 496 1539 excelsum
512 1491 674 1547 seorsum,
687 1475 743 1552 qui
758 1465 880 1536 dicitur
892 1491 987 1536 mons
1003 1476 1122 1536 ,11111-
1174 1474 1331 1550 gaudium
1346 1491 1404 1535 cor
1422 1477 1493 1552 ejus
1510 1475 1661 1538 incurrit.
1679 1475 1870 1537 Laetahatur
1893 1476 1974 1552 qui·
2066 1459 2067 1466 ἵ

328 1573 391 1634 naa.
415 1574 494 1633 Cum
509 1573 613 1648 igitur
626 1573 725 1649 juxta
744 1573 877 1634 solitum
893 1589 1017 1634 morem
1028 1575 1120 1644 Qua·
1174 1571 1298 1632 demin
1313 1572 1462 1647 gratioso
1477 1573 1625 1648 aspectu,
1640 1588 1705 1649 quo
1727 1589 1747 1633 a
1763 1571 1894 1634 Christo
1908 1571 1972 1632 suh

329 1669 551 1744 dragesimam
576 1669 697 1731 ibidem
722 1669 763 1730 ad
793 1670 952 1731 honorem
978 1670 1122 1731 archan·
1175 1670 1285 1745 speeie
1310 1668 1438 1746 seraph
1458 1668 1616 1730 cernebat
1648 1685 1684 1730 se
1714 1670 1884 1746 conspici;
1912 1669 1972 1730 sed

328 1767 395 1842 geli
417 1767 591 1827 Michaelis
603 1769 759 1844 jejunare
774 1767 939 1844 coepisset,
958 1782 1122 1844 supremae
1176 1767 1285 1826 crucis
1320 1765 1436 1828 aitixio
1472 1766 1671 1843 compassivi
1701 1766 1825 1828 doloris
1855 1766 1970 1842 gladio

329 1863 617 1940 contemplationis
638 1863 813 1926 dulcedine
824 1863 1047 1926 abundantius
1061 1880 1121 1925 so·
1175 1861 1281 1938 ipsius
1305 1863 1450 1925 animam
1476 1862 1711 1941 pertransibat.
1732 1862 1971 1926 admirabatur

329 1961 389 2022 lito
404 1959 608 2036 superfusus,
625 1975 665 2022 ao
684 1960 867 2022 coelestium
880 1959 1122 2022 desideriorum
1176 1974 1274 2035 quam
1294 1960 1473 2037 plurimum
1488 1961 1523 2022 in
1535 1961 1602 2022 111111
1617 1957 1844 2025 inscrutabilis
1858 1961 1970 2022 visio-

330 2050 512 2119 ardentiori
535 2057 667 2117 flamma
694 2071 886 2128 succensus,
903 2071 1121 2132 supernarum
1176 2055 1228 2116 nis
1250 2059 1397 2133 aspectu,
1413 2058 1522 2119 sciens
1538 2057 1623 2134 quod
1638 2057 1804 2134 passionis
1818 2056 1971 2117 infirmi-

239 2233 241 2240 ,
330 2154 430 2230 coepit
451 2153 694 2214 immissionum
714 2153 914 2216 cumulatius
939 2154 1024 2215 dona
1046 2170 1145 2216 sen-·
1176 2151 1226 2213 tas
1256 2168 1330 2213 cum
1358 2153 1608 2216 immortalitate
1639 2153 1776 2230 spiritus
1799 2153 1970 2230 seraphici

330 2251 404 2312 tire.
419 2248 601 2311 Ferebatur
613 2249 745 2326 quidem
756 2249 792 2310 in
805 2249 920 2321 altum,
932 2265 998 2314 non
1009 2251 1045 2312 ut
1059 2267 1121 2312 cu·
1176 2250 1366 2312 nullatenus
1379 2251 1582 2312 conveniret.
1593 2250 1761 2312 intellexit
1774 2251 1907 2314 endem
1925 2266 1973 2312 ex

331 2347 439 2409 riosus
454 2347 639 2424 majestatis
649 2347 877 2422 perscrutator
887 2347 1122 2425 opprimendus
1176 2349 1250 2420 hoo,
1270 2347 1408 2408 Domino
1439 2348 1618 2420 revelante,
1640 2348 1726 2425 quod
1745 2347 1821 2409 ideo
1847 2348 1972 2424 huius-

330 2459 350 2505 a
364 2443 483 2520 gloria,
500 2443 557 2504 sed
570 2445 729 2519 1111111111
746 2442 853 2506 tidelis
868 2459 984 2505 servus
999 2446 1032 2506 et
1044 2460 1124 2520 pru·
1177 2444 1264 2506 modi
1277 2443 1361 2504 visio
1372 2445 1421 2504 sic
1436 2444 1548 2505 divina
1560 2445 1765 2520 providentia
1777 2445 1846 2506 suis
1856 2446 1972 2507 fuerat

330 2541 423 2610 dens,
439 2541 646 2615 investigans
674 2539 918 2616 beneplacitum
933 2542 1003 2612 Dei,
1019 2542 1072 2608 cui
1087 2557 1123 2602 se
1177 2541 1379 2618 praesentata
1393 2540 1633 2616 conspectibus,
1651 2544 1687 2602 ut
1701 2541 1829 2602 amicus
1843 2541 1970 2603 Christi
2066 2557 2067 2560 ’

330 2637 539 2700 conformare
567 2636 755 2698 omnimode
778 2651 907 2700 summo
930 2637 1124 2714 peroptabat
1177 2638 1409 2713 praenosceret,
1427 2653 1463 2697 se
1479 2653 1544 2697 non
1556 2652 1615 2714 per
1628 2638 1824 2714 martyrium
1837 2638 1965 2709 carnis,

331 2736 461 2797 ardore.
1177 2734 1233 2794 sed
1260 2749 1318 2810 per
1333 2733 1523 2796 incendium
1539 2735 1657 2796 mentis
1674 2736 1779 2797 totum
1795 2734 1829 2793 in
1842 2734 1970 2796 Christi

371 2831 558 2892 immissum
578 2835 629 2895 est
642 2832 745 2910 igitur
758 2832 860 2896 menti
881 2835 952 2911 ejus
965 2847 1024 2910 per
1038 2833 1124 2894 divi·
1177 2830 1329 2892 crucifixi
1365 2830 1615 2904 similitudinem
1648 2829 1967 2892 transformandum.
2066 2835 2067 2842 ’

331 2945 410 2990 num
418 2929 600 3001 oraculum,
612 2930 696 3007 quod
709 2931 926 3006 inapertione
940 2930 1017 2991 libri
1027 2945 1124 2992 evan·
1178 2929 1356 3004 Dispareus
1380 2926 1482 3003 igitur
1500 2928 1585 2988 visio
1609 2927 1795 2989 mirabilem
1817 2928 1853 2988 in
1868 2927 1970 2990 corde

330 3022 647 3104 gelioi'revelaretur
661 3027 692 3088 ei
711 3043 731 3088 a
747 3027 888 3094 Christo,
903 3026 980 3104 quid
1000 3029 1067 3088 Deo
1083 3028 1123 3088 de
1176 3025 1281 3103 ipsius
1296 3024 1430 3101 reliquit
1444 3024 1607 3096 ardorem,
1624 3023 1681 3084 sed
1693 3025 1726 3086 et
1741 3025 1774 3085 in
1788 3039 1889 3086 carne
1900 3041 1968 3086 non
2066 3053 2067 3066 ¹

330 3125 403 3202 ipso
428 3125 461 3186 st
487 3123 520 3184 in
546 3125 618 3200 ipso
652 3122 908 3209 maxime'ioret
939 3123 1121 3200 acceptum:
1178 3123 1287 3184 minus
1309 3121 1495 3182 mirabilem
1515 3122 1684 3197 signorum
1705 3121 1873 3198 impressit
1893 3122 1970 3183 eiii-

331 3221 701 3297 Orationeitaqueoum
720 3221 823 3283 multa
843 3220 1018 3282 devotione
1033 3237 1123 3297 prae-
1177 3221 1275 3296 giem.
1299 3220 1414 3280 Statim
1444 3235 1586 3296 namque
1609 3220 1644 3280 in
1665 3219 1818 3280 manibus
1838 3222 1911 3297 eJus
1935 3221 1971 3281 et
2066 3221 2067 3300 ξ

332 3318 445 3385 missa,
460 3333 592 3379 sacrum
608 3318 863 3392 Evangeliorum
882 3317 1003 3378 librum
1018 3318 1058 3378 de
1074 3318 1125 3378 al·
1177 3309 1967 3394 pedihusapparerecoeperuntsignaclavorum,
2066 3367 2067 3370 ,

331 3416 398 3476 tari
411 3417 589 3491 sumptum,
603 3415 639 3476 in
662 3415 791 3476 Sanctae
806 3415 978 3476 Trinitatis
991 3417 1124 3477 nomine
1178 3413 1452 3492 quemadmodum
1466 3413 1564 3490 paulo
1575 3415 1652 3474 ante
1664 3413 1699 3472 in
1710 3411 1821 3490 effigie
1834 3413 1892 3474 illa
1903 3415 1969 3474 viri

331 3512 456 3587 aperiri
481 3511 558 3572 iecit
574 3526 633 3587 per
645 3511 782 3581 socium,
806 3512 916 3572 virum
931 3513 1045 3588 utique
1058 3515 1124 3574 Deo
1178 3511 1329 3573 crucifixi
1342 3512 1571 3587 conspexerat.
1588 3511 1707 3570 Manus
1721 3511 1809 3571 enim
1822 3514 1855 3572 et
1868 3512 1969 3587 pedes

330 3609 483 3671 devotum
509 3611 542 3669 et
568 3610 729 3669 sanctum.
756 3609 843 3668 Sane
872 3623 946 3670 oum
975 3609 1009 3668 in
1036 3609 1124 3670 trina
1177 3609 1212 3670 in
1239 3607 1310 3685 ipso
1340 3607 1448 3668 medio
1473 3607 1576 3668 clavis
1607 3607 1729 3668 coniixi
1757 3607 1967 3680 vioebautur,
2066 3625 2067 3638 ¹

329 3704 407 3765 libri
455 3705 628 3780 apertione
668 3719 799 3780 semper
836 3704 966 3766 Domini
1007 3705 1123 3766 Passio
1178 3706 1347 3766 clavorum
1362 3703 1584 3795 capitibusin
1605 3704 1757 3764 interiori
1781 3708 1878 3781 parte
1896 3722 1971 3766 ma·

329 3803 530 3873 occurreret,
553 3801 720 3862 intellexit
734 3803 786 3862 vir
808 3804 877 3862 ileo
892 3802 1019 3879 plenus,
1037 3802 1123 3878 quod
1177 3819 1279 3862 nuum
1301 3804 1334 3864 et
1349 3802 1514 3876 superiori
1532 3800 1650 3877 pedum
1671 3803 1918 3878 apparentibus,
1935 3804 1970 3864 et

330 3901 417 3961 sicut
442 3900 607 3961 Christum
630 3899 738 3960 iuerat
761 3900 909 3960 imitatus
936 3899 970 3960 in
995 3899 1123 3962 actibus
1177 3915 1291 3961 eorum
1306 3899 1515 3960 acuminibus
1529 3898 1746 3960 existentibus
1759 3914 1803 3959 ex
1813 3899 1966 3960 adverso.
2066 3917 2067 3924 ¹

328 3997 478 4070 vitre,sic
493 3997 672 4058 conformis
692 3997 810 4058 eiesse
823 3996 957 4058 deberet
971 3997 1004 4057 in
1018 3997 1125 4058 atilio·
1177 3997 1343 4070 Erantque
1370 3995 1539 4056 clavorum
1568 3994 1675 4070 capita
1702 3993 1737 4054 in
1759 3994 1914 4055 manibus
1935 3998 1969 4056 et
2066 4009 2067 4016 ¹

329 4095 475 4157 tionibus
491 4096 523 4155 et
547 4092 716 4155 doloribus
744 4094 925 4166 Passionis,
947 4096 1123 4171 antequam
1177 4091 1314 4168 pedibus
1329 4091 1470 4154 rotunda
1481 4092 1627 4168 etnigra,
1640 4091 1711 4169 ipsa
1721 4107 1801 4152 vero
1813 4094 1970 4152 acumina
2066 4155 2067 4170 2

331 4209 374 4254 ex
400 4191 463 4252 hoc
487 4189 608 4250 mundo
635 4189 804 4250 transiret.
829 4191 869 4251 nt
887 4190 965 4251 licet
990 4195 1124 4267 propter
1177 4189 1330 4264 oblonga,
1348 4191 1484 4261 retorta,
1501 4191 1534 4250 et
1548 4189 1645 4266 quasi
1664 4203 1873 4264 repercussa,
1894 4206 1969 4266 quae

332 4288 469 4349 multam
491 4286 718 4348 austeritatem
740 4287 816 4347 vitae
840 4288 1029 4362 praeteritee,
1042 4304 1122 4349 cru·
1177 4285 1217 4346 de
1236 4287 1309 4362 ipsa
1334 4301 1434 4347 carne
1457 4287 1629 4360 surgentia
1651 4301 1784 4346 carnem
1803 4286 1969 4362 reliquam
2066 4317 2067 4320 ¹

332 4387 445 4462 eisque
463 4383 645 4444 Dominlcae
661 4382 900 4459 bajulationem
919 4385 1121 4455 continuam,
1177 4383 1390 4444 excedebant
1421 4385 1579 4444 Dextrum
1605 4397 1734 4459 quoque
1755 4383 1843 4443 latus
1872 4385 1970 4460 quasi
2066 4415 2067 4454 3

330 4481 507 4546 imbecillis
531 4483 602 4557 jam
626 4481 715 4540 esset
739 4494 890 4556 corpore,
916 4495 1122 4557 nequaquam
1177 4479 1293 4541 lancea
1315 4479 1524 4548 transfixum,
1542 4479 1643 4540 rubra
1663 4480 1819 4541 cicatrice
1838 4479 1969 4542 11111111-
2066 4471 2067 4552 Ῑ

329 4582 380 4644 est
406 4580 553 4650 territus,
572 4576 628 4638 sed
651 4577 691 4638 ad
712 4576 863 4653 martyrii
892 4579 1122 4639 sustinentiam
1176 4578 1342 4645 tumeret,
1356 4576 1440 4654 qnod
1458 4592 1546 4651 saepe
1560 4577 1756 4652 sanguinem
1770 4593 1902 4638 sacrum
1918 4577 1971 4638 ei·
2066 4585 2067 4660 ᾗ

329 4676 518 4756 vigorosius
553 4675 731 4737 animatus.
762 4677 963 4736 Excroverat
991 4675 1122 4751 quidem
1176 4672 1329 4744 lundene,
1346 4674 1492 4734 tunicam
1507 4674 1540 4734 et
1554 4672 1726 4734 femoralia
1740 4675 1969 4751 respergebat.
2066 4677 2067 4714 ³

330 4777 366 4836 in
385 4791 424 4837 eo
444 4773 669 4850 insuperabile
689 4771 814 4833 amoris
833 4771 1024 4834 incendium
1044 4771 1122 4834 boni
1216 4772 1360 4832 Cernens
1376 4771 1486 4830 autem
1499 4769 1624 4831 Christi
1645 4785 1761 4832 servus
1782 4771 1869 4848 quod
1883 4774 1971 4848 stig·
2066 4761 2067 4812 l

328 4875 420 4942 iesu,
436 4871 471 4932 in
491 4869 661 4946 lampades
679 4869 765 4944 ignis
785 4870 884 4946 atque
900 4869 1120 4940 flammarum,
1176 4869 1264 4929 mata
1284 4867 1454 4929 carnitam
1471 4867 1658 4929 luculenter
1670 4869 1844 4945 impressa,
1858 4871 1970 4932 socios

330 4972 367 5031 ut
389 4983 483 5045 aquae
508 4967 620 5028 multae
644 4967 819 5028 caritatem
844 4969 918 5043 ejus
945 4967 1123 5028 111111111-
1175 4963 1973 5041 ι111111111111111111111ο111111111111111111111111111-
2066 4961 2067 5004 t

331 5067 406 5128 dam
432 5065 627 5140 extinguere
647 5079 713 5124 non
736 5064 898 5125 valerent.
916 5065 995 5124 Cum
1019 5064 1122 5141 igitur
1175 5061 1306 5123 ominus
1337 5061 1507 5138 publicare
1540 5061 1672 5122 Domini
1705 5065 1969 5136 sacramentum,

329 5162 514 5239 seraphicis
533 5160 774 5222 desideriorum
794 5160 969 5222 ardoribus
988 5176 1121 5222 stusum
1175 5159 1210 5220 in
1233 5175 1354 5236 magno
1373 5159 1436 5221 iuit
1451 5159 1577 5236 positus
1606 5158 1820 5221 dubitationis
1846 5175 1967 5236 agone,

329 5260 486 5337 ageretur
510 5259 545 5319 in
572 5262 688 5326 Deum,
719 5260 752 5319 et
772 5258 980 5333 compassiva
1007 5258 1122 5320 dulce·
1176 5259 1285 5318 utrum
1307 5257 1462 5318 videlicet
1484 5257 1570 5332 quod
1591 5256 1731 5328 viderat,
1751 5257 1886 5330 diceret,
1913 5260 1969 5320 rel

329 5359 407 5421 dine
430 5358 466 5417 in
487 5373 561 5418 eum
582 5355 888 5426 transformaretur,
919 5355 975 5432 qui
997 5371 1040 5416 ex
1061 5372 1121 5417 ca·
1175 5355 1311 5416 taceret.
1328 5354 1467 5415 vocavit
1484 5353 1622 5429 proinde
1641 5354 1772 5430 aliquos
1792 5343 1835 5416 ex
1849 5355 1969 5417 iratri-

328 5457 427 5520 ritate
444 5453 547 5514 nimia
562 5451 667 5515 voluit
687 5451 847 5528 cruciligi,
865 5452 1007 5529 quodam
1025 5469 1121 5515 mane
1174 5451 1296 5524 bus,·et
1310 5450 1523 5527 generalibus
1536 5449 1647 5512 verbis
1669 5451 1808 5528 loquens
1831 5451 1968 5514 dubium

330 5555 418 5616 circa
445 5552 563 5613 iestum
598 5548 818 5611 Exaltationis
844 5551 967 5612 sanctae
993 5551 1119 5622 Crucis,
1174 5565 1286 5612 coram
1307 5549 1356 5610 eis
1376 5547 1556 5626 proposuit,
1579 5549 1612 5610 et
1626 5548 1802 5608 consilium
1823 5550 1969 5626 requisi-
