4158 6380
658 223 982 286 PROLEGOMENA.
1005 251 1046 270 ···
1066 222 1176 284 VITA.
1697 223 1738 284 94

92 237 132 298 93

94 394 130 456 ut
139 391 292 466 deinceps
318 385 387 450 tale
415 382 541 464 aliquid
572 383 709 446 minime
733 381 883 446 sentiret.
938 381 1071 460 quaudo
1096 403 1104 442 :
1133 379 1217 443 Volo
1244 377 1366 442 iratres
1399 393 1490 442 meos
1520 377 1674 458 laborare
1702 382 1738 444 et

94 489 230 563 Quidam
245 485 356 547 autern
364 484 478 556 irater,
490 483 546 560 qui
557 483 638 546 tunc
656 480 800 544 orationi
823 496 885 542 va·
938 479 1130 551 exercitari,
1147 494 1198 550 ne,
1213 479 1280 540 otio
1294 476 1410 550 dediti,
1425 493 1485 554 per
1498 477 1617 540 illicita
1633 478 1737 540 corde

94 586 198 658 cabat,
219 582 422 644 haecomnia
456 581 537 642 luna
559 579 683 641 clarius
709 577 884 640 incedente
938 575 996 640 aut
1010 576 1124 652 lingua
1136 576 1310 651 vagentur.
1323 574 1559 651 evangelicum
1570 575 1734 654 siquidem

937 673 1070 737 volebat
1091 671 1284 736 asratribus
1307 672 1480 734 observari
1502 673 1683 745 silentium,
1699 673 1738 736 ut

92 677 269 758 prospexit.
284 675 521 752 Compertovir
542 675 613 745 Dei,
637 673 724 750 quod
743 671 807 734 boc
825 671 884 734 ille

92 779 186 838 nocte
198 774 346 844 vidisset,
372 787 528 836 reserans
543 773 575 832 ei
587 770 781 833 tentationis
800 784 883 846 pro-

92 887 230 944 cessum,
246 870 420 948 pracepit,
438 868 643 946 utquamdiu
660 867 881 946 ipseviveret,

92 970 175 1032 nulli
187 969 313 1030 viventi
323 983 404 1040 rem,
417 982 517 1044 quam
527 966 667 1037 viderat,
680 963 880 1043 propalaret.

91 1069 166 1130 Non
179 1066 285 1128 solum
300 1067 411 1127 autem
426 1063 619 1126 mortificari
639 1063 759 1125 debere
780 1063 882 1124 doce·
921 1077 922 1082 ¹

91 1166 147 1226 bat
170 1163 252 1226 vitia
278 1163 400 1234 carnis,
418 1163 451 1224 et
465 1164 537 1238 ejus
551 1161 720 1222 incentiva
734 1159 882 1228 fraenari,

89 1279 204 1326 verum
227 1261 328 1324 etiam
357 1260 541 1323 exteriores
563 1274 698 1330 sensus,
723 1272 782 1335 per
802 1273 884 1334 quos

91 1375 179 1422 mors
193 1359 297 1422 intrat
311 1359 353 1420 ad
367 1357 532 1429 animam,
556 1371 684 1423 summa
705 1354 884 1433 vigilantia

89 1457 261 1519 custodiri.

128 1554 308 1616 Mulierum
349 1553 606 1626 familiaritates,
642 1551 809 1629 colloquia
851 1549 884 1612 et

89 1649 253 1726 aspectus,
279 1663 353 1724 quae
379 1648 492 1711 multis
516 1649 594 1710 sunt
611 1647 743 1708 occasio
763 1644 880 1716 ruinae,

89 1745 252 1808 sollicitus
273 1745 392 1807 evitari
411 1742 559 1821 jubebat,
580 1759 735 1806 asserens
742 1757 802 1819 per
814 1741 883 1806 bu·

88 1839 231 1918 jusmodi
246 1839 388 1902 debilem
401 1838 523 1915 frangi,
532 1841 566 1900 et
579 1838 698 1901 fortem
711 1852 799 1914 saepe
813 1837 884 1914 spi-

88 1938 188 2000 ritum
202 1937 379 1998 infirmari.
401 1941 527 2000 Harum
542 1937 773 2012 contagionem
798 1951 882 1996 eva-

90 2035 165 2096 dere
189 2035 442 2097 conversantem
458 2051 532 2096 cum
552 2035 613 2107 eis,
636 2033 702 2094 nisi
721 2031 883 2110 probatis·

90 2133 207 2193 simum
235 2133 356 2204 virum,
394 2133 462 2194 tam
499 2130 599 2194 facile
644 2131 741 2204 dixit,
782 2145 882 2208 quam

88 2231 182 2306 Juxta
207 2230 413 2307 scripturam
432 2227 479 2310 (1)
496 2229 530 2290 in
554 2229 632 2305 igue
651 2227 834 2298 ambulare,
851 2228 884 2288 et

89 2343 154 2389 non
189 2327 386 2390 comburere
414 2327 557 2402 plantas.
607 2324 776 2402 Siquidem
811 2325 883 2401 ipse

91 2424 170 2487 adeo
194 2424 365 2487 averterat
387 2423 502 2486 oculos
517 2438 607 2496 suos,
622 2439 664 2484 ne
692 2421 883 2500 hujusmodi

90 2521 448 2594 vanitatemviderent,
472 2521 569 2598 quod,
593 2520 680 2582 siout
703 2519 882 2596 aliquando

90 2621 178 2681 socio
193 2619 291 2692 dixit,
305 2619 401 2695 quasi
413 2618 539 2679 nullam
565 2616 824 2708 recognoscebat
847 2617 882 2677 in

89 2716 181 2778 facie.
195 2718 273 2778 Non
288 2716 376 2778 euim
392 2729 544 2778 securum
560 2730 634 2776 esse
657 2714 803 2792 putabat,
819 2729 881 2777 ea-

88 2829 158 2876 rum
172 2815 357 2876 formarum
369 2813 534 2877 introrsus
557 2811 694 2876 naurire
705 2811 880 2888 imagines,

89 2927 158 2989 queo
173 2912 315 2988 possunt
325 2910 382 2973 aut
393 2891 545 2971 edomitae
560 2909 670 2972 carnis
681 2909 882 2973 resuscitare

93 3008 287 3086 igniculum,
303 3009 361 3070 aut
373 3007 501 3085 pudicae
512 3007 632 3069 mentis
645 3007 814 3071 maculare
828 3009 884 3069 ni-

91 3109 202 3170 torem.
218 3105 402 3168 asserebat
415 3106 516 3168 etiam
540 3104 695 3166 frivolum
714 3121 788 3167 esse
802 3123 881 3169 mu-

89 3204 178 3264 lieris
193 3203 410 3279 colloquium,
427 3203 566 3277 excepta
581 3201 652 3264 sola
671 3201 882 3265 confessione

89 3302 139 3364 rel
158 3300 382 3363 instructione
405 3299 613 3371 brevissima,
626 3300 724 3376 juxta
738 3299 824 3376 quod
849 3302 882 3362 et

92 3399 187 3460 saluti
208 3395 358 3474 expedit,
376 3400 409 3461 et
423 3397 578 3472 congruit
598 3396 777 3460 honestati.
801 3399 882 3468 Quae

93 3497 175 3564 suut,
197 3495 319 3573 inquit,
348 3495 505 3571 religioso
529 3510 612 3556 cum·
630 3493 771 3556 muliere
792 3497 883 3556 trao-

91 3593 186 3654 tauda
199 3592 345 3669 negotia,
367 3592 432 3652 nisi
447 3608 523 3653 curn
538 3591 688 3652 sanctam
711 3591 881 3667 poeniteu-

95 3690 179 3763 tiam,
190 3692 243 3754 rel
259 3689 410 3752 melioris
425 3689 502 3753 vitae
518 3687 705 3761 consilium,
722 3688 882 3762 religiosa

92 3788 245 3864 petitione
261 3787 428 3863 depossiti
439 3789 488 3848 Ex
501 3785 605 3849 nimia
618 3785 797 3848 securitate
813 3785 881 3846 rni-

92 3899 152 3946 uus
172 3886 309 3947 cavetur
334 3884 452 3956 bostis,
479 3884 512 3945 et
532 3881 696 3953 diabolus,
724 3881 753 3942 si
768 3881 808 3942 de
821 3897 882 3946 suo

93 3982 242 4058 capillum
258 3982 367 4060 potest
378 3979 500 4042 babere
515 3978 771 4042 inhominecito
785 3993 880 4042 cres-

93 4093 164 4140 cere
178 4079 257 4142 lacit
272 4080 307 4140 iu
322 4076 461 4141 trabem.

130 4177 236 4238 otium
256 4177 383 4248 autem,
400 4175 547 4242 omnium
566 4174 730 4238 malarum
750 4173 880 4250 cogita-

93 4271 213 4335 tionum
238 4274 415 4345 sentinam,
436 4272 575 4337 docebat
597 4285 806 4350 summopere
823 4269 881 4332 lu·

93 4369 254 4445 gieudum,
279 4370 430 4448 exemplo
452 4371 700 4442 demonstraus,
723 4368 881 4432 rebellem

937 771 1094 832 videlicet
1113 769 1154 831 ab
1171 771 1263 832 omni
1285 770 1392 832 otioso
1412 771 1512 832 verbo
1533 771 1624 832 omni
1644 772 1734 833 tem-

938 883 1020 946 pore
1040 867 1247 930 abstinerent
1267 867 1421 939 sollicite,
1438 869 1597 946 tanquam
1617 868 1737 930 reddi-

937 966 1006 1026 turi
1021 966 1057 1028 in
1079 963 1263 1042 diejudicii
1286 964 1326 1026 de
1348 965 1539 1040 hujusmodi
1556 966 1735 1027 rationem.

940 1061 1004 1124 Sed
1029 1063 1063 1124 et
1086 1062 1116 1124 si
1135 1078 1232 1140 quem
1251 1061 1436 1124 invenisset
1461 1061 1598 1124 tratrem
1623 1063 1735 1125 verbis

938 1160 1107 1221 assuetum
1130 1159 1296 1232 inanibus,
1315 1159 1438 1221 acriter
1457 1159 1628 1235 arguebat,
1644 1161 1734 1222 taci-

937 1257 1133 1320 turnitatem
1155 1256 1349 1330 modestam,
1367 1259 1400 1318 et
1419 1257 1495 1334 puri
1515 1257 1624 1320 cordis
1640 1257 1734 1319 altir-

938 1369 1034 1416 mans
1046 1355 1243 1426 custodiam,
1260 1355 1294 1417 et
1307 1369 1371 1415 non
1392 1354 1556 1417 modicam
1577 1369 1651 1418 esse
1664 1355 1738 1430 111·-Ι

937 1453 1053 1526 tutem,
1068 1467 1128 1529 pro
1144 1468 1183 1514 eo
1197 1452 1283 1528 quod
1299 1467 1389 1512 mors
1403 1451 1437 1515 et
1447 1451 1517 1514 vita
1529 1451 1600 1514 fore
1615 1451 1735 1513 dicun-

937 1549 992 1612 tur
1013 1550 1048 1609 in
1073 1549 1227 1614 manibus
1252 1547 1389 1625 linguae,
1417 1565 1484 1610 non
1510 1550 1578 1610 tam
1602 1549 1734 1614 ratione

938 1647 1066 1722 gustus,
1082 1663 1182 1724 quam
1196 1647 1327 1710 ratione
1339 1645 1492 1723 loquelae.

978 1742 1072 1806 Licet
1095 1744 1207 1807 autem
1222 1759 1281 1820 pro
1296 1742 1426 1804 viribus
1441 1743 1600 1804 advitam
1615 1744 1733 1806 euste-

937 1856 1010 1902 ram
1024 1840 1145 1902 iratres
1160 1840 1346 1914 induceret,
1363 1855 1430 1902 non
1446 1841 1559 1902 tamen
1574 1840 1606 1902 ei
1621 1841 1737 1918 place-

937 1936 995 2003 bat
1009 1938 1227 2000 districtiouis
1243 1937 1416 2009 severitas,
1432 1953 1506 2014 quae
1521 1938 1654 2013 pietatis
1667 1953 1734 2000 non

938 2035 1046 2098 induit
1057 2036 1198 2108 viscera,
1209 2051 1271 2096 nec
1281 2036 1333 2096 est
1344 2034 1558 2096 discretionis
1571 2036 1640 2097 sale
1651 2051 1735 2096 oon-

938 2133 1016 2196 dita.
1035 2135 1115 2194 Cum
1130 2133 1219 2194 enim
1232 2131 1374 2211 quadam
1388 2131 1485 2194 nocte
1504 2147 1591 2194 uuus
1605 2148 1648 2194 ex
1662 2131 1734 2214 ira-

936 2229 1042 2292 tribus
1057 2245 1126 2308 pree
1140 2229 1311 2292 nimietate
1328 2228 1538 2292 abstinentiae
1553 2229 1730 2292 admodum

938 2326 1025 2388 fame
1039 2328 1219 2402 cruciatus,
1234 2326 1360 2388 nullam
1371 2327 1483 2403 posset
1497 2327 1620 2388 babere
1634 2328 1732 2404 quie-

937 2427 1014 2498 tem,
1050 2425 1318 2501 intelligeretque
1341 2423 1415 2500 pius
1439 2423 1554 2500 pastor
1577 2423 1632 2484 ovi
1661 2439 1731 2484 suae

936 2521 1111 2585 imminere
1133 2522 1330 2598 periculum,
1346 2521 1480 2584 vocarit
1502 2519 1651 2596 fratrem,
1668 2535 1732 2598 ap-

937 2619 1046 2696 posuit
1060 2623 1201 2696 panem;
1224 2619 1257 2683 et
1277 2620 1315 2681 ut
1337 2618 1492 2680 ruborem
1516 2618 1566 2678 illi
1586 2617 1729 2690 tolleret,

937 2717 1037 2792 cepit
1046 2717 1119 2794 ipse
1129 2716 1220 2792 prior
1234 2715 1419 2788 comedere,
1432 2730 1572 2792 eumque
1583 2716 1625 2776 ad
1636 2731 1733 2776 man-

937 2813 1124 2876 ducendum
1145 2812 1287 2874 dulciter
1305 2812 1464 2884 inurere,
1484 2813 1642 2890 Deposuit
1661 2812 1733 2874 ira-

936 2911 988 2974 ter
1012 2910 1259 2982 verecundiam,
1287 2910 1428 2986 sumpsit
1457 2909 1578 2982 cibum,
1595 2909 1732 2986 gavisus

937 3008 1234 3085 quamplurimum,
1257 3005 1343 3084 quod
1373 3022 1433 3085 per
1457 3007 1732 3084 circumspectam

937 3105 1251 3168 condescensionem
1268 3105 1425 3181 pastoris,
1441 3109 1474 3168 et
1488 3104 1638 3180 corporis
1650 3119 1732 3166 eva-

937 3202 1037 3266 sisset
1059 3201 1281 3279 dispendium,
1304 3201 1338 3263 et
1358 3217 1425 3264 non
1447 3201 1615 3263 modicum
1634 3215 1734 3264 acce-

936 3301 1040 3378 pisset
1054 3299 1285 3362 aedificationis
1302 3299 1501 3376 exemplum.
1518 3301 1616 3360 Mane
1631 3297 1731 3372 iacto,

938 3397 1128 3460 convocatis
1142 3397 1178 3459 in
1194 3412 1297 3461 unum
1310 3396 1480 3469 iratribus,
1493 3395 1547 3460 vir
1562 3397 1622 3458 Dei
1643 3395 1734 3458 refe-

937 3509 1016 3556 rens
1041 3494 1128 3572 quod
1149 3495 1318 3556 acciderat
1342 3494 1450 3566 nocte,
1476 3493 1615 3570 provida
1637 3509 1733 3554 oom-

937 3593 1120 3656 monitione
1132 3591 1323 3670 subjunxit:
1337 3591 1386 3654 sn
1398 3590 1504 3663 vobis,
1516 3591 1646 3664 iratres,
1664 3605 1732 3651 non

937 3689 1043 3761 cibus,
1070 3689 1129 3752 sed
1158 3690 1282 3751 caritas
1314 3689 1350 3749 in
1385 3689 1583 3764 exemplum.
1615 3688 1733 3750 Docuit
1848 3735 1856 3742 .

937 3787 1073 3864 insuper
1088 3802 1145 3850 eos
1158 3786 1391 3862 discretionem
1405 3785 1510 3862 sequi,
1527 3786 1564 3846 ut
1578 3785 1731 3860 aurigam

936 3885 1189 3954 virtutemnon
1211 3897 1409 3958 eameram
1430 3897 1510 3942 caro
1532 3881 1659 3954 suadet,
1672 3882 1730 3944 sed

937 3995 1036 4058 quam
1046 3978 1179 4043 edocuit
1188 3979 1352 4051 Christus,
1361 3981 1457 4054 carius
1469 3979 1732 4042 sacratissimam

935 4077 1039 4142 vitam
1060 4093 1257 4154 expressum
1281 4076 1412 4160 constat
1426 4091 1501 4137 esse
1516 4075 1731 4154 perfectionis

937 4176 1118 4252 exemplar.
1136 4176 1176 4238 at
1190 4174 1347 4252 quoniam
1366 4176 1497 4250 sgnum
1513 4174 1586 4236 siue
1600 4173 1741 4237 macula
1853 4175 1857 4183 “

936 4273 1133 4335 crucifixum
1147 4273 1277 4334 nonest
1292 4271 1450 4348 possibile
1463 4271 1602 4344 bomini,
1619 4271 1732 4334 carnis

936 4369 1129 4433 infirmitate
1144 4369 1360 4442 circumdato,
1375 4369 1424 4434 sic
1438 4368 1584 4446 perfecte
1596 4370 1730 4443 sectari,

95 4481 222 4530 carnem
242 4469 278 4532 et
298 4468 437 4546 pigram,
455 4467 641 4544 disciplinis
661 4466 829 4530 continuis
849 4464 882 4528 et
936 4467 1016 4544 quin
1042 4467 1221 4544 aliquando
1242 4466 1373 4544 aliquas
1393 4467 1573 4532 contrabat
1593 4467 1728 4543 sordes3

93 4561 268 4628 fructuosis
282 4564 453 4630 laboribus
470 4577 543 4626 esse
557 4563 766 4626 domandam.
787 4563 882 4626 Unde
935 4565 1011 4626 ideo
1026 4564 1223 4627 documento
1235 4565 1326 4629 certo
1339 4562 1493 4626 firmabat
1501 4578 1569 4635 eos,
1584 4564 1640 4640 qui
1652 4579 1732 4638 per-

94 4675 209 4739 corpus
230 4679 328 4726 suum
355 4661 490 4724 fratrem
520 4660 653 4722 asinum
679 4659 879 4739 appellabat,
938 4660 1074 4726 leoduni
1095 4662 1172 4723 vitm
1195 4660 1377 4736 vigilanter
1405 4660 1593 4730 intendunt,
1619 4659 1730 4736 quoti-

92 4747 246 4836 tanquam
259 4759 437 4822 laboriosis
449 4758 701 4835 supponendum
712 4757 881 4827 oneribus,
937 4759 1046 4822 diariis
1076 4757 1196 4822 debere
1228 4773 1265 4820 se
1297 4757 1520 4834 lacrymarum
1548 4755 1731 4826 emundare

94 4855 215 4918 crebris
232 4856 424 4920 cadendum
445 4855 600 4932 flagellis,
626 4855 660 4920 et
679 4855 740 4917 rili
761 4853 882 4931 pabulo
937 4855 1082 4920 liuentis.
1107 4858 1181 4932 Ipse
1202 4869 1293 4926 vero,
1307 4854 1385 4920 licet
1402 4855 1474 4930 jam
1489 4855 1580 4922 esset
1591 4852 1731 4930 adeptus

94 4954 352 5018 sustentandum.
369 4953 404 5016 Si
419 4968 516 5030 quem
530 4968 610 5015 uero
626 4951 783 5017 cernebat
797 4951 883 5015 otio·
937 4953 1046 5018 cordis
1074 4954 1108 5015 et
1135 4951 1285 5028 corporis
1318 4951 1495 5027 puritatem
1526 4949 1730 5024 mirabilem,

94 5054 220 5114 sumet
245 5066 367 5127 vagum
392 5050 535 5112 aliorum
567 5042 653 5114 velle
681 5047 883 5113 manducare
937 5065 1004 5112 non
1025 5049 1177 5116 cessabat
1197 5051 1308 5114 tamen
1329 5048 1554 5124 lacrymarum
1568 5047 1730 5110 imbribus

92 5141 234 5221 labores,
250 5147 386 5213 fratrem
399 5161 547 5211 muscam
559 5145 796 5216 nominandum
808 5161 883 5208 een·
932 5145 1060 5223 jugiter
1074 5145 1189 5208 oculos
1202 5145 1340 5222 expiare
1364 5143 1537 5217 mentales,
1552 5159 1732 5222 corporeo-

95 5243 206 5306 sebat:
228 5261 267 5306 so
280 5245 365 5322 quod
380 5245 458 5308 talis
480 5244 565 5306 nibil
579 5244 659 5306 boui
672 5243 809 5315 iaciens,
824 5242 881 5306 sed
936 5258 1010 5304 rum
1038 5243 1200 5308 luminum
1222 5257 1289 5302 non
1314 5241 1528 5318 ponderando
1548 5244 1726 5318 jacturam.

93 5338 262 5407 benefacta
276 5343 440 5416 inliciens,
462 5343 562 5407 vilem
577 5345 610 5404 et
624 5341 881 5405 abominabilem
937 5343 1018 5402 Cum
1037 5341 1125 5404 enirn
1146 5357 1189 5402 ex
1213 5339 1370 5402 continuo
1396 5339 1477 5405 fletu
1503 5339 1729 5408 infirmitatem

94 5450 127 5496 se
148 5438 298 5503 omuibus
314 5439 439 5506 reddat.
457 5442 596 5518 Propter
609 5440 695 5518 qnod
712 5440 798 5505 dixit
817 5439 882 5502 ali·
938 5439 1109 5504 oculorum
1136 5438 1333 5505 incurrisset
1359 5437 1608 5514 gravissimam,
1650 5451 1730 5500 sua-

127 5549 167 5626 (1)
188 5553 285 5622 Pror,
298 5567 338 5623 rr,
352 5553 448 5612 1118.
