4152 6388
103 317 167 380 257
640 317 775 378 Pallia
796 317 915 379 PARS.
931 345 972 362 -
986 314 1215 376 EPISTOLAE.
1688 311 1749 370 258

104 478 233 540 sanctae
246 475 400 547 virtutes,
416 492 490 553 quae
507 491 568 553 per
586 475 740 553 gratiam,
767 477 800 537 et
819 475 899 536 illu·
953 489 1014 552 ego
1031 476 1226 551 ejusamore
1251 471 1381 543 anxior,
1399 485 1460 531 neo
1480 470 1552 534 sine
1575 469 1649 554 ipsa
1685 483 1744 531 re-

103 573 324 636 minationem
341 573 484 650 Spiritus
499 575 623 646 Sancti,
636 572 852 634 infundimini
864 572 899 633 in
954 571 1125 648 quiescere
1160 585 1314 646 possum.
1342 569 1481 629 Domine
1521 567 1577 638 mi,
1594 567 1744 638 tonosti,

102 670 208 734 corda
221 668 378 742 fidelium,
402 672 439 732 ut
452 670 493 732 de
509 669 698 732 infidelibus
721 670 833 731 fideles
849 669 900 731 fa·
954 669 1011 746 qul
1026 683 1077 728 me
1090 667 1130 728 de
1141 667 1204 729 ista
1221 667 1428 727 inamorasti.
1444 664 1551 726 Sedet
1565 666 1637 741 ipsa
1653 664 1745 726 sedet
1846 697 1851 709 .

102 767 215 830 cistis.
243 768 351 829 Mater
390 767 601 829 sanctissima
633 767 764 829 Domini
794 766 899 828 nostri
954 764 989 825 in
1018 763 1165 835 tristitia,
1183 763 1224 823 ab
1246 761 1398 824 omnihus
1412 761 1546 839 repulsa
1560 779 1567 834 ;
1583 762 1676 835 sacta
1695 761 1748 824 est

101 867 186 928 Jesu
212 863 345 936 Christi,
367 880 488 942 sponsa
510 863 652 942 Spiritus
690 865 814 936 Sancti,
840 879 899 926 ora
953 863 1053 936 quast
1067 864 1194 923 martiar
1207 862 1323 931 vidua,
1347 861 1486 920 domina
1504 861 1676 934 aetatium·
1696 858 1749 920 vi-

101 979 167 1042 pro
180 960 275 1023 nobis
287 978 361 1022 cum
374 963 489 1024 sancto
502 961 666 1024 Michaele
677 962 897 1037 archangelo,

102 1061 142 1124 et
151 1059 304 1121 omnibus
318 1058 496 1121 virtutibus
512 1060 682 1132 coelorum,
700 1061 733 1121 et
747 1059 899 1120 omnibns

103 1157 244 1229 sanctis,
261 1156 354 1218 tuum
370 1157 623 1219 dilectissimum
639 1157 760 1218 Filium
781 1157 898 1218 Domi-

100 1271 187 1316 num
201 1255 351 1316 nostrum
365 1255 398 1316 et
413 1254 621 1330 Magistrum.
636 1257 752 1316 Amen.

177 1471 232 1532 lV.
256 1467 375 1530 Oratio
395 1470 440 1530 od
466 1471 643 1544 Virginem
664 1471 830 1531 Martum.

148 1644 269 1708 Sancta
284 1644 343 1705 Dei
359 1643 516 1720 genitrix,
532 1644 639 1706 dulcis
650 1647 683 1706 et
693 1645 824 1716 decora,
840 1647 901 1708 Re-

101 1757 181 1818 gem
194 1740 293 1804 morti
308 1741 478 1814 traditum,
502 1742 624 1803 Filium
639 1742 731 1804 tuum
745 1741 901 1804 dulcissi-

101 1857 208 1912 mum,
231 1839 405 1902 Dominum
427 1840 577 1901 nostrum
599 1840 713 1902 lesum
733 1839 900 1901 Christum

101 1953 166 2016 pro
192 1934 287 1998 nohis
312 1951 428 2004 exora,
452 1939 489 1998 ut
510 1952 570 2013 per
594 1953 689 1998 suam
714 1937 900 2013 piissimam

102 2033 329 2105 clementiam,
342 2036 375 2096 et
389 2033 545 2096 virtutem
558 2035 780 2096 sanctissimae
793 2034 901 2096 incar-

101 2129 263 2203 nationis,
280 2132 314 2192 et
327 2131 444 2192 mortis
460 2131 566 2208 ipsius
579 2131 816 2202 acerbissimae,
838 2147 901 2192 no-

101 2228 158 2290 bis
172 2227 342 2306 indulgeat
357 2229 493 2305 peccata
508 2229 633 2290 nostra.
649 2232 765 2290 Amen.

126 2416 167 2477 V.
195 2417 271 2478 Atto
285 2415 398 2477 oratio
412 2417 457 2476 ad
471 2417 629 2478 eamdam
643 2418 683 2476 Β.
703 2417 880 2492 Vtrptaam

423 2515 589 2574 Martum.

145 2662 268 2723 Sancta
282 2663 388 2723 Maria
403 2661 511 2739 virgo,
534 2678 601 2724 non
623 2662 673 2725 est
695 2662 757 2724 tibi
781 2663 900 2725 similis

101 2759 186 2820 nata
208 2759 244 2819 in
264 2758 388 2821 mundo
407 2760 442 2821 in
463 2760 670 2832 mulieribus,
688 2761 769 2832 illia,
787 2763 820 2823 et
834 2777 899 2821 an-

105 2857 186 2918 cilla
200 2857 363 2920 altissimi
375 2858 476 2934 Regis
497 2859 608 2919 Patris
623 2858 779 2929 coelestis,
795 2859 901 2920 mater

105 2954 319 3017 sanctissima
352 2955 484 3016 Domini
513 2956 619 3018 nostri
651 2959 731 3018 Jesu
755 2956 899 3024 Christi,

105 3067 232 3128 sponsa
247 3052 391 3129 Spiritus
411 3053 536 3115 sancti.
553 3055 618 3114 Ora
640 3053 810 3130 pronubis
826 3069 899 3114 cum

104 3151 223 3212 sancto
246 3149 410 3211 Michaele
444 3151 662 3228 archangelo,
691 3152 724 3212 et
747 3151 900 3212 omnibus

101 3246 285 3310 virtutibus
319 3248 490 3319 coelorum,
530 3251 563 3310 et
595 3248 748 3310 omnibus
775 3249 899 3311 sanctis

100 3345 198 3406 tuum
222 3344 469 3406 sanctissimum
491 3345 624 3418 Filium,
643 3346 898 3409 dilectissimum

100 3441 280 3502 Dominum
307 3443 457 3503 nostrum
485 3443 519 3504 et
544 3444 751 3519 Magistrum.
786 3444 899 3505 Gloria

102 3538 210 3610 Patri,
227 3539 260 3600 et
274 3537 371 3610 Filio,
381 3541 412 3600 et
424 3539 563 3616 Spiritui
579 3541 712 3602 Sancto.
726 3531 818 3602 Siout
828 3543 900 3603 erat

102 3636 140 3697 in
155 3635 331 3714 principio,
348 3638 382 3698 et
396 3653 495 3710 nunc,
515 3638 548 3700 et
564 3653 718 3715 semper:
734 3640 767 3700 et
781 3639 816 3700 in
831 3654 899 3700 sae-

103 3733 182 3796 cula
192 3733 401 3796 saeculorum.
417 3739 533 3796 Amen.

159 3921 214 3984 Vl.
242 3921 360 3984 Oratio
378 3926 419 3983 Β.
436 3895 641 3998 pulchere
665 3923 846 3985 obtinendo

354 4021 561 4095 paupertate
577 4017 637 4100 (l).

144 4169 320 4232 ODomine
334 4172 424 4242 Jesn,
439 4171 575 4232 ostende
588 4170 670 4230 mihi
679 4170 816 4232 semitas
831 4173 897 4233 luae

101 4266 328 4329 dilectissimae
351 4267 568 4345 paupertatis.
597 4268 673 4329 Scio
698 4268 896 4345 enim,quod

100 4364 349 4426 Testamentum
376 4366 470 4427 vetus
499 4365 577 4427 novi
591 4364 655 4426 fult
680 4366 799 4443 figura.
826 4366 896 4427 Illis

101 4461 287 4538 promisisti
304 4478 312 4521 ε
331 4463 417 4528 Quia
432 4465 544 4524 omnis
555 4467 658 4533 locus,
670 4476 772 4535 quem
786 4467 897 4524 catca-

99 4557 194 4620 vcrtt
205 4572 267 4634 pes
281 4559 408 4630 vester,
425 4559 541 4620 vester
553 4558 621 4620 crit
638 4555 823 4638 (Deut.,x1,
839 4561 893 4632 243

91 4657 216 4728 'Josue,
229 4670 253 4727 1,
268 4655 302 4734 3)
320 4677 328 4715 :
344 4655 476 4717 calcare
497 4657 547 4718 est
569 4658 794 4717 contemnere.
812 4659 896 4717 Pau·

100 4757 215 4830 pertas
237 4751 348 4814 omnia
363 4751 480 4820 calcat,
501 4767 581 4828 ergo
609 4753 757 4813 omnium
772 4754 895 4815 estre·

99 4849 193 4925 gina.
207 4849 282 4924 Sed,
293 4850 430 4911 Domine
445 4849 502 4924 mi,
518 4849 572 4925 pie
582 4851 662 4911 Jesu
674 4849 815 4918 Christe,
832 4849 896 4910 mi-

101 4961 216 5008 serere
231 4946 295 5008 mei
315 4947 349 5009 et
368 4947 510 5008 dominae
525 4947 748 5024 paupertatis;
765 4962 842 5008 nam
864 4950 896 5010 et

154 5133 182 5204 l)
197 5133 499 5202 Quisonavenmram,
511 5125 778 5206 caplmajoris'ha
801 5133 893 5202 endae,

98 5135 213 5272 sd'ferlt,
230 5203 313 5261 facile
332 5205 511 5272 assentietur,
535 5199 702 5276 firmiusque
734 5147 839 5269 arefiet,
862 5206 892 5261 li.

97 5281 212 5347 patrem
226 5273 457 5347 hujusOrationis
468 5282 693 5343 auctoremesse,
704 5281 893 5356 utpotequem

96 5345 277 5418 paupertatis
290 5345 378 5414 zelus,
404 5354 432 5403 et
450 5345 586 5402 eximium
610 5345 673 5418 ejus
702 5345 895 5417 adipiscendae

96 5414 275 5472 desiderium
297 5414 332 5472 ad
359 5415 444 5472 ardua
459 5429 578 5488 quaeque
603 5415 737 5472 sectanda
766 5415 892 5472 deduxit.

96 5487 161 5544 Nec
178 5486 342 5543 incredibile
361 5488 415 5544 erit
440 5487 512 5543 votis
525 5494 553 5543 et
567 5487 700 5558 precihus
718 5499 815 5542 estne
837 5489 892 5543 Do-

96 5557 180 5612 mino
203 5555 359 5628 flagitasse,
375 5563 404 5612 et
419 5571 502 5629 prece
522 5555 577 5613 hac
607 5557 726 5628 allisque
754 5557 895 5614 similibus

98 5626 278 5686 orationihus
288 5641 386 5684 orasse
398 5635 427 5684 et
438 5641 582 5685 exorasse.
592 5629 697 5690 Verum
715 5625 805 5686 fateor
820 5627 895 5686 hanc

244 5765 359 5810 sarnus.
379 5767 452 5810 rona
472 5753 519 5810 Vl.

954 958 1006 1030 lis,
1022 957 1055 1019 et
1081 955 1351 1034 contemptibilis,
1377 955 1455 1016 dum
1470 956 1617 1017 omniurn
1632 954 1748 1031 regina

953 1055 1112 1124 virtutum
1125 1071 1133 1115 :
1154 1055 1188 1116 et
1201 1054 1418 1132 conqueritur
1428 1052 1547 1114 sedens
1557 1054 1592 1113 in
1601 1053 1748 1129 sterqui-

954 1153 1048 1225 linio,
1074 1152 1161 1230 quod
1188 1167 1303 1213 omnes
1329 1151 1429 1212 amici
1458 1152 1530 1228 eJus
1553 1152 1751 1227 spreverunt

954 1265 1040 1324 eam,
1054 1252 1087 1312 et
1101 1249 1180 1311 sacti
1193 1251 1270 1311 sunt
1282 1251 1354 1326 ejus
1366 1247 1504 1319 inimici,
1519 1250 1553 1310 et
1563 1247 1652 1325 ipsos
1669 1263 1749 1324 pro-

954 1347 1034 1409 bant
1045 1347 1175 1423 jamdiu
1185 1361 1259 1406 esse
1273 1345 1454 1416 adulteros,
1466 1346 1501 1406 et
1512 1360 1579 1407 non
1594 1360 1746 1421 sponsos.

954 1443 1037 1506 Vide
1051 1443 1190 1504 Domine
1200 1445 1290 1514 iesu,
1304 1443 1382 1520 qnia
1393 1443 1571 1519 paupertas
1583 1457 1642 1520 pro
1656 1441 1750 1504 tanto

954 1542 1005 1603 est
1032 1541 1151 1616 regina
1174 1541 1346 1610 virtutum,
1374 1553 1434 1617 pro
1470 1541 1594 1616 quanto
1619 1539 1750 1612 ¹relictis

954 1636 1295 1714 angelorumsedibus
1310 1636 1512 1698 descendisti
1527 1635 1567 1698 ad
1579 1636 1697 1708 terras,
1714 1637 1751 1697 ut

953 1735 1060 1811 ipsam
1079 1747 1193 1810 posses
1209 1733 1349 1797 caritate
1362 1734 1521 1810 perpetua
1535 1733 1748 1810 desponsare,

955 1833 988 1894 et
1013 1847 1127 1893 omnes
1153 1830 1367 1908 perfectionis
1382 1830 1468 1891 illios
1492 1831 1528 1890 in
1553 1831 1636 1906 ipsa,
1653 1833 1687 1894 et
1706 1847 1750 1893 ex

954 1929 1039 2006 ipsa,
1056 1932 1088 1990 et
1111 1943 1170 2006 per
1190 1928 1297 2005 ipsam
1313 1927 1494 2004 producere
1512 1949 1519 1988 ε
1534 1943 1607 2004 quae
1634 1931 1667 1991 et
1688 1928 1749 1990 tibi

955 2043 1029 2088 cum
1044 2026 1136 2088 tanta
1153 2025 1310 2087 fidelitate
1322 2025 1473 2096 adhaesit,
1491 2025 1574 2101 quod
1590 2027 1623 2087 et
1632 2025 1668 2086 in
1681 2042 1749 2088 ma-

954 2125 1016 2186 tris
1029 2125 1123 2187 utero
1152 2123 1323 2185 inchoavit
1337 2139 1433 2184 snum
1447 2123 1651 2201 obsequium,
1669 2124 1747 2184 dnm

955 2235 1075 2298 corpus
1104 2221 1288 2282 animatum
1310 2220 1456 2282 habuisti
1479 2223 1626 2282 omnium
1648 2221 1750 2282 mini-

956 2334 1056 2380 mum.
1075 2318 1139 2378 Sed
1154 2319 1187 2379 et
1199 2317 1360 2379 orientem
1374 2333 1417 2378 ex
1427 2319 1522 2379 utero
1538 2317 1572 2378 in
1585 2319 1748 2395 praesepio

956 2417 1070 2478 sancto
1091 2414 1227 2491 recepit,
1242 2416 1276 2475 et
1292 2414 1433 2487 stabulm
1445 2417 1478 2476 et
1491 2419 1744 2476 conversantem

955 2513 990 2574 in
1005 2512 1129 2573 mundo
1142 2513 1190 2573 sic
1203 2511 1356 2573 omnibns
1366 2515 1399 2573 te
1414 2512 1569 2589 privavit,
1581 2515 1616 2574 ut
1625 2512 1746 2588 capitis

955 2609 1170 2672 reclinatorio
1182 2608 1346 2671 faceretis
1362 2625 1489 2670 carere.
1504 2610 1566 2670 Sed
1579 2611 1611 2671 et
1626 2609 1746 2670 fidelis·

955 2708 1040 2768 sima
1067 2707 1246 2778 consortia,
1264 2706 1341 2768 dnm
1356 2707 1397 2768 ad
1412 2706 1535 2768 bellum
1553 2709 1676 2768 nostrae
1692 2723 1749 2769 re-

955 2804 1154 2881 demptionis
1167 2803 1356 2876 accederes,
1371 2805 1403 2865 te
1419 2805 1471 2866 est
1485 2805 1750 2867 comitatalldeli-

954 2905 1016 2973 ter,
1033 2905 1066 2964 et
1077 2903 1112 2962 in
1123 2901 1196 2979 ipso
1212 2901 1543 2980 passionisconflictu
1554 2902 1747 2966 individuus

955 2999 1102 3076 armiger
1127 2999 1243 3072 astitit,
1259 3001 1292 3061 et
1305 2999 1478 3076 discipulis
1504 2999 1746 3073 recedentibus,

954 3099 987 3159 et
999 3097 1197 3173 negantibus
1213 3113 1332 3158 nomen
1342 3097 1446 3167 tuum,
1456 3097 1529 3174 ipsa
1545 3113 1611 3158 non
1625 3097 1746 3159 disces-

955 3195 1008 3267 sit,
1025 3195 1082 3256 sed
1106 3197 1139 3257 te
1154 3196 1233 3257 tunc
1254 3211 1328 3257 cum
1352 3196 1420 3257 toto
1434 3195 1592 3257 comitatu
1611 3211 1746 3257 suorum

955 3292 1153 3369 principum,
1168 3291 1312 3354 fideliter
1328 3291 1479 3354 sociavit.
1501 3293 1570 3354 Imo
1583 3292 1656 3370 ipsa
1670 3309 1747 3354 ma-

954 3390 1005 3451 tre
1016 3392 1150 3468 propter
1162 3389 1371 3453 altitudinem
1381 3391 1491 3452 erucis
1499 3390 1586 3470 (quae
1597 3391 1749 3454 tamenta

953 3489 1032 3550 tunc
1059 3486 1201 3549 fideliter
1229 3486 1350 3562 coluit;
1374 3488 1407 3549 et
1432 3488 1664 3551 affectuanxio
1679 3488 1746 3550 tuis

954 3583 1167 3663 passionibus
1185 3587 1303 3662 juncta
1317 3582 1396 3663 luit)
1418 3585 1490 3663 ipsa
1507 3583 1671 3664 (inquam)
1686 3586 1747 3648 tall

953 3684 1071 3754 matre,
1098 3683 1131 3743 te
1156 3696 1222 3742 non
1242 3681 1374 3744 valente
1390 3683 1594 3758 contingere,
1611 3681 1745 3744 domina

953 3780 1143 3858 paupertas,
1161 3795 1235 3839 cnm
1248 3778 1401 3840 omnibns
1423 3779 1493 3839 suis
1505 3780 1655 3856 penuriis
1670 3781 1747 3842 tan-

953 3892 1053 3954 quam
1074 3875 1134 3938 tihi
1148 3875 1360 3952 gratissimus
1375 3875 1581 3949 domicellus,
1598 3879 1630 3938 te
1649 3878 1745 3954 plns·
1791 3885 1801 3907 ‘

953 3991 1052 4053 quam
1073 3988 1219 4050 unquam
1240 3972 1304 4036 luit
1322 3973 1471 4036 strictius
1499 3975 1699 4052 amplexata,
1715 3978 1748 4039 et

952 4074 1009 4135 tuo
1023 4072 1174 4134 cruciatu
1186 4071 1438 4150 praecordialius
1447 4074 1575 4149 juncta.

992 4171 1131 4248 Propter
1146 4169 1233 4247 quod
1247 4185 1309 4232 nec
1321 4170 1384 4232 sihi
1394 4170 1527 4233 vacavit
1537 4186 1671 4233 crucem
1683 4187 1746 4249 po-

951 4267 1025 4340 lire,
1035 4283 1097 4328 nec
1106 4267 1278 4329 rusticano
1289 4283 1380 4329 more
1391 4283 1599 4346 componere,
1613 4272 1645 4332 et
1654 4270 1745 4347 ipsos

951 4365 1064 4427 clavos
1089 4362 1140 4444 (ut
1163 4363 1324 4444 creditur)
1341 4382 1408 4428 non
1430 4367 1658 4431 insufficienti
1677 4363 1745 4429 nu'-

951 4477 1042 4524 mero
1061 4461 1257 4524 vulneribus
1273 4461 1460 4536 fabricavit,
1481 4479 1543 4526 nec
1557 4465 1648 4542 ipsos
1664 4481 1747 4526 exa-

951 4559 1031 4632 cuit,
1047 4575 1109 4621 nec
1121 4559 1250 4636 polivit,
1267 4559 1325 4620 sed
1339 4561 1408 4621 tres
1423 4560 1533 4634 rudes,
1548 4563 1581 4624 et
1595 4577 1743 4639 asperos

951 4659 984 4719 et
995 4656 1131 4718 obtusos
1143 4657 1186 4720 ad
1201 4656 1427 4734 adjuvandum
1441 4658 1534 4719 tuum
1545 4659 1743 4736 supplicium

951 4753 1163 4830 praeparavit.
1181 4754 1221 4815 iit
1232 4753 1309 4824 dum
1329 4753 1403 4814 sitis
1418 4756 1598 4816 morereris
1611 4756 1741 4830 ardore,

950 4851 1024 4927 ipsa
1046 4849 1153 4911 tidelis
1173 4865 1296 4927 sponsa
1322 4851 1465 4912 sollicite
1490 4851 1598 4924 affuit,
1624 4856 1660 4916 ut
1682 4869 1744 4919 nee

950 4947 1115 5009 modicum
1140 4963 1235 5024 aquae
1254 4963 1369 5026 posses
1388 4947 1512 5010 habere
1529 4970 1536 5010 :
1553 4950 1610 5012 sed
1634 4951 1667 5013 et
1684 4967 1744 5029 per

950 5132 1025 5204 epod
1058 5132 1151 5190 solum
1184 5132 1366 5202 Ubertinum,
1392 5132 1440 5191 lib.
1468 5135 1503 5204 V,
1532 5137 1652 5196 Arboris
1678 5139 1744 5196 otta

951 5204 1068 5272 Gdrt'stt,
1083 5218 1116 5260 ca
1139 5247 1146 5260 .
1167 5203 1195 5270 3,
1212 5203 1267 5261 huc
1285 5218 1375 5276 usque
1392 5206 1528 5264 latitasse.
1562 5209 1613 5266 llio
1643 5217 1741 5267 tamen

950 5219 1444 5402 p‘ffssumflssfflffldffl²⁸‘’·q¹¹¹¹³p⁰
1464 5279 1511 5350 qul
1527 5278 1739 5407 librnmdillum,

949 5347 1514 5500 attestationibus
1532 5365 1752 5494 {testib-

949 5493 1045 5542 monte
1060 5487 1192 5542 Alvernae
1199 5495 1384 5558 conscripstt;
1400 5503 1454 5546 nec
1465 5504 1551 5561 parva
1565 5491 1620 5548 llde
1633 5493 1740 5564 dignus

948 5565 1001 5624 est,
1009 5558 1114 5629 quippe
1124 5572 1160 5613 ex
1167 5558 1211 5614 sui
1220 5559 1317 5615 saeculi
1328 5560 1396 5618 viris
1405 5575 1458 5617 nec
1470 5561 1579 5619 doctior
1596 5577 1649 5618 nec
1659 5579 1739 5622 sane

948 5628 1001 5687 tior
1011 5627 1179 5688 credebatur
1193 5629 1275 5688 alius.

1549 5758 1566 5816 9
