4158 6380
130 257 170 316 cs
695 236 1018 322 anonaaonnnn.
1041 259 1209 322 -v1rl.
1724 261 1770 353 ec

123 416 208 477 simo
223 414 309 492 stylo
318 415 497 492 descripsit
511 417 544 476 S.
558 417 792 480 bonaventura
807 419 920 480 cardi·
973 419 1063 482 tione
1082 419 1202 480 instrui
1218 417 1334 496 possit,
1348 419 1382 480 et
1395 417 1437 479 ad
1453 407 1600 479 amorei'n
1615 418 1686 491 Dei,
1709 434 1769 496 per

122 512 210 573 nalis
224 509 312 590 (Lib.
327 515 399 584 Vll,
422 515 764 588 campanariam,
782 531 854 594 cap.
871 514 916 594 1).
972 516 1061 577 beati
1083 515 1254 576 Francisci
1270 515 1457 592 exemplum
1477 515 1671 576 instaurari.
1700 517 1768 592 Ego

973 612 1024 692 (ut
1038 628 1153 675 verum
1168 611 1288 692 fatear)
1316 629 1391 673 cum
1408 613 1514 674 sancti
1532 612 1702 674 Francisci
1717 613 1770 672 vi-·

162 737 320 810 moysius
334 737 555 810 Limam,
575 739 752 811 emmas
773 741 880 800 Vero,
972 711 1040 772 tam
1062 709 1147 786 lego,
1166 725 1231 770 non
1249 710 1355 770 solum
1377 709 1551 781 accendor,
1561 709 1623 791 'sed
1649 710 1768 788 ineius

470 835 600 894 nemis,
973 805 1188 868 meditatione
1208 807 1296 867 totus
1315 807 1495 867 exardesco
1508 829 1515 882 ;
1532 807 1642 883 utpote
1655 805 1690 868 in
1704 822 1770 886 quo

972 904 1065 965 tanta
1094 901 1200 962 divini
1223 901 1347 962 amoris
1369 903 1505 963 claritas
1533 902 1716 979 effulserit3
1735 904 1770 965 ut

161 1001 192 1060 6.
209 1001 302 1060 Hanc
323 997 392 1059 divi
416 1000 712 1074 Franciscivitam,
727 1001 845 1063 beatus
860 1001 918 1064 illo
972 998 1110 1075 angelus
1136 999 1257 1075 potius,
1286 999 1384 1076 atque
1405 1013 1448 1058 ex
1471 1015 1624 1075 supremo
1640 1000 1767 1072 ordine,
1861 1003 1866 1026 '

120 1100 355 1159 Bonaventnra
369 1099 402 1157 S.
417 1101 456 1160 R.
467 1100 502 1160 lt.
520 1098 714 1170 cardinalis,
731 1100 765 1160 et
779 1099 914 1176 episco-
972 1097 1029 1173 qui
1043 1096 1184 1157 arderet
1195 1095 1387 1156 incendium
1402 1095 1534 1166 dicitur,
1550 1097 1656 1173 magis
1669 1113 1768 1174 quam

122 1194 401 1272 pusAlbaneusis‚
415 1195 631 1256 Francisoani
641 1195 785 1258 instituti
796 1213 919 1260 nonso·
972 1193 1070 1254 homo
1097 1193 1163 1253 dici
1192 1207 1288 1268 posse
1316 1192 1480 1254 videatur.
1512 1194 1648 1269 Semper
1680 1195 1769 1256 enim

122 1292 193 1352 lum
204 1293 358 1362 sectator,
366 1307 482 1353 verum
493 1293 527 1354 et
538 1292 742 1354 instaurator
751 1294 784 1355 et
796 1295 916 1366 rector;
971 1290 1183 1351 beatissimus
1198 1290 1272 1361 iste,
1288 1289 1490 1364 cogitatione
1500 1290 1534 1350 in
1551 1290 1635 1352 coelo
1651 1305 1769 1353 versa-

122 1389 177 1449 vir
197 1389 233 1449 in
257 1388 380 1449 divinis
402 1389 583 1466 scripturis
605 1390 862 1462 eruditissimus,
878 1390 918 1452 de
972 1387 1086 1460 batur;
1114 1403 1244 1464 semper
1279 1385 1361 1448 lelix
1395 1389 1467 1463 ejus
1496 1388 1609 1448 anima
1640 1403 1769 1450 summo

122 1502 189 1562 quo
204 1487 387 1563 praeceptor
399 1489 471 1562 ejus
485 1487 676 1549 Alexander
687 1488 729 1548 ab
743 1489 845 1550 llales
862 1488 916 1548 di·
971 1485 1108 1546 Auctori
1123 1485 1301 1562 purissime
1323 1485 1357 1546 et
1374 1484 1596 1546 intentissime
1621 1483 1768 1548 inhaere-

122 1597 200 1644 cere
210 1581 637 1657 solebat3inBonaventura
646 1583 750 1645 Adam
762 1599 918 1661 peccasse
972 1581 1028 1644 bat
1040 1603 1048 1642 ι
1062 1583 1145 1644 adeo
1158 1583 1204 1654 ut,
1212 1597 1280 1659 prae
1294 1581 1417 1642 amoris
1429 1582 1656 1658 magnitudine
1667 1580 1768 1661 (quod

122 1694 191 1739 non
204 1678 353 1753 videtur3
368 1693 450 1755 puro
465 1693 506 1740 ac
515 1679 658 1757 simplici
673 1680 758 1757 stylo
769 1680 919 1758 descrip·
973 1679 1162 1740 homiuibus
1183 1679 1376 1756 plerumque
1399 1679 1632 1742 ardentissime
1651 1697 1769 1742 aman-

123 1775 179 1844 sit‚
194 1775 288 1838 tanta
301 1791 414 1837 rerum
424 1777 532 1851 copia,
547 1777 581 1838 et
591 1776 830 1838 sententiarum
841 1793 921 1853 gra-
973 1776 1061 1839 tibus
1076 1778 1269 1852 contingere
1283 1775 1380 1856 solet)
1394 1776 1561 1838 alienatus
1571 1792 1590 1838 a
1602 1775 1767 1851 sensibus,

122 1871 227 1936 vitate
240 1871 417 1949 refertam
431 1873 467 1935 nt
480 1873 570 1938 totus
592 1874 734 1936 mundus
756 1875 828 1951 ejus
845 1874 918 1936 lec·
973 1877 1073 1952 atque
1086 1877 1182 1938 extra
1197 1891 1235 1938 se
1248 1889 1322 1938 esse
1336 1873 1516 1936 rideretur.

825 2151 1063 2172 ιιι-ι*

420 2486 631 2612 VITA
702 2487 955 2614 ΒΕΑΤΙ
1027 2485 1473 2614 FRANGISCI

703 2741 722 2785 Δ
741 2744 767 2786 Β.
788 2741 994 2787 bonavnnruall
1013 2741 1190 2786 conscium.

531 2919 535 2926 ·
569 2905 679 2968 (Juxta
703 2905 890 2958 vaticanam
916 2903 1093 2958 editionem
1118 2919 1200 2956 auno
1226 2903 1326 2968 loeo.)

407 3145 639 3207 PROLOGUS,
976 3128 1094 3190 umbra
1113 3127 1228 3190 mortis
1250 3125 1470 3190 irradiatione
1494 3125 1689 3204 praefulgida
1712 3127 1781 3189 dis

975 3227 1064 3289 rexit
1078 3225 1113 3288 in
1128 3225 1247 3296 lucem,
1265 3225 1298 3286 et
1314 3225 1472 3301 tanquam
1487 3239 1585 3286 arcus
1599 3224 1769 3301 refulgens

165 3320 328 3397 Apparuit
362 3321 472 3397 gratia
506 3324 566 3385 Dei
603 3324 785 3387 salvatoris
812 3327 921 3389 nostri
975 3323 1064 3386 inter
1078 3322 1216 3384 nebulas
1230 3322 1347 3398 glorlae
1362 3320 1422 3401 (4),
1439 3321 1626 3397 signumin
1646 3338 1682 3385 se
1702 3326 1769 3384 Do-

125 3415 243 3478 diebus
264 3417 337 3481 istis
352 3420 544 3482 novissimis
564 3421 599 3482 in
620 3437 716 3484 servo
736 3439 797 3485 suo
813 3426 922 3486 Fran·
976 3421 1091 3482 minici
1105 3419 1239 3480 ioederis
1253 3417 1511 3496 representans,
1528 3434 1643 3495 pacem
1658 3422 1691 3482 et
1705 3435 1764 3480 sa·
1828 3419 1834 3436 “

125 3515 216 3575 cisco
240 3516 394 3577 omnibus
416 3533 495 3578 vere
517 3519 710 3592 humilibus,
737 3523 770 3584 et
795 3523 919 3584 sanctae
976 3519 1078 3580 lutem
1095 3517 1339 3593 evangelizavit
1353 3515 1554 3588 hominibus,
1574 3517 1721 3579 existens
1737 3520 1770 3580 et

124 3614 331 3688 paupertatis
346 3615 479 3688 amicis;
497 3616 554 3692 qui
573 3617 862 3694 superaffluentem
885 3619 921 3680 in
974 3615 1047 3692 ipse
1061 3614 1201 3689 augelus
1214 3629 1302 3674 veras
1317 3613 1409 3691 pacis
1421 3611 1485 3691 (5);
1502 3614 1682 3676 secundum
1697 3615 1770 3675 imi-

124 3723 166 3768 eo
192 3711 252 3770 Dei
283 3711 548 3772 misericordiam
574 3716 784 3787 venerantes,
814 3716 920 3791 ipsius
975 3712 1130 3775 tatoriam
1141 3725 1271 3789 quoque
1282 3709 1533 3771 similitudinem
1545 3713 1769 3772 Praecursoris

124 3805 323 3868 erudiuntur
346 3809 511 3885 exemplo,
530 3810 734 3886 impietatem
756 3814 790 3872 et
809 3828 920 3874 saecu·
975 3809 1159 3871 destinatus
1171 3824 1191 3868 a
1203 3811 1281 3880 Deo,
1299 3809 1336 3870 ut
1348 3807 1437 3868 viam
1453 3822 1574 3883 paraus
1589 3809 1625 3868 in
1638 3808 1769 3870 deserto

125 3901 213 3964 laria
232 3903 399 3966 desideria
420 3905 568 3968 funditus
589 3907 767 3984 abnegare,
789 3909 921 3971 Christo
975 3907 1147 3968 altissimae
1168 3904 1384 3982 paupertatis,
1405 3904 1473 3965 tam
1498 3904 1651 3981 exemplo
1671 3922 1770 3982 quam

125 3999 340 4066 conformiter
354 4003 479 4074 vivere,
496 4005 529 4065 et
543 4005 584 4066 ad
600 4004 731 4066 beatam
751 4021 843 4083 spem
857 4007 920 4068 de·
974 4003 1077 4066 verbo
1090 4001 1318 4081 poenitentiam
1334 4000 1532 4078 predicaret
1542 4023 1549 4062 ε
1560 4002 1703 4077 primum
1718 4019 1770 4064 su·
1801 4001 1812 4022 ⁰

126 4097 253 4158 siderio
272 4098 439 4161 indefesso
459 4101 564 4164 sitire.
582 4105 618 4164 Iu
637 4103 746 4179 ipsum
766 4120 919 4182 namque,
974 4116 1087 4178 pernae
1102 4100 1219 4176 gratiae
1234 4101 1424 4176 praeventus
1439 4097 1547 4170 donis,
1564 4098 1685 4162 dehinc
1699 4100 1772 4162 vir-

125 4195 163 4255 ut
172 4207 251 4256 vere
262 4197 500 4273 pauperculum
513 4203 547 4261 et
561 4201 738 4263 contritum
752 4199 811 4281 (1),
828 4205 920 4264 tanta
974 4200 1055 4260 tutis
1077 4197 1212 4260 invictae
1238 4195 1400 4259 adauctus
1422 4195 1563 4268 meritis,
1582 4197 1769 4274 prophetali

124 4293 213 4352 Deus
234 4293 387 4356 excelsus
404 4295 619 4372 benignitatis
639 4298 920 4362 condescensione
975 4312 1105 4374 quoque
1117 4295 1265 4373 repletus
1280 4293 1411 4371 spiritu,
1424 4308 1553 4355 necnon
1569 4296 1603 4355 et
1617 4296 1769 4372 angelico

123 4390 285 4465 respexit,
316 4392 403 4468 quod
431 4409 498 4454 nou
527 4394 634 4456 solum
670 4395 711 4456 de
739 4397 920 4458 mundialis
974 4395 1151 4472 deputatus
1184 4392 1306 4464 olllcio,
1340 4391 1562 4469 incendioque
1594 4393 1770 4468 seraphico

123 4489 392 4551 conversationis
412 4491 549 4567 pulvere
565 4493 738 4556 suscitavit
759 4510 917 4571 egenum3
973 4493 1062 4555 totus
1081 4491 1218 4568 ignitus,
1240 4491 1274 4552 et
1293 4489 1329 4552 ut
1348 4489 1401 4550 vir
1418 4487 1650 4550 hierarchicus
1669 4505 1770 4551 curru

122 4597 240 4646 verum
262 4585 363 4646 etiam
383 4588 585 4662 evangelicae
607 4589 821 4665 perfectiouis
836 4606 918 4667 pro·
973 4589 1072 4665 igneo
1088 4603 1220 4650 sursum
1240 4587 1366 4657 vectus,
1390 4586 1477 4647 sicut
1500 4601 1543 4646 ex
1565 4587 1670 4662 ipsius
1692 4587 1769 4648 vitae

123 4679 298 4754 sessorem,
328 4682 455 4754 ducem,
488 4685 586 4762 atque
610 4702 796 4761 praeconem
819 4687 921 4752 effec-
974 4687 1117 4748 decursu
1141 4685 1327 4746 luculenter
1349 4683 1497 4759 apparet,
1522 4683 1770 4745 rationabiliter

8 4822 16 4841 .
124 4777 212 4848 tum,
232 4779 268 4838 ln
293 4780 401 4840 lucem
421 4780 511 4842 dedit
532 4782 749 4856 credentium,
772 4787 807 4846 ut
826 4787 921 4848 testi·
974 4781 1207 4860 comprobatur
1230 4781 1362 4842 venisse
1385 4780 1421 4840 in
1447 4779 1568 4855 spiritu
1591 4782 1624 4841 et
1646 4781 1769 4842 virtute

123 4874 273 4936 monium
295 4877 501 4952 perhibendo
530 4879 571 4940 de
595 4879 721 4941 lumine
744 4879 803 4962 (2),
830 4884 919 4944 viam
975 4879 1055 4940 Eliae
1070 4877 1130 4959 (6).

122 4971 210 5034 lucis
219 4973 254 5034 et
264 4975 355 5049 pacis
366 4974 407 5035 ad
420 4974 520 5036 corda
531 4975 678 5038 fidelium
687 4979 826 5040 Domino
838 4996 921 5056 prae·
1015 4977 1158 5054 Ideoque
1173 4975 1312 5036 alterius
1325 4971 1425 5034 amici
1440 4972 1565 5049 sponsi,
1578 4974 1611 5035 et
1622 4977 1770 5052 Evange-

123 5071 271 5146 pararet.
294 5071 356 5132 Hic
382 5073 516 5144 etenim,
533 5075 629 5150 quasi
645 5077 742 5138 stella
757 5078 920 5140 matutina
974 5075 1060 5138 uste
1074 5075 1215 5136 loannis
1229 5071 1468 5134 vaticinatione
1483 5071 1630 5134 veridica
1646 5073 1706 5134 sub
1722 5074 1770 5136 si-

123 5165 160 5226 in
177 5167 285 5228 medio
298 5167 429 5232 nebulae
445 5169 492 5249 (3)
509 5171 610 5232 claris
624 5173 701 5236 vitae
714 5177 747 5236 et
759 5173 919 5238 doctrine
975 5171 1162 5234 militudine
1180 5169 1291 5246 angeli
1302 5169 1513 5232 ascendentis
1527 5169 1569 5230 ab
1583 5171 1658 5232 ortu
1673 5171 1767 5240 solis,

124 5263 253 5324 micans
276 5263 472 5342 lulgoribus,
490 5267 644 5330 sedentes
665 5270 701 5330 in
721 5271 868 5334 tenebris
887 5273 921 5334 et
974 5271 1172 5346 signumque
1187 5267 1247 5329 Dei
1261 5267 1330 5330 vivi
1345 5266 1512 5340 habentis,
1528 5267 1691 5330 astruitur
1702 5284 1768 5330 non

161 5418 189 5490 (l
219 5422 269 5490 la,
285 5435 361 5492 nxvr,
377 5438 404 5480 v.
423 5423 450 5481 2.
1023 5427 1052 5498 l)
1069 5427 1206 5496 lttd.,1x.

162 5491 192 5562 (2
218 5493 312 5560 toan,
329 5507 349 5561 1,
367 5507 394 5550 v.
410 5495 435 5550 7.
1021 5499 1048 5568 d)
1065 5495 1200 5565 lintach„
1212 5511 1254 5565 ιιι,
1270 5511 1298 5552 v.
1316 5495 1341 5554 l.

163 5561 205 5636 (3)
223 5563 343 5632 Euclea,
358 5578 385 5632 u,
402 5577 428 5620 v.
444 5565 470 5622 6.
1023 5571 1050 5642 6)
1066 5567 1119 5637 Gi,
1136 5570 1229 5639 infra,
1245 5581 1270 5624 c.
1286 5583 1323 5622 iv.

273 5701 386 5744 rnrnou.
406 5703 480 5746 roua
501 5691 547 5748 Vl.
673 5705 677 5716 ·
