4226 6406
133 297 192 362 511
703 295 1027 360 PROLEGOMENA.
1044 323 1082 340 ·-
1102 294 1211 358 VITA.
1282 367 1295 380 .
1721 298 1781 360 542

133 455 340 534 recognovit.
353 458 392 520 et
406 472 484 520 ecce
496 458 536 520 de
549 457 625 521 navi
639 457 712 536 ipsa
724 458 784 520 lux
794 471 929 534 egressa
1026 457 1128 518 Soror
1146 455 1298 534 quaedam
1322 455 1496 518 ancillaris
1508 455 1549 517 de
1562 455 1678 518 ordine
1691 473 1780 536 pau-

134 553 351 632 resplenduit,
376 571 448 633 quae
472 556 669 633 navigantes
697 557 730 620 et
761 555 929 632 collacry-
985 567 1102 629 perum
1142 553 1363 626 dominarum,
1403 553 1499 618 Oliva
1526 555 1673 626 nomine,
1703 570 1780 616 cum

134 654 264 716 mantes
279 667 348 730 prae
362 652 477 715 laetitia
492 654 710 732 praecedebat,
737 654 770 716 31
795 653 929 716 eosdem
984 649 1094 712 adbuc
1117 650 1223 728 patris
1247 650 1451 714 sanctissimi
1479 665 1599 728 corpus
1623 651 1783 714 existeret

133 751 176 813 ad
191 750 301 810 locum
327 751 360 810 S.
377 751 482 812 Marci
504 751 635 828 parvuli
656 751 754 828 juxta
769 751 928 814 venetias
983 747 1197 823 insepultum,
1215 748 1359 809 accessit
1372 748 1524 825 supplex,
1537 750 1570 810 et
1582 748 1781 839 deosculans

133 847 245 908 salvos
270 845 382 918 duxit,
406 862 470 923 quo
495 863 570 908 cum
590 847 696 923 patris
723 847 928 910 sanctissimi
983 859 1103 904 manus
1128 846 1200 920 ejus
1219 843 1308 905 inter
1330 847 1462 918 caetera,
1488 862 1561 923 quae
1580 846 1712 922 rogavit
1726 847 1782 906 in-

132 944 262 1006 meritis
278 943 317 1004 de
331 959 430 1004 manu
452 945 569 1006 mortis
584 945 671 1006 eruti
684 944 926 1022 pervenissent,
984 939 1114 1016 dulgeri
1136 940 1201 1002 sibi
1222 940 1350 1002 meritis
1366 944 1439 1017 ejus
1461 943 1567 1018 petiit,
1590 944 1626 1005 ut
1647 959 1780 1020 poenam

132 1057 212 1104 mox
226 1039 466 1118 praeambulum
483 1039 525 1102 ab
549 1056 664 1102 eorum
687 1043 795 1105 oculis
815 1041 927 1102 lumen
983 1052 1125 1110 omnem,
1141 1054 1240 1114 quam
1256 1039 1401 1114 peccatis
1414 1038 1624 1114 exigentibus
1637 1041 1782 1102 meruis-

132 1135 309 1212 disparuit,
331 1135 364 1198 et
378 1134 413 1196 in
437 1135 508 1198 tuto
522 1135 641 1213 positis
663 1136 819 1199 ducatum
838 1135 927 1198 ultra
983 1135 1043 1208 331,
1060 1135 1096 1196 13
1106 1135 1264 1214 praesenti
1275 1135 1341 1196 sibi
1356 1137 1442 1196 Deus
1453 1137 1632 1212 infligeret,
1648 1153 1709 1198 nec
1723 1155 1782 1215 pu·

132 1233 309 1294 subtraxit.
983 1232 1140 1294 niendum
1157 1232 1327 1310 quidpiam
1342 1232 1378 1293 in
1393 1235 1563 1311 posterum
1578 1237 1778 1297 reservaret.

172 1331 295 1392 Mirum
321 1330 353 1393 et
374 1344 487 1392 rarum
509 1330 595 1407 quod
620 1331 781 1408 sequitur.
806 1331 928 1392 Mulier
982 1330 1139 1391 Oratione
1167 1345 1247 1391 vero
1270 1329 1360 1392 facta
1386 1331 1626 1393 monasterium
1658 1332 1781 1393 mulier

131 1428 283 1505 quaedam
298 1427 338 1488 de
348 1428 460 1488 Monte
475 1427 575 1488 Silice
587 1427 654 1490 iter
668 1427 795 1490 faciens
807 1443 926 1489 versus
982 1426 1097 1498 subiit,
1113 1442 1258 1504 moxque
1272 1442 1441 1504 peremne
1454 1444 1575 1506 corpus
1590 1428 1705 1490 dolore
1716 1445 1779 1491 va-

132 1525 281 1586 Paduam
302 1539 377 1586 cum
395 1525 470 1586 viro
494 1540 566 1597 333,
589 1525 828 1588 comitantibus
851 1541 927 1588 eam
981 1522 1145 1584 fidissimo
1164 1523 1312 1586 cruciata
1330 1540 1400 1602 prae
1411 1524 1637 1588 immensitate
1652 1525 1779 1588 doloris

130 1621 329 1684 mulieribus
344 1621 421 1682 aliis
434 1623 699 1699 praeconceptam
713 1623 834 1685 mentis
856 1639 926 1684 suae
981 1621 1193 1697 semetipsam
1217 1619 1307 1682 ferre
1329 1636 1397 1683 non
1417 1622 1534 1696 valuit,
1563 1622 1621 1684 sed
1644 1636 1778 1688 sorores

129 1718 282 1781 laetitiam
305 1719 417 1780 verbis
441 1721 474 1782 et
494 1719 580 1782 laetis
602 1719 751 1796 gestibus
766 1719 925 1783 ostende·
981 1719 1123 1778 caeteras
1138 1717 1339 1779 stridoribus
1358 1718 1535 1780 admodum
1555 1719 1776 1796 perturbavit.

130 1815 204 1892 bat,
231 1816 372 1877 maritus
396 1817 485 1878 enim
500 1833 607 1894 nuper
621 1819 699 1879 ante
714 1817 923 1894 promiserat,
981 1815 1162 1891 Resumpta
1181 1830 1261 1876 vero
1281 1815 1454 1894 paululum
1473 1816 1666 1878 valetudine
1688 1818 1777 1880 circa

131 1913 217 1990 quod
231 1913 272 1974 ad
285 1913 394 1975 sancti
414 1913 531 1976 iacobi
554 1915 721 1976 visitanda
740 1915 858 1976 limina
873 1916 926 1992 ip-
981 1911 1111 1972 noctem
1128 1910 1181 1972 die
1201 1911 1353 1988 sequenti
1367 1927 1441 1972 cum
1456 1912 1629 1974 sororibus
1645 1915 1777 1977 caeteris

79 2067 83 2072 .
130 2026 202 2072 sam
219 2026 331 2072 secum
346 2010 492 2084 duceret,
508 2013 544 2072 ut
557 2011 700 2089 petebat.
720 2012 842 2076 volens
859 2013 926 2088 igi·
980 2008 1080 2069 simul
1093 2007 1165 2085 ipsa
1180 2008 1395 2071 refectorium
1410 2007 1599 2070 clanculum
1612 2009 1777 2076 subintra-

129 2108 185 2169 tur
194 2107 436 2185 jocunditatem
446 2111 518 2184 ejus
533 2110 566 2172 et
578 2109 850 2184 gesticulationes
865 2125 926 2187 pa·
980 2105 1039 2176 vit,
1057 2104 1090 2167 et
1106 2104 1147 2166 ad
1163 2120 1312 2166 mensam
1327 2120 1402 2166 oum
1417 2105 1494 2166 aliis
1510 2107 1700 2180 constituta,
1717 2108 1778 2196 ita

129 2203 213 2265 riter
224 2207 422 2282 temperare,
440 2205 573 2267 mulieri
586 2206 682 2274 dixit,
697 2206 775 2285 quid
796 2208 927 2270 totver·
979 2201 1063 2263 ratis
1076 2201 1176 2278 coepit
1195 2201 1305 2265 subito
1325 2201 1497 2264 doloribus
1514 2204 1701 2280 perurgeri.
1729 2205 1777 2268 ita

129 2300 182 2361 bis
195 2304 228 2364 31
239 2301 364 2362 risibus
377 2302 455 2364 laeta
470 2302 605 2375 diffluis,
623 2318 663 2364 ac
684 2319 743 2379 spe
757 2319 845 2366 vana
865 2305 925 2367 de-
981 2298 1065 2378 q110d
1081 2313 1291 2376 nequaquam
1306 2298 1416 2360 cibum
1436 2301 1593 2373 sumeret,
1611 2300 1668 2362 sed
1691 2317 1775 2379 par-

128 2400 226 2475 cepta
252 2399 347 2474 gestu
366 2398 507 2463 solveris
526 2400 734 2477 importunot
756 2402 850 2464 Scias
872 2418 925 2464 me
979 2395 1134 2457 turientis
1149 2411 1243 2458 more
1261 2412 1362 2474 super
1380 2411 1530 2458 mensam
1544 2397 1610 2458 buc
1629 2397 1777 2478 illucque

128 2495 648 2575 omninomulassepropositum‚
659 2499 691 2560 et
704 2515 923 2576 nequaquam,
980 2507 1015 2554 se
1026 2492 1177 2555 volveret
1198 2495 1231 2556 et
1250 2493 1421 2557 clamaret.
1437 2493 1579 2557 lubente
1595 2494 1698 2570 igitur
1710 2495 1775 2556 ab·

129 2594 242 2671 quotu
257 2609 416 2670 properas
433 2594 670 2671 profecturum.
688 2597 833 2674 Cumque
848 2613 924 2658 ma·
979 2588 1105 2666 11311333
1135 2589 1176 2652 ad
1201 2590 1485 2653 valetudinarium
1511 2591 1624 2654 delata
1648 2593 1714 2666 est,
1743 2596 1777 2656 31

128 2689 214 2752 11133
237 2688 349 2752 verbis
371 2691 535 2767 ejusmodi
557 2691 657 2752 valde
681 2707 755 2754 eam
783 2709 925 2770 exaspe-
979 2703 1052 2764 (111ae
1067 2686 1130 2747 sibi
1150 2689 1236 2750 votis
1251 2687 1405 2749 omuibus
1421 2688 1456 2750 in
1471 2689 1629 2765 praesenti
1642 2705 1776 2768 poenam

128 2786 233 2848 raudo
245 2787 457 2863 perstitisset,
474 2790 549 2865 post
558 2789 659 2864 longa
674 2790 808 2852 tandem
822 2791 925 2852 silon·
979 2783 1087 2860 infligi
1110 2788 1336 2864 PPOPOSOerat.
1362 2786 1593 2862 multiplicatis
1617 2787 1773 2864 Precibus

127 2885 176 2945 iia
191 2885 316 2946 mutato
331 2885 437 2958 vultu,
454 2886 576 2946 mulier
590 2886 704 2949 intulit
719 2887 921 2964 objurganti,
979 2880 1019 2942 ah
1039 2881 1154 2944 eodem
1176 2883 1323 2944 remedia
1347 2882 1530 2959 flagitabat.
1547 2884 1694 2946 Tandem
1712 2901 1776 2946 au-

129 2981 197 3042 nisi
211 2982 411 3058 promissum
433 2982 515 3043 mibi
539 2984 837 3060 preregrinationis
859 2986 925 3047 iter
977 2979 1045 3039 tem
1059 2980 1280 3041 reminiscens
1292 2980 1424 3053 mulier,
1442 2981 1618 3059 quamdam
1632 2983 1718 3060 apud
1738 2999 1775 3045 se

128 3093 228 3155 opere
246 3079 477 3155 compleveris,
506 3080 639 3142 noveris
662 3097 715 3142 me
738 3082 924 3146 innomine
979 3076 1101 3138 tunicae
1123 3078 1230 3139 sancti
1254 3077 1453 3154 particulam
1477 3078 1601 3140 babere
1615 3080 1774 3140 recondi-

128 3177 209 3237 Jesu
231 3175 365 3248 Christi,
389 3191 430 3238 ac
452 3175 540 3240 beati
559 3178 695 3240 Antonii
717 3179 813 3268 aquis
837 3180 922 3250 istis,
978 3174 1057 3244 tam,
1074 3189 1154 3236 mox
1165 3174 1302 3237 allatam
1315 3174 1380 3236 sibi
1395 3191 1497 3254 super
1511 3191 1631 3252 corpus
1648 3177 1774 3238 ducens

129 3288 204 3349 quae
228 3273 458 3358 praeterfluunt
480 3273 767 3351 submergendam.
797 3280 840 3339 At
866 3277 924 3338 ille
977 3272 1151 3348 applicuit,
1173 3273 1206 3336 et
1227 3271 1401 3334 confestim
1433 3273 1529 3336 dolor
1560 3275 1670 3337 omnis
1696 3274 1776 3336 abs-

128 3383 338 3446 nequaquam
373 3370 472 3432 fidem
498 3371 661 3434 adhibens
689 3373 799 3436 verbis
828 3378 921 3452 eJus,
979 3369 1090 3432 cessit.

129 3467 212 3545 quin
224 3467 333 3544 potius
349 3466 523 3531 obfirmata
539 3469 624 3532 facie
635 3472 770 3534 stultam
784 3488 921 3546 vocans,
1018 3467 1140 3530 Mulier
1152 3469 1303 3545 quaedam
1326 3469 1366 3530 de
1385 3469 1582 3546 Trimegone
1597 3470 1683 3532 nihil
1704 3473 1773 3533 tam

126 3563 328 3642 promissum
349 3565 481 3628 solvere
500 3567 709 3630 constantius
724 3569 921 3645 denegabat.
978 3566 1201 3638 desiderabat,
1218 3583 1316 3644 quam
1338 3567 1398 3628 sub
1420 3569 1526 3629 morte
1546 3571 1619 3643 ejus
1637 3569 1775 3631 visitare

128 3659 266 3722 Sublata
280 3677 360 3737 ergo
376 3662 508 3735 fiducia,
525 3678 564 3725 ac
579 3663 740 3740 speomui
764 3665 922 3728 frustrata
978 3663 1204 3741 sepulchrum,
1234 3663 1320 3742 quod
1349 3664 1398 3724 tot
1422 3664 1595 3726 miraculis
1621 3665 1775 3728 audierat

126 3757 247 3820 infelix
264 3760 396 3833 mulier,
424 3776 542 3822 manus
566 3761 602 3821 in
622 3778 658 3824 se
682 3764 857 3835 convertit,
883 3778 923 3826 ac
978 3760 1205 3822 condecorari.
1235 3762 1277 3821 At
1306 3775 1372 3821 non
1400 3761 1532 3837 poterat
1558 3777 1578 3822 a
1613 3762 1774 3824 fratribus

123 3855 215 3918 beati
227 3857 363 3920 Antonii
378 3859 510 3920 nomine
523 3859 678 3921 invocato
694 3856 806 3938 (quasi
819 3861 922 3922 etiam
978 3858 1047 3918 suis
1056 3858 1235 3920 constituta
1246 3858 1366 3918 messis
1376 3859 1524 3934 tempore
1537 3861 1647 3922 custos
1659 3859 1773 3936 agelli,

124 3953 246 4015 sceleri
260 3954 410 4016 sanctum
425 3955 647 4036 velitadesse)
665 3973 701 4018 se
716 3958 922 4034 praecipitem
978 3955 1014 4016 ut
1029 3954 1181 4032 abigeret
1194 3970 1367 4032 passerum
1377 3954 1588 4032 aliarumque
1600 3955 1774 4018 volucrum

125 4051 645 4128 aquisdeditzvidentesautem
661 4053 831 4124 mulieres,
848 4071 921 4132 quae
978 4052 1108 4130 copiam
1144 4051 1362 4128 frequentem.
1395 4054 1479 4112 Dum
1512 4053 1553 4114 ad
1583 4053 1698 4114 urbem
1723 4054 1775 4116 ire

125 4147 267 4210 aderaut
289 4149 408 4210 mediis
433 4148 588 4211 fluctibus
612 4151 829 4225 volutantem,
848 4152 922 4214 stu·
978 4151 1125 4227 cuperet,
1138 4149 1259 4212 fratres
1274 4150 1386 4212 autem
1399 4150 1674 4228 timeret,magna
1687 4151 1775 4212 fidu-

123 4244 265 4322 pefactae
279 4245 379 4306 nimis
395 4261 496 4307 cursu
517 4246 635 4324 rapido
660 4246 871 4320 advolabant,
891 4251 923 4310 31
977 4247 1029 4310 313
1051 4248 1149 4309 313113
1166 4247 1272 4308 oculis
1293 4247 1329 4310 in
1345 4247 1465 4308 coelum
1486 4248 1597 4328 inquit
1618 4271 1625 4309 :
1653 4250 1773 4312 Sancte

123 4341 267 4419 periculi
291 4341 400 4419 rapidi
422 4343 570 4404 fluminis
586 4344 709 4418 oblitae,
726 4344 920 4408 madefactis
976 4345 1115 4414 Antoni,
1140 4346 1170 4406 si
1193 4346 1231 4406 13
1252 4344 1293 4406 ab
1314 4345 1377 4406 1133
1401 4347 1514 4422 segete
1539 4347 1772 4424 profligaveris

122 4439 203 4501 totis
215 4439 373 4512 vestibus,
394 4441 489 4518 aquis
514 4441 695 4504 extrahunt
717 4442 920 4506 obvolutam.
976 4443 1143 4516 volucres,
1160 4442 1367 4520 illaesamque
1383 4443 1586 4519 custodiens,
1600 4445 1648 4507 ita
1661 4446 1698 4507 ut
1711 4461 1773 4521 ego

121 4538 229 4608 Quam
251 4553 326 4598 cum
348 4537 467 4600 educta
491 4537 587 4612 13131,
615 4539 651 4601 13
677 4540 790 4604 1111313
817 4541 923 4604 collo·
976 4556 1043 4603 nou
1064 4540 1186 4617 patiar,
1210 4555 1315 4602 voveo
1337 4543 1371 4603 31
1394 4541 1550 4617 promitto
1579 4557 1632 4602 me
1656 4542 1773 4602 novies

121 4635 254 4707 cantes,
283 4635 406 4696 mirum
430 4635 537 4708 33113,
565 4636 763 4699 mulieribus
789 4639 921 4701 caeteris
976 4637 1190 4715 sepulchrum
1218 4638 1311 4698 tuum
1337 4637 1522 4713 gloriosum
1548 4637 1771 4699 visitaturam.

120 4731 419 4809 contorquentibus
443 4735 553 4795 vestes
578 4749 670 4807 suas,
695 4735 727 4796 et
758 4750 921 4812 aquarum
976 4736 1051 4796 Non
1066 4735 1203 4796 omnino
1225 4733 1325 4810 dixit,
1346 4734 1478 4814 quando
1498 4749 1620 4810 magno
1640 4735 1772 4810 garritu

120 4828 255 4906 copiam
276 4829 507 4902 educentibus,
532 4830 606 4908 ipsa
628 4830 761 4908 quidem
785 4848 848 4894 nec
865 4833 921 4896 filo
976 4831 1155 4894 avolarunt
1169 4831 1282 4894 avium
1302 4831 1407 4892 multa
1422 4831 1568 4906 agmina,
1589 4847 1696 4909 neque
1713 4832 1772 4894 illa

121 4925 345 5003 subtegminis
367 4926 566 4999 humefacto,
596 4942 697 5004 super
720 4928 828 5006 ripam
856 4931 923 4991 flu·
976 4931 1011 4993 in
1034 4929 1180 5006 agellum
1212 4928 1423 5000 advolarunt,
1456 4927 1524 4990 nisi
1552 4930 1626 5007 post
1652 4945 1799 4992 recon-·

120 5024 224 5084 minis
246 5023 379 5088 invecta
397 5026 458 5088 est.
485 5025 577 5098 Quod
603 5041 684 5087 sane
708 5025 831 5089 factum
856 5029 921 5089 etsi
976 5027 1080 5089 ditum
1096 5026 1310 5087 frumentum.

121 5121 271 5184 fatuitati
284 5121 395 5198 potius
408 5123 452 5185 sit
461 5121 729 5198 adscribendum,
742 5140 842 5201 quam
855 5125 922 5187 vir·
1016 5127 1161 5186 Puerum
1187 5123 1363 5202 quemdam
1388 5122 1576 5198 Patavium,
1591 5125 1773 5202 Henricum

120 5220 199 5292 1311,
228 5220 334 5296 patris
360 5222 472 5284 tamen
499 5221 702 5284 sanctissimi
727 5222 800 5284 baec
833 5223 920 5300 apud
976 5222 1128 5298 nomine,
1157 5221 1278 5284 collum
1305 5219 1471 5283 dolentem
1498 5221 1601 5284 nimio
1629 5223 1771 5297 tumore,

120 5319 228 5380 Deum
250 5317 371 5380 merita
392 5319 572 5396 potuerunt
596 5319 758 5390 obtinere,
786 5322 833 5393 ut,
864 5323 921 5399 qui
975 5322 1081 5382 mater
1095 5319 1186 5380 vovit
1197 5318 1318 5380 afferre
1333 5318 1375 5380 ad
1390 5317 1498 5382 sancti
1512 5319 1578 5382 viri
1593 5321 1770 5397 tumulum,
1882 5349 1886 5356 r

121 5431 213 5478 verae
238 5431 369 5492 semper
391 5416 615 5494 simplicitatis
645 5419 774 5480 amicus
797 5420 918 5492 extitit,
976 5419 1009 5480 et
1035 5417 1212 5478 donarium
1246 5415 1368 5477 offerre
1401 5416 1524 5492 effigiei
1559 5433 1666 5480 cereae
1697 5435 1772 5480 cum

122 5512 374 5590 simplicitatem
396 5512 552 5587 foeminae,
570 5515 649 5577 licet
663 5515 783 5589 stultae,
802 5517 920 5580 mediis
975 5529 1095 5590 magna
1118 5511 1256 5574 candela
1278 5511 1375 5573 modo
1396 5512 1656 5576 convalesceret.
1679 5515 1774 5576 Fecit

122 5609 281 5672 fluctibus
297 5613 513 5673 conservaret
527 5611 678 5674 illaesam.
975 5611 1048 5682 illa,
1077 5627 1120 5672 ex
1146 5611 1243 5687 parte
1269 5609 1440 5671 convaluit
1467 5609 1577 5686 iilius,
1609 5611 1665 5672 sed
1693 5610 1770 5671 dum
