4226 6406
128 295 187 358 att

129 453 248 512 iteneris
272 461 301 512 et
319 453 391 512 lucri
411 452 603 510 occasionem.
621 453 763 510 Praeterea
778 451 881 510 divites
891 467 926 508 ex

129 551 211 616 parte
226 543 277 601 bei
297 541 390 611 docet,
405 556 442 599 ne
457 541 627 613 despiciant,
643 554 737 613 neque
760 541 841 598 liecei
856 555 925 613 pen-

127 630 198 688 dant
223 645 350 704 egenos3
373 645 493 702 quorum
508 628 722 698 verecundiam,
736 630 761 686 si
777 644 863 701 quam
878 643 926 686 co·

126 735 190 778 ram
203 720 343 793 locuplete
357 719 434 792 passi
446 726 522 787 sunt,
539 720 568 776 iu
584 718 724 775 inserente
734 718 823 791 judex
837 717 923 775 ulcis·

125 817 209 866 cetur
223 823 351 877 severus,
359 816 387 866 et
400 809 429 864 iu
442 807 615 880 patientibus
624 814 705 879 pater
717 806 862 880 absterget
877 807 927 862 rni-

125 899 260 956 serieors.
287 896 428 969 Quidquid
451 903 513 970 pest
530 911 562 954 se
576 895 708 953 homines
718 897 747 952 iu
763 894 927 953 terrareliu·

126 987 429 1058 quone-emarcescit,
447 987 550 1054 solum,
566 999 651 1057 quam
668 985 696 1042 in
713 985 770 1044 vita
787 983 925 1053 lecerunt,

125 1077 312 1149 eleemosyna
327 1089 441 1147 semper
455 1075 580 1132 virescit.
597 1075 689 1142 Quam
705 1074 732 1130 13
751 1072 859 1131 mundo
878 1074 926 1130 tri·

124 1163 227 1234 buunt,
248 1165 277 1221 iu
290 1163 371 1221 coelis
383 1163 551 1234 inveniuut3
565 1162 734 1235 impendunt
746 1161 925 1234 temporalis,

125 1253 269 1326 recipiunt
291 1259 408 1310 eterna.
424 1251 477 1321 Qui
504 1257 599 1308 autem
623 1251 822 1324 eleemosynas
845 1251 925 1322 petit,

126 1341 254 1414 equales
275 1343 335 1398 Deo
353 1341 445 1398 solvat
463 1340 581 1413 gratiss,
597 1337 712 1411 quando
726 1341 753 1398 ei
768 1339 928 1396 misericor·

126 1430 198 1489 diter
224 1428 364 1498 tribuitur,
396 1435 424 1486 et
443 1427 558 1499 quando
579 1427 731 1485 crudeliter
744 1426 923 1501 denegatur:

126 1518 241 1591 quando
251 1518 391 1586 tribuitur,
405 1518 454 1590 qui
469 1532 485 1575 3
500 1520 559 1575 beo
580 1517 709 1585 mittitur,
726 1523 758 1573 ut
769 1515 926 1573 nuditatem

127 1607 256 1680 eorporis
281 1613 427 1679 contegat,
454 1613 483 1663 et
510 1605 634 1663 esuriem
668 1605 776 1662 ventris
795 1603 924 1660 reliciat:

128 1694 243 1767 quaudo
266 1702 397 1768 negatur,
418 1694 484 1766 quia
504 1693 618 1750 occasio
641 1691 759 1750 oiiertur
784 1691 878 1749 meriti
897 1699 927 1748 et

128 1783 282 1856 patientie.

371 1898 491 1956 SERMO
511 1897 689 1967 QUARTUS.

345 2014 386 2070 De
404 2027 500 2070 amore
518 2011 712 2070 inimicorum.

162 2127 266 2187 Audite
277 2128 474 2200 legationem,
487 2130 609 2196 Fratres,
619 2140 705 2197 quarn
716 2140 767 2198 per
775 2123 926 2182 minimum

129 2217 328 2276 servunculum
349 2231 433 2273 suum
448 2231 464 2272 e
478 2215 560 2273 coelis
579 2215 664 2272 mittit
681 2215 854 2272 ditissimus.
876 2213 923 2270 bi-

129 2307 210 2379 ligite
224 2319 337 2373 omues,
352 2311 380 2361 et
393 2304 536 2377 proximos
551 2310 672 2372 vestros,
686 2310 715 2359 et
729 2315 807 2358 eosa
824 2299 926 2372 quibus

129 2395 276 2452 sinistrum
302 2390 408 2464 aliquid
432 2391 587 2464 patimini:
613 2391 653 2447 illi
675 2391 753 2447 enim
782 2386 925 2445 manifesti

129 2489 194 2538 sunt
209 2480 303 2549 amici,
320 2479 366 2536 isti
388 2493 456 2536 vero
475 2477 637 2536 nullatenus
656 2475 773 2534 inimici.
798 2475 850 2544 Qui
873 2488 926 2531 vos

130 2577 237 2638 amant,
253 2569 301 2641 qui
315 2567 397 2625 vobis
408 2567 546 2638 serviunt,
562 2567 611 2638 qui
626 2567 731 2623 vietum
752 2563 880 2638 prebent
898 2569 926 2619 et

129 2659 275 2726 vestitum,
292 2664 387 2715 vestro
399 2653 583 2713 benefaciunt
597 2655 730 2727 corpori:
748 2652 798 2711 sed
814 2653 926 2726 quivos

129 2754 295 2820 sequuntur,
318 2747 366 2818 qui
387 2744 468 2802 vobis
490 2745 659 2812 irascuntur,
678 2743 727 2816 qui
744 2757 796 2799 vos
815 2740 926 2816 injuriis

130 2835 266 2905 alliciunt,
283 2835 361 2907 plura
376 2833 498 2891 atterunt
512 2831 663 2890 commoda
681 2831 801 2904 spiritui.
819 2831 925 2889 Omnes

129 2938 201 2997 ergo
222 2924 307 2980 amiel
328 2930 405 2990 sunt,
424 2929 453 2979 et
477 2921 569 2978 nullus
592 2920 737 2978 vocandus
759 2926 803 2976 est
826 2917 922 2975 inimi·

129 3027 180 3070 eus
188 3011 240 3084 (1),
256 3025 357 3068 omnes
371 3009 562 3080 benefaciunt,
586 3009 680 3066 nullus
700 3007 820 3080 injurius
834 3007 924 3064 laces·

130 3101 176 3158 sit.
194 3102 300 3158 Preter
313 3099 503 3171 vosmetipsos
518 3098 627 3155 nullum
639 3095 751 3154 habetis
765 3095 923 3152 inimicum.

132 3188 163 3248 Si
187 3203 258 3262 ergo
277 3187 371 3245 odisse
393 3187 478 3245 vultis
495 3187 635 3256 inimicos,
655 3199 671 3242 3
692 3199 812 3258 corpore
829 3191 925 3242 vestro

129 3285 159 3336 et
170 3277 295 3336 sensuali
316 3277 431 3349 incipite
456 3275 592 3348 appetitu.
619 3273 648 3332 Si
671 3272 707 3330 de
731 3273 922 3330 iuimicovin·

129 3366 219 3425 dicari
234 3366 347 3438 cupitis,
365 3379 468 3438 eorpus
483 3363 637 3436 flagellate,
657 3369 686 3418 et
700 3369 847 3434 tamquam
862 3374 922 3418 ser·

130 3469 199 3512 vum
219 3453 349 3526 sublicite
377 3451 498 3526 spiritui.
514 3451 567 3520 Qui
591 3465 642 3508 vos
665 3454 783 3520 creavit,
803 3451 879 3506 Deus
898 3454 926 3505 et

130 3544 246 3616 quivos
264 3541 395 3610 redemit,
423 3540 561 3609 Christus,
585 3537 734 3596 vobiscum
768 3537 815 3603 sit.
839 3545 867 3594 et
890 3536 925 3595 ab

130 3631 263 3690 omnibus
277 3637 406 3689 teneatur
420 3628 558 3688 adversis.

375 3799 495 3858 SElillU
513 3797 680 3867 QUINTUS.

346 3917 389 3972 De
402 3915 530 3986 perfetta
547 3911 711 3971 obedientia.

167 4041 307 4098 creature
334 4038 386 4095 Dei
401 4051 499 4094 sumus
521 4049 632 4106 ornnes,
654 4033 754 4092 iratres
772 4033 840 4102 mei,
854 4046 926 4104 quos

130 4143 189 4202 pre
201 4128 313 4196 ceteris,
327 4126 423 4184 multis
436 4124 518 4182 bouis
535 4125 698 4182 ditissimus
717 4121 926 4195 benignissime

129 4217 239 4274 ditavit.
256 4217 285 4273 Si
300 4216 406 4273 illinon
422 4213 623 4286 obsequamur,
637 4227 690 4269 neo
701 4209 776 4284 quod
786 4209 867 4283 jubet
876 4209 927 4266 im·

127 4305 241 4378 plemus
263 4305 348 4376 (sieut
366 4305 395 4360 13
418 4303 563 4376 Baptismo
584 4298 780 4375 promisimus)
803 4295 924 4356 heredi-

127 4401 189 4454 tate
204 4393 302 4467 glorie
321 4407 374 4450 nos
395 4390 536 4465 spoliabit,
557 4398 586 4448 et
608 4389 768 4463 precipites
793 4387 873 4445 dabit
896 4385 924 4442 13

607 293 833 356 APPENDIX.
853 323 894 338 -
913 293 1133 356 OPUSGULA
1159 293 1297 355 DUBIA.

1714 295 1777 357 442

981 451 1094 524 quaudo
1109 453 1171 526 eius
1186 452 1389 526 participamus
1407 451 1497 523 b0n03
1513 449 1670 511 3111311111
1687 453 1777 511 uomi-

981 555 1093 610 namur,
1110 539 1224 612 quando
1251 541 1277 598 ei
1300 540 1493 600 assimilamur
1514 543 1542 598 13
1562 543 1776 614 operationeo

982 643 1067 700 quam
1089 629 1246 703 gloriosum
1269 635 1331 699 est,
1359 636 1468 702 patrem
1492 629 1600 688 babere
1625 631 1654 688 in
1678 630 1774 688 coelisl

982 732 1067 788 quarn
1089 717 1239 790 pulchrum
1258 724 1286 776 et
1308 732 1406 788 suave,
1422 719 1472 776 tali
1494 718 1640 776 adherere
1653 721 1774 791 sponset

981 820 1067 877 quam
1087 805 1253 877 opulentum
1279 813 1308 862 et
1321 807 1484 879 egregium,
1508 805 1624 864 fratrem
1647 815 1776 865 nostruin

982 891 1125 952 heredem
1149 893 1255 952 babere
1271 896 1363 968 Regni
1384 896 1535 953 celorumt
1560 898 1642 953 llunc
1670 896 1776 954 Paulus

982 983 1214 1055 primogenitum,
1242 984 1368 1040 ioannes
1394 984 1507 1041 vocavit
1527 984 1772 1058 unigenitumlssl.

981 1072 1210 1144 Primogeunum
1229 1071 1423 1143 appellaverat
1447 1071 1493 1129 ille
1515 1073 1544 1128 13
1559 1079 1671 1142 331333,
1688 1087 1775 1146 quam

981 1173 1017 1216 ex
1038 1161 1143 1216 uostris
1167 1160 1287 1233 accepit,
1311 1161 1491 1233 unigenitum
1515 1161 1569 1218 iste
1591 1161 1621 1218 iu
1650 1163 1775 1232 Deitate,

981 1263 1068 1320 quarn
1078 1263 1114 1306 es
1125 1250 1208 1307 Patre
1218 1250 1358 1321 equalem
1373 1264 1409 1306 ex
1423 1251 1583 1308 aeternitate
1595 1251 1712 1324 recepit.

1016 1337 1091 1394 111311
1111 1339 1251 1395 Dominus
1272 1338 1301 1394 in
1322 1339 1482 1412 Evangelio
1495 1355 1502 1395 :
1514 1340 1575 1396 Nisi
1590 1339 1655 1412 quis
1668 1353 1775 1396 reuun-
1854 1394 1865 1418 ,

980 1426 1093 1483 tiaverit
1117 1426 1250 1484 omuibus
1273 1440 1336 1498 que
1355 1426 1491 1499 possidet,
1513 1443 1571 1484 uon
1584 1434 1678 1501 potest
1696 1442 1777 1486 meus

981 1529 1045 1572 esse
1068 1513 1225 1586 discipulus
1236 1514 1289 1588 (1),
1301 1521 1347 1572 et:
1362 1516 1414 1584 Qui
1425 1517 1543 1573 voluerit
1554 1518 1681 1574 animam
1694 1531 1777 1575 suam

980 1605 1089 1660 salvam
1115 1602 1221 1672 lacere,
1236 1603 1335 1676 perdet
1348 1618 1413 1660 earn
1429 1604 1481 1676 (5).
1499 1606 1584 1674 Quasi
1599 1603 1684 1675 dieat,
1701 1605 1776 1678 quod

980 1692 1027 1749 ille
1041 1693 1137 1748 omnia
1153 1693 1296 1764 relinquit,
1321 1693 1369 1764 qui
1385 1693 1506 1765 proprie
1525 1695 1668 1752 renuntiat
1681 1695 1779 1753 volun·

897 1851 901 1858 ,
980 1782 1041 1850 1311,
1056 1787 1085 1838 31
1103 1781 1149 1838 113
1171 1781 1297 1838 animam
1308 1795 1390 1838 suam
1405 1780 1550 1853 perdendo
1562 1783 1664 1852 salvat,
1680 1783 1728 1857 qui
1747 1784 1777 1840 il·

980 1869 1034 1926 lius
1058 1883 1125 1926 ese
1144 1868 1256 1927 abdicat
1274 1868 1442 1937 dominium,
1470 1878 1499 1927 et
1519 1878 1609 1928 toturn
1624 1870 1700 1943 quod
1721 1878 1777 1941 est,

981 1959 1089 2032 prelati
1117 1957 1231 2032 subjicit
1258 1959 1388 2031 imperio.
1414 1958 1535 2028 Quidam
1567 1965 1635 2017 suut
1660 1959 1775 2031 subditi,

981 2048 1087 2120 proprii
1098 2062 1308 2106 seususerrore
1319 2049 1442 2121 decepti,
1459 2049 1507 2120 qui
1517 2048 1775 2122 quodcumquesu·

980 2137 1099 2208 perieris
1120 2144 1304 2209 preceptum,
1321 2135 1396 2209 quod
1418 2136 1564 2194 indomite
1576 2137 1715 2195 voluntati
1729 2151 1776 2195 re·

981 2232 1101 2298 pugnat,
1125 2227 1221 2282 statim
1243 2226 1360 2299 Regule
1381 2231 1410 2284 et
1434 2227 1537 2283 anime
1560 2225 1689 2299 judicant
1712 2240 1777 2284 esse

980 2313 1164 2371 contrarium.
1182 2312 1312 2372 Perfecta
1333 2314 1495 2371 obedientie
1510 2321 1555 2371 est
1567 2314 1626 2383 1113,
1642 2329 1698 2386 qua
1712 2316 1779 2371 reli·

980 2403 1079 2476 giosus
1100 2401 1195 2460 iacere
1215 2404 1328 2472 omittit,
1350 2403 1425 2476 quod
1440 2404 1494 2461 sibi
1511 2405 1614 2462 melius
1626 2411 1654 2462 et
1665 2404 1776 2462 eonsul-

980 2493 1036 2548 tius
1046 2491 1173 2561 videtum
1189 2499 1219 2550 ut
1235 2493 1311 2564 quod
1326 2493 1420 2550 minus
1432 2501 1541 2550 rectum
1555 2501 1603 2552 331
1616 2507 1776 2551 consonum

980 2579 1098 2652 judicet,
1120 2581 1262 2654 compleat
1281 2589 1395 2654 propter
1419 2583 1512 2640 solum
1532 2581 1687 2656 superioris
1704 2597 1777 2655 pre·

980 2677 1104 2742 septurn.
1120 2673 1153 2728 lu
1172 2685 1228 2742 quo
1252 2685 1391 2743 magnum
1411 2671 1532 2742 acquirit
1546 2670 1688 2740 meritum,
1705 2669 1774 2728 dum

980 2759 1101 2830 proprie
1121 2758 1252 2816 valedicit
1278 2759 1416 2831 opinioni,
1444 2774 1501 2816 nou
1517 2774 1586 2829 sue,
1602 2758 1654 2817 sed
1676 2759 1778 2818 aliene

980 2847 1181 2919 obtemperans
1204 2847 1353 2905 voluntati.
1376 2849 1430 2917 Qui
1445 2863 1512 2906 vere
1526 2847 1693 2920 obsequitur
1707 2864 1777 2921 prae·

979 2937 1046 3004 lato,
1074 2937 1130 3009 ipsi
1154 2938 1215 2993 Deo
1236 2949 1267 2994 se
1289 2935 1400 3006 subdit,
1421 2944 1449 2993 et
1472 2937 1602 3008 proximo
1623 2939 1776 3011 egregium

980 3024 1087 3098 prebet
1106 3026 1278 3097 exemplum.
1300 3026 1416 3084 Summa
1433 3024 1594 3084 obedientie
1614 3033 1658 3084 est
1671 3025 1730 3096 illa,
1745 3026 1776 3084 iu

980 3129 1035 3186 qua
1056 3113 1127 3170 nihil
1146 3129 1230 3171 suurn
1244 3127 1312 3170 earo
1328 3112 1487 3186 cognoscit,
1503 3122 1551 3172 sut
1565 3116 1694 3186 sanguis.
1709 3115 1774 3172 Non

979 3200 1064 3260 debet
1078 3200 1223 3276 perlectus
1242 3201 1380 3260 obediens
1394 3208 1545 3276 expectare
1560 3202 1636 3274 quod
1650 3202 1778 3260 secundo

980 3298 1028 3348 aut
1048 3290 1131 3347 tertio
1150 3288 1226 3347 idem
1252 3291 1414 3363 imponatur
1435 3299 1608 3364 preceptum
1624 3290 1666 3364 (6)
1683 3308 1690 3349 :
1707 3305 1776 3349 nam

980 3381 1028 3450 qui
1043 3378 1079 3436 ad
1100 3379 1223 3451 primum
1245 3380 1353 3451 prelati
1374 3393 1432 3436 uon
1456 3377 1664 3452 obtemperavit
1682 3379 1775 3452 impe·
1821 3391 1824 3417 ¹

980 3468 1064 3536 rium,
1078 3481 1136 3525 uon
1151 3467 1297 3525 voluntate
1317 3467 1440 3537 illectus,
1454 3467 1505 3524 sed
1515 3469 1687 3526 necessitate
1696 3483 1776 3525 com·

981 3557 1078 3628 pulsus
1089 3555 1224 3613 obedivit.
1241 3556 1293 3625 Qui
1303 3557 1496 3613 celeriternon
1505 3555 1610 3625 obedit,
1625 3571 1678 3614 uec
1685 3559 1778 3613 Deum

980 3646 1070 3714 timet,
1086 3659 1141 3700 nec
1153 3644 1285 3701 homiues
1296 3651 1451 3714 reveretur,
1469 3641 1777 3701 dummodosuiilcien·

981 3739 1037 3790 tem
1057 3747 1115 3789 uon
1129 3731 1233 3789 babeat
1247 3745 1365 3789 causam
1387 3730 1560 3789 retardandi.
1574 3731 1778 3788 Fertilissimus

980 3828 1024 3878 est
1048 3819 1217 3877 obedientie
1239 3817 1369 3876 fruetus:
1389 3818 1459 3876 nihil
1484 3827 1529 3878 est
1547 3820 1685 3892 temporis
1708 3833 1779 3877 vero

981 3908 1301 3967 obedientiaiuelucro.

1235 4052 1355 4112 SEliMO
1378 4051 1525 4112 SEXTUS.

1081 4169 1123 4226 Dc
1141 4167 1243 4226 ultime
1261 4168 1444 4226 estimatione
1460 4168 1504 4226 ml
1522 4167 1669 4240 dignitate.
1750 4234 1754 4241 ,

1016 4291 1139 4350 llaxima
1168 4306 1236 4348 cura
1259 4289 1466 4364 providendum
1494 4300 1539 4350 est
1566 4293 1777 4363 3313333;333

980 4381 1055 4438 enirn
1076 4380 1172 4453 plures
1186 4378 1272 4437 babet
1286 4379 1383 4451 bomo,
1402 4379 1454 4437 sed
1467 4394 1565 4438 unam.
1587 4381 1618 4439 Si
1637 4379 1709 4438 duas
1721 4395 1773 4438 uo·

127 4481 306 4557 gehennam.
319 4482 454 4538 Filiorum
469 4478 622 4552 perdemus
636 4478 805 4546 libertatern,
817 4483 846 4534 et
856 4489 922 4547 cap·
979 4469 1024 4527 bis
1038 4469 1205 4526 contulisset
1217 4469 1365 4537 Dominus,
1380 4469 1453 4527 sicut
1467 4477 1496 4527 et
1513 4469 1597 4526 binos
1616 4467 1693 4525 dedit
1710 4483 1775 4526 ocu·

127 4569 253 4631 tivorum
268 4561 426 4628 subibimus
445 4567 621 4625 servitutem.
644 4567 708 4623 Nou
730 4561 926 4622 desideremus
980 4559 1033 4628 los,
1056 4559 1101 4615 vel
1122 4556 1220 4630 pedes,
1240 4557 1350 4615 sublate
1372 4558 1417 4614 vel
1437 4555 1582 4629 deperdita
1606 4571 1674 4627 una,
1690 4555 1776 4613 aliern

128 4658 196 4718 eliis
206 4672 338 4731 preesse,
357 4655 406 4715 sed
420 4654 552 4713 omuibus
568 4652 686 4711 subesse
701 4653 849 4722 creaturis,
865 4665 927 4723 pro·
980 4645 1123 4704 custodire
1135 4646 1181 4704 vel
1192 4647 1304 4703 salvare
1318 4646 1426 4702 liceret.
1441 4645 1594 4702 estunam
1614 4643 1774 4701 tantomin-

127 4755 193 4822 pter
206 4745 480 4804 verbumdreatoris.
488 4743 540 4812 Qui
556 4742 594 4798 ita
606 4739 738 4810 iecerint,
757 4747 785 4796 et
796 4753 927 4813 perseve·
981 4733 1092 4792 ssrmam
1112 4741 1141 4792 et
1160 4734 1327 4807 languidam
1349 4733 1523 4804 accepimus,
1543 4731 1634 4790 tribus
1656 4731 1774 4789 validis·

126 4835 265 4904 neverint,
281 4836 440 4906 requiescet
455 4847 540 4906 super
556 4831 620 4888 illos
636 4827 838 4902 Spiritus-bei,
854 4835 882 4885 et
897 4826 926 4886 in
980 4823 1061 4880 simis
1081 4837 1251 4880 concussam
1274 4821 1398 4878 inimicis
1416 4829 1444 4877 et
1468 4818 1639 4891 fortissimis,
1664 4818 1775 4890 muudi,

124 4921 576 4982 111133333313313133333133313.
594 4917 751 4974 1111133331
763 4915 854 4972 Patris
868 4929 925 4971 eoe-
980 4913 1085 4981 carnis,
1102 4918 1131 4968 et
1140 4909 1245 4968 diaboli
1257 4909 1321 4967 telis
1336 4910 1505 4982 expositam,
1524 4910 1569 4966 cui
1585 4925 1708 4968 333333
1729 4909 1777 4967 die

126 5010 219 5080 lestis,
235 5009 460 5067 133333113ιηὶ31
473 5003 759 5072 333131133311331311,
775 5010 803 5060 et
813 5018 927 5076 sponse
980 5015 1080 5058 secure
1095 4999 1273 5072 requiescere
1283 4999 1359 5067 licet,
1375 4997 1426 5054 sed
1441 4997 1614 5056 omnibusin
1628 4999 1734 5056 luctam
1748 5005 1777 5059 et

126 5100 251 5173 Spiritus
264 5099 369 5156 Sancti.
387 5096 535 5170 Sponsalia
546 5093 803 5161 beccelebreutur,
813 5091 927 5164 quando
981 5091 1143 5162 palestram
1166 5093 1278 5160 oportet
1300 5085 1485 5144 descendere.
1514 5088 1687 5146 continuum
1710 5102 1776 5146 esse

127 5188 250 5260 Spiritus
278 5187 391 5244 divinus
423 5192 452 5244 et
487 5185 582 5242 anima
616 5189 712 5240 nostra
739 5180 774 5238 ad
804 5181 926 5237 invicem
981 5178 1036 5234 boc
1047 5185 1192 5235 certamen
1209 5175 1290 5233 nobis
1299 5175 1453 5248 Apostolus
1467 5177 1618 5248 expressit,
1628 5192 1686 5234 non
1697 5178 1774 5234 enirn

125 5277 265 5335 uniuntur
275 5291 325 5348 per
335 5275 502 5332 coornatam
512 5271 563 5344 (2).
577 5275 690 5329 Fratres
705 5268 925 5337 sumuscbristi,
981 5266 1095 5335 bellum,
1113 5263 1163 5322 sed
1177 5264 1283 5321 luctam
1297 5263 1461 5336 appellavit,
1472 5263 1540 5321 dum
1552 5263 1622 5322 dixit
1637 5283 1643 5321 :
1661 5265 1777 5322 Nouest

166 5411 207 5483 (l)
227 5408 299 5469 Vide
315 5407 487 5480 Opusculum
507 5405 542 5463 de
557 5404 763 5471 Admonition,
788 5419 812 5460 c.
839 5401 881 5471 to,
900 5409 927 5458 et
1016 5401 1056 5471 (it
1073 5401 1165 5468 Luce,
1180 5412 1237 5465 xrv,
1249 5398 1294 5456 33.

134 5480 310 5553 litegulam,
321 5494 347 5535 3.
361 5479 406 5536 m.
1018 5471 1059 5541 (5)
1077 5473 1169 5556 buce,
1186 5485 1225 5536 rx,
1240 5469 1283 5524 et.

168 5555 209 5624 (lt
230 5550 301 5607 Vide
324 5551 406 5622 epist.
423 5549 449 5616 2,
466 5562 529 5620 cap.
545 5547 588 5603 m.
1018 5543 1058 5614 (11)
1073 5539 1280 5609 videorest,
1303 5540 1345 5608 15,
1367 5539 1506 5609 testib,
1522 5546 1550 5594 et
1569 5537 1679 5608 Collat,
1695 5537 1722 5594 1.

169 5625 210 5696 (31
232 5623 326 5690 licus,
340 5623 367 5688 8,
384 5620 432 5688 293
450 5621 544 5686 loun,
559 5632 579 5686 3,
597 5616 643 5672 lt.
