4226 6406
125 227 191 289 iia
265 246 269 254 ·

126 384 311 459 subjungens
332 384 393 442 ait:
417 343 543 456 «creua,
555 380 651 454 irater,
674 382 750 458 quod
770 382 926 454 daemones,

128 473 181 548 qui
201 472 273 530 nihil
293 479 424 546 possunt,
442 471 497 529 nisi
524 478 661 544 quantum
684 471 862 546 providentia
878 487 926 530 su·

128 577 222 636 perna
236 561 371 634 disponit,
392 559 457 618 ideo
472 560 501 617 in
518 573 565 618 mc
583 574 659 618 nuno
673 568 731 618 tam
744 560 875 619 lerociier
888 560 928 617 ir·

129 651 333 723 riserunt,quia
343 665 401 708 nou
409 649 514 706 bonam
523 663 603 722 spem
615 647 728 722 praeseri
740 650 852 708 mansio
863 663 927 708 mea

129 740 158 798 in
175 740 255 798 curia
268 745 448 812 magnatum.
459 739 571 796 Fraries
587 739 654 807 mei,
664 739 712 811 qui
725 740 755 796 in
769 739 841 798 locis
856 753 926 811 pau·

127 827 256 900 perculis
267 832 492 894 commorantur,
515 823 665 884 audientes
685 841 733 884 me
748 839 814 884 cum
831 825 927 884 cardi·

127 915 246 974 nalibus
260 929 335 983 esse,
359 913 581 987 suspicabuntur
600 913 719 972 forsitan
743 929 789 972 me
804 911 926 972 munda·

128 1007 180 1064 nis
195 1003 350 1078 implicare,
367 1001 463 1060 eiierri
480 1001 646 1072 honoribus,
663 1010 692 1060 et
711 1001 822 1060 deliciis
837 1003 926 1062 ahua-

128 1094 212 1152 dare.
226 1092 294 1150 ldeo
306 1091 409 1148 melius
420 1089 527 1164 judico,
543 1105 610 1148 eum
621 1091 669 1163 qui
688 1091 716 1148 in
735 1092 855 1150 aliorum
876 1108 928 1164 po·

128 1185 209 1242 nitur
221 1181 394 1254 exemplum,
408 1181 503 1238 curias
518 1177 629 1252 lugere,
649 1186 680 1236 et
697 1179 842 1238 humiliter
857 1182 931 1239 inter

128 1271 258 1328 humiles
277 1270 306 1328 in
326 1269 397 1327 locis
410 1269 576 1326 conversari
596 1267 768 1337 humilibus,
792 1277 824 1326 ut
843 1269 929 1326 susti·

128 1366 238 1418 nentes
262 1357 423 1431 penuriam,
457 1355 545 1416 lorias
576 1355 684 1414 efficiat
711 1357 814 1414 similia
843 1358 929 1416 susti·

128 1447 241 1506 nendo.
261 1469 271 1498 ι
294 1447 411 1504 Summo
435 1461 506 1518 ergo
527 1459 613 1502 mane
634 1453 767 1517 surgunt,
791 1452 821 1504 et
841 1459 928 1504 cacu-

128 1536 246 1596 sationo
260 1535 415 1608 proposita,
432 1532 569 1592 cardinali
584 1532 809 1607 valedicunill).

361 1691 592 1764 COLLOQUIUM
613 1691 706 1753 XXV.

130 1813 170 1870 ln
186 1809 369 1882 pauperibus,
393 1808 502 1870 Christi
524 1814 550 1866 ct
573 1809 678 1869 lintris
696 1807 757 1879 qua
768 1808 934 1879 pauperiem

408 1897 653 1956 maeidercndom.

170 2013 296 2086 Contigit
309 2011 400 2069 semel
408 2019 440 2069 ut
452 2011 570 2085 pauperi
577 2009 702 2080 cuidam,
714 2011 932 2085 eleemosynam

132 2105 298 2176 importune
308 2099 425 2174 petenti,
440 2114 541 2157 unuse
556 2097 797 2157 iratribusdurius
811 2112 931 2172 respon·

133 2191 227 2248 derat.
248 2189 328 2259 Quod
343 2187 463 2246 audiens
477 2199 635 2261 paupemm
651 2188 715 2259 pius
735 2193 857 2256 amator,
872 2186 928 2244 lra-

134 2279 174 2337 irl
188 2278 333 2352 praecepit,
346 2283 379 2334 ut
391 2275 426 2335 ad
442 2276 517 2334 illius
531 2275 665 2349 pauperis
686 2273 774 2348 pedes
791 2289 823 2332 sc
844 2273 933 2332 nuda·

133 2375 198 2424 tum
207 2371 409 2439 prosterneret,
423 2365 614 2437 proclamaret
628 2361 810 2435 culpabilem,
826 2362 932 2420 oratio·

134 2455 185 2512 nis
199 2453 367 2527 suffragium
382 2453 550 2524 postularet,
572 2458 601 2508 ei
623 2451 748 2509 veniam.
773 2449 853 2520 Quod
868 2463 934 2507 curn

135 2540 308 2600 illeiecissei
320 2539 473 2609 humiliter,
483 2537 602 2596 dulciter
611 2541 694 2596 Pater
708 2536 824 2610 adjecit:
836 2560 847 2589 ι
860 2540 934 2596 Dum

136 2643 295 2705 pauperem
310 2629 400 2699 vides,
422 2629 558 2697 oFrater,
574 2627 722 2700 speculum
734 2626 785 2683 tibi
798 2625 931 2700 proponi·

136 2727 185 2778 tur
199 2715 325 2786 Domini,
341 2723 369 2774 et
382 2715 516 2790 pauperis
529 2715 627 2774 listris
639 2715 710 2789 ejus.
720 2717 753 2774 lu
764 2713 886 2772 infirmis
900 2713 935 2770 si-

136 2807 244 2866 militer
251 2805 440 2875 infirmitates,
447 2819 519 2878 quas
528 2805 692 2876 assumpsit,
699 2802 850 2862 considera
859 2823 870 2854 r
880 2801 934 2878 (Ξ).

362 2973 593 3041 conionuiuii
613 2969 715 3032 XXVI.

177 3088 212 3146 ln
228 3089 380 3160 liclipione,
396 3104 452 3144 uon
469 3087 599 3158 proprio,
612 3087 660 3144 aed
667 3086 785 3160 prelati
792 3085 901 3160 judicio

422 3175 658 3247 acquiescendum.

178 3293 256 3350 liuns
263 3292 395 3364 juvenes,
406 3287 442 3347 ad
453 3289 588 3348 Ordinem
599 3289 689 3362 recipi
697 3288 802 3347 obnixe
812 3291 935 3356 orantes,

139 3379 179 3437 de
193 3378 353 3437 ohedientia
368 3383 396 3435 ct
419 3375 554 3434 facilitate
569 3375 605 3433 ad
628 3375 772 3449 propriam
788 3374 936 3448 abnegan-

141 3467 396 3525 damvoluntatem
410 3465 533 3539 experiri
555 3465 665 3535 voleus,
687 3479 785 3522 secum
807 3462 886 3524 duxit
908 3463 937 3520 iu

139 3557 269 3625 hortum,
293 3545 391 3612 dicens
408 3569 415 3610 ε
432 3553 535 3612 Venite
553 3566 676 3620 mecum,
692 3559 720 3610 et
743 3567 794 3624 pro
810 3551 936 3624 Religio·

140 3659 241 3703 sorum
254 3645 329 3702 victu
343 3641 441 3700 caules
455 3641 582 3716 plantate
597 3655 632 3697 eo
646 3639 747 3709 mod03
763 3655 819 3712 quo
834 3655 880 3696 me
895 3639 936 3696 la·

141 3731 419 3791 cerasiacensem
430 3729 696 3803 plantulisaoceptis
707 3727 816 3785 radices
826 3741 939 3784 sursum

143 3819 261 3894 agebat,
277 3817 342 3878 lolia
361 3833 430 3877 aero
450 3826 533 3877 terrae
556 3815 720 3874 mandabat.
744 3817 835 3886 Quem
856 3815 937 3890 plan·

142 3907 224 3968 tandi
239 3907 354 3965 modum
367 3921 441 3963 nnus
460 3921 495 3962 ex
515 3903 678 3979 juvenibus,
697 3919 767 3962 vere
792 3901 939 3972 obediens,

143 3998 309 4071 peremnia
335 3993 521 4068 observabat3
550 3993 620 4051 alter
645 4008 714 4050 vero
740 4006 791 4066 prn
814 3991 941 4049 humano

142 4093 231 4158 captu
254 4084 459 4156 aliquantisper
485 4082 600 4152 sciolus,
620 4088 767 4156 tamquam
793 4079 940 4138 hortorum

143 4173 301 4233 cultoribus
328 4173 482 4241 insuetum,
504 4169 705 4244 redarguebat,
729 4177 757 4227 ct
780 4169 843 4227 vice
858 4183 941 4228 versa

144 4262 243 4320 caules
250 4259 419 4334 plantandos
426 4257 579 4318 asserebat.
588 4259 637 4320 Cui
647 4258 748 4318 beatus
755 4259 849 4326 Pater,
858 4279 869 4308 ι
878 4258 939 4326 Fili,

145 4349 249 4421 inquit,
266 4363 312 4406 me
323 4349 445 4417 imitare,
460 4353 488 4404 ei
502 4345 578 4419 quod
590 4361 646 4420 ego
659 4343 742 4415 iaeio,
757 4345 802 4404 iac
812 4352 842 4403 tu
861 4346 940 4403 simi·

144 4439 219 4496 liter.
239 4459 251 4488 a
269 4438 330 4507 Quo
355 4437 481 4506 nolente,
502 4437 568 4508 quia
590 4434 699 4494 irinum
722 4435 775 4493 sibi
795 4434 943 4493 videbatur

146 4524 225 4600 quod
251 4525 351 4596 liebei3
372 4525 411 4582 ait
433 4525 476 4582 vir
499 4524 570 4582 Del:
596 4526 742 4597 «Frater,
767 4523 852 4582 video
867 4521 943 4596 quud

145 4628 274 4687 magnus
285 4627 317 4670 as
328 4612 479 4686 magister,
493 4610 566 4670 vade
578 4611 654 4670 dam
676 4619 766 4682 tuam,
782 4611 942 4684 simplicem

146 4709 178 4761 et
189 4700 326 4760 humilem
339 4701 474 4762 Ordinem
489 4715 547 4758 nnn
561 4700 664 4758 decent
678 4701 786 4758 similes
800 4699 943 4773 magistri,

146 4791 201 4852 sed
223 4791 369 4863 simplices
386 4796 417 4847 et
429 4787 509 4858 latui,
525 4789 599 4846 sicut
612 4789 666 4846 iste
684 4787 780 4849 socius
799 4795 876 4846 tuus.
892 4788 945 4846 llic

146 4879 299 4938 nobiscum
309 4876 512 4948 remanebitis
522 4874 650 4949 recipere
662 4875 859 4948 nonerpedii;
871 4875 946 4934 vade

148 4969 227 5026 viam
241 4975 319 5026 tuam
337 4988 348 5018 ι
362 4966 414 5040 (³).

187 5117 229 5189 (i)
250 5120 332 5186 Bon,
344 5133 369 5175 c.
388 5118 414 5184 6,
431 5117 467 5174 ad
481 5116 585 5186 sinem3
604 5117 713 5185 Pisum,
726 5116 745 5172 l.
764 5119 786 5184 i,
803 5117 886 5187 cons.
899 5116 944 5184 ii,

149 5205 176 5246 c.
194 5191 243 5260 iu,
255 5188 350 5248 sciui.
367 5189 394 5244 in
408 5189 557 5244 Geraneae.
577 5186 682 5256 adei,
693 5189 763 5244 Vile
777 5188 810 5244 B.
827 5188 944 5254 Frena„

150 5277 181 5316 n.
204 5261 252 5318 ib·
274 5260 351 5326 rint,
366 5260 405 5316 lii
417 5273 444 5330 p.
460 5259 545 5327 ilict„
562 5259 603 5314 tit.
620 5258 701 5327 23,c.
718 5259 745 5328 i,
764 5257 778 5330 ἓ
794 5259 819 5317 i.

188 5330 228 5402 (2)
244 5303 326 5398 lion,
340 5344 366 5386 c.
381 5329 408 5410 i,
425 5335 490 5384 ante
502 5327 821 5409 med.;i³isan.,eitains
833 5327 889 5386 etl.
906 5327 943 5393 ΙΙ,

152 5403 235 5472 Cous.
247 5401 423 5470 b3llnionin.
437 5398 571 5466 Floreat,
580 5399 665 5471 lllp.,
674 5399 760 5468 Harl,
772 5399 815 5457 iit.
830 5398 876 5464 23,
887 5397 902 5468 3
912 5398 942 5468 5;

152 5471 286 5530 vincent.
301 5470 412 5528 belvac.
430 5471 456 5528 ii
471 5485 498 5542 p.
513 5471 586 5526 illst.
601 5469 620 5526 l.
639 5469 730 5538 XXX,
741 5485 805 5542 cap.
824 5469 884 5526 ibe.

188 5541 230 5614 (3)
244 5541 351 5610 Pisum,
365 5540 384 5597 i.
401 5541 439 5609 ii,
456 5541 536 5610 dous.
554 5540 579 5596 5.

625 305 629 310 ,
645 227 752 290 PARS
774 227 944 298 numan,
959 255 1000 274 ·-
1016 227 1261 302 cormeum.

1194 387 1426 458 couuoniiiuii
1445 389 1565 451 iiiivii.

1123 501 1267 559 meuses
1279 507 1379 560 metra
1393 502 1494 561 latitia
1508 502 1634 562 tristari.

1019 623 1179 683 sciscitanti
1200 624 1324 697 cuidam,
1341 627 1484 699 quomodo
1499 628 1620 685 hilarem
1636 644 1670 687 ac
1681 630 1780 687 laetum

983 727 1096 786 semper
1122 728 1180 786 pree
1200 729 1233 770 sc
1252 715 1361 772 vultum
1376 717 1419 772 vir
1442 723 1559 774 sauctus
1583 714 1707 787 ferebam
1728 717 1782 776 etsi

984 800 1137 872 aliquando
1151 801 1325 872 tristabatur,
1342 804 1388 861 vel
1401 819 1459 877 praa
1470 804 1629 864 tentatione
1642 812 1691 864 aut
1704 812 1783 863 metu

984 896 1165 961 peccatorum
1177 905 1185 959 3
1197 889 1243 947 vel
1252 898 1458 949 tormentorum
1467 891 1694 966 gehennalium?
1709 894 1780 952 lies-

984 978 1083 1050 pendit
1096 995 1103 1035 :
1121 977 1305 1050 «Aliquando
1321 991 1458 1053 magnam
1473 979 1544 1037 mihi
1559 989 1700 1054 generarit
1712 995 1779 1055 pec·

984 1071 1046 1124 caia
1066 1064 1242 1136 moestitiam,
1255 1067 1408 1140 aliquando
1422 1067 1509 1125 eiiam
1523 1069 1649 1142 tepidam
1662 1077 1691 1126 et
1702 1085 1781 1128 snm·

985 1157 1129 1212 nolentem
1144 1155 1214 1213 inihi
1227 1157 1359 1229 ingerere
1375 1154 1518 1215 desiderat
1532 1164 1615 1214 saian
1627 1158 1782 1228 tristitiam,

985 1249 1013 1300 ai
1028 1242 1064 1300 ad
1081 1257 1176 1301 meam
1196 1251 1343 1316 torquetur
1364 1245 1504 1316 laetitiam,
1526 1245 1690 1318 iuvidetque
1712 1245 1784 1304 mihi

985 1331 1020 1389 de
1032 1330 1190 1402 beneflciis,
1208 1347 1272 1405 quae
1287 1334 1437 1390 illumino
1450 1335 1557 1407 accepi.
1575 1334 1639 1392 Soio
1654 1335 1741 1392 eiiam
1753 1341 1783 1392 et

985 1420 1079 1490 video,
1096 1420 1171 1493 quod
1186 1435 1251 1478 cum
1265 1435 1371 1478 nocere
1386 1436 1443 1479 nnn
1459 1429 1579 1494 possunt
1590 1422 1660 1479 milri
1672 1421 1780 1480 daemo-

985 1523 1048 1578 nes,
1059 1509 1173 1566 student
1187 1508 1258 1566 mihi
1271 1523 1376 1567 nocere
1385 1525 1436 1582 per
1448 1511 1542 1568 socios
1551 1525 1643 1584 meos,
1651 1518 1781 1571 sanctam

986 1598 1015 1654 in
1030 1595 1086 1655 illis
1101 1597 1296 1670 exdnguendo
1309 1597 1447 1656 letitiam.
1462 1600 1491 1656 si
1512 1613 1582 1657 vero
1598 1613 1649 1673 per
1663 1613 1720 1671 me,
1736 1601 1782 1658 vel

987 1686 1145 1759 paroecias
1159 1699 1252 1756 meos,
1275 1685 1345 1742 mihi
1360 1699 1465 1744 nocere
1483 1701 1541 1744 nnn
1563 1697 1693 1760 possunt,
1715 1701 1781 1746 curn

987 1787 1093 1847 magna
1104 1773 1272 1832 eoniusloue
1285 1774 1432 1832 recedunt.
1440 1774 1636 1844 Quandovero
1645 1791 1691 1834 mo
1699 1779 1785 1834 male

987 1861 1107 1921 tristitie
1121 1862 1296 1920 autaccldise
1306 1863 1553 1934 invadittentatio‚
1564 1863 1715 1921 considero
1729 1865 1780 1922 ls-

986 1951 1078 2008 titiam
1092 1950 1164 2009 socii
1176 1951 1244 2021 mei,
1253 1949 1326 2008 etad
1336 1951 1413 2008 illius
1423 1951 1599 2025 gaudiumet
1610 1951 1784 2010 hilaritatem

987 2039 1174 2112 spirimalom,
1196 2053 1292 2096 meam
1306 2041 1420 2097 excutio
1431 2041 1631 2110 tentationem,
1654 2049 1683 2098 et
1706 2041 1782 2099 aeci·

988 2126 1098 2186 dicaam
1111 2127 1263 2197 tristitiam,
1280 2134 1309 2185 ot
1321 2127 1358 2185 ad
1378 2128 1544 2186 interiorem
1560 2129 1688 2188 letitiam
1698 2136 1728 2186 ei
1739 2141 1788 2187 ex·

987 2215 1119 2274 terioram
1128 2215 1335 2289 jucunditatem
1350 2215 1493 2274 accendor
1508 2237 1519 2268 ι
1536 2215 1588 2291 (i).

1195 2391 1427 2460 cniioauiiiii
1445 2390 1596 2452 XXVIII.-

1043 2506 1217 2564 Tentctinnea
1229 2506 1269 2562 od
1279 2505 1415 2577 maiorem
1426 2505 1554 2578 permitti
1561 2507 1731 2580 profectum.

1024 2628 1182 2697 Quendam
1208 2644 1244 2688 eri
1271 2627 1413 2698 iratribus,
1437 2643 1496 2702 pre
1519 2629 1607 2688 nimis
1623 2637 1652 2686 et
1666 2630 1787 2690 molesia

990 2718 1156 2787 mutatione,
1172 2719 1251 2774 novit
1266 2717 1348 2791 quasi
1363 2717 1545 2790 desperatum
1558 2719 1602 2788 iri,
1617 2725 1645 2776 ei
1656 2719 1788 2777 timuisse

990 2821 1026 2864 ue
1038 2807 1063 2864 si
1084 2807 1168 2864 Pater
1182 2805 1367 2864 fluctuantem
1386 2807 1463 2864 illius
1479 2807 1606 2864 animum
1627 2805 1787 2882 detegeret,

990 2893 1084 2952 minus
1099 2893 1141 2952 sic
1161 2899 1302 2954 tentatum
1316 2893 1459 2968 diligeret,
1474 2907 1560 2968 quem
1578 2893 1690 2952 damon
1705 2895 1789 2967 quasi

969 3001 971 3008 ¹
990 2981 1124 3040 vacillare
1146 2988 1291 3056 coegerat.
1315 2981 1459 3042 Alilictum
1485 2995 1569 3038 carus
1589 2982 1674 3040 Pater
1689 2989 1787 3040 natum

991 3067 1150 3138 accersivit,
1166 3075 1194 3126 et
1216 3075 1334 3142 paterna
1350 3069 1515 3126 consolatus
1533 3075 1577 3124 cst
1601 3083 1696 3126 voce:
1717 3067 1789 3126 «Ne

991 3158 1104 3227 timeas,
1121 3171 1175 3214 nec
1189 3156 1376 3226 contristeris,
1390 3156 1429 3214 iili
1444 3157 1494 3214 mi.
1514 3153 1603 3216 Crede
1619 3155 1700 3226 mihi,
1712 3155 1789 3230 quod

992 3261 1067 3304 nunc
1082 3245 1145 3319 plus¹
1156 3245 1238 3302 solito
1254 3253 1281 3302 ie
1296 3246 1347 3303 Dei
1363 3259 1477 3305 servum
1490 3243 1598 3321 judico,
1613 3252 1640 3304 et
1656 3260 1712 3318 quo
1725 3259 1785 3302 ma·

992 3335 1038 3408 gis
1060 3339 1198 3416 tentatum
1222 3341 1250 3391 te
1269 3335 1404 3402 senseris,
1426 3333 1522 3406 magis
1547 3333 1617 3390 mihi
1632 3339 1659 3390 te
1674 3334 1790 3392 noveris

992 3419 1211 3480 essedilcctum.
1226 3421 1335 3488 Nullus,
1352 3419 1402 3490 nii,
1417 3421 1514 3478 sellai
1528 3436 1643 3478 mavum
1659 3429 1790 3494 reputare

993 3509 1086 3580 debet,
1101 3524 1248 3582 quousque
1268 3524 1319 3582 per
1333 3509 1520 3566 tentationem
1535 3515 1564 3566 et
1578 3509 1790 3566 tribulationem

993 3613 1050 3656 uon
1070 3597 1223 3655 transierit.
1251 3597 1382 3653 annulus
1404 3603 1447 3652 est
1472 3595 1693 3668 quodammodo,
1715 3596 1790 3654 vicia

994 3673 1122 3754 tentatie,
1136 3700 1192 3757 quo
1207 3684 1346 3742 Dominus
1360 3683 1435 3741 servi
1450 3683 1494 3739 sui
1513 3683 1640 3740 animam
1655 3683 1708 3740 sihi
1723 3682 1788 3740 des·

994 3778 1106 3847 pensat.
1119 3773 1218 3830 Plures
1226 3771 1279 3828 sibi
1296 3771 1332 3828 do
1348 3771 1465 3828 annosis
1477 3771 1587 3827 meritis
1596 3759 1790 3841 blandiuntur,

995 3869 1023 3919 et
1035 3861 1110 3918 nulla
1125 3861 1294 3918 sustinuisse
1313 3865 1456 3917 tormenta
1480 3865 1529 3915 aut
1543 3860 1716 3916 tentationes
1739 3859 1789 3916 lsa-

996 3957 1100 4008 taniur.
1114 3947 1170 4006 Sed
1193 3949 1329 4022 quoniam
1348 3954 1414 4005 ante
1436 3962 1625 4021 congressum
1649 3947 1727 4004 solus
1742 3960 1793 4003 ecs

995 4046 1086 4095 terror
1109 4036 1237 4106 elideret,
1257 4037 1350 4094 sciant
1375 4036 1492 4109 spiritus
1515 4037 1559 4093 sui
1586 4033 1793 4094 debilitatema

997 4125 1117 4184 Domino
1131 4123 1352 4196 consideratam,
1368 4131 1396 4182 et
1407 4124 1473 4182 ideo
1488 4140 1546 4182 non
1569 4123 1682 4199 probari
1697 4131 1789 4181 tenta·
1889 4121 1896 4134 ¹

996 4215 1082 4273 tione.
1099 4215 1155 4274 Vix
1166 4215 1243 4272 enim
1258 4212 1431 4287 objiciuntur
1454 4213 1611 4272 certamina
1632 4210 1725 4282 fortia,
1738 4213 1794 4270 nisi

996 4303 1044 4362 ubi
1060 4302 1142 4360 luerit
1159 4303 1249 4360 virius
1268 4300 1418 4376 perlecta:
1443 4303 1560 4376 signum
1584 4307 1628 4360 esi
1648 4299 1797 4374 amplioris

997 4393 1108 4466 gratiae,
1131 4391 1202 4449 nihil
1224 4390 1253 4448 in
1275 4405 1359 4449 servo
1383 4406 1436 4448 suo
1455 4391 1573 4464 impune
1586 4389 1747 4463 relinquere
1767 4390 1796 4444 in

997 4479 1193 4539 boemundo»
1211 4479 1263 4555 (5).
1781 4497 1786 4503 ·

1215 4629 1447 4698 COLLOQUthi
1467 4626 1570 4684 XXIX.

998 4747 1160 4806 Orationem
1174 4743 1351 4804 Dominicem
1361 4743 1486 4800 omnium
1497 4741 1619 4798 maxime
1628 4740 1795 4798 salutarent.

1004 4924 1009 4933 .
1034 4869 1212 4944 lingentibus
1224 4865 1590 4935 iratribus,uteosdoceret
1608 4877 1691 4922 orare
1706 4863 1796 4924 dixit:

1000 4961 1070 5032 Gom
1091 4957 1433 5027 quittanciarum
1451 4957 1547 5010 ababa
1571 4950 1624 5025 (6).
1645 4953 1682 5012 Et
1697 4950 1798 5010 adoru-

1036 5109 1077 5184 (i)
1091 5112 1155 5179 Lep.
1169 5109 1270 5179 antiq..
1286 5122 1312 5165 c.
1326 5107 1353 5174 8,
1367 5106 1408 5163 De
1417 5105 1477 5161 zelo
1491 5103 1569 5160 icio.
1586 5101 1689 5175 spirit:
1700 5101 1798 5160 Pisan.

999 5182 1050 5250 l.I,
1065 5182 1122 5238 Gon
1141 5222 1146 5234 .
1160 5180 1203 5246 ii,
1213 5194 1277 5252 cap.
1290 5180 1340 5248 3¹3
1354 5177 1463 5247 specul.
1474 5145 1726 5244 VilmFrcttc.,iol.
1736 5174 1800 5244 1203

1002 5253 1094 5311 coare
1128 5251 1170 5307 is.
1184 5251 1303 5317 Fauen,
1318 5263 1343 5305 c.
1358 5248 1403 5306 30.
1646 5315 1652 5330 ,

1037 5322 1078 5394 (e)
1095 5319 1222 5393 hogend.
1236 5319 1355 5386 Gelam,
1366 5333 1429 5390 cap.
1440 5315 1480 5374 De
1494 5320 1606 5382 tentm.‚·
1621 5315 1731 5383 arsen,
1743 5314 1761 5377 l.
1776 5316 1799 5382 l,

1000 5393 1084 5520 gons.
1099 5392 1143 5461 lt,
1159 5388 1416 5520 ctaepsggfflllodui,
1432 5388 1450 5445 i.
1467 5388 1493 5456 i,
1512 5387 1606 5442 Trost.
1621 5385 1654 5443 de
1669 5387 1753 5443 Orac.
1764 5385 1799 5440 Β.

1024 5477 1174 5605 riffi'ugale
1186 5479 1231 5602 ii}
1247 5532 1264 5589 i
1281 5549 1287 5588 :
1302 5506 1367 5588 iride
1383 5531 1412 5586 iu
1431 5529 1612 5588 Testamenta.
