4204 6402
333 328 395 396 919
1919 331 1985 396 921]

334 493 574 571 consequenter
594 491 709 555 dicens
739 515 747 554 ι
773 509 793 554 c
819 493 1068 566 Existimabam,
1091 494 1128 554 ut
1182 491 1991 555 0011111111101101111011111111111111111

334 605 567 666 cognoscerem
582 590 656 661 boo,
671 589 829 652 laborest
850 593 927 652 ante
943 607 1007 662 me,
1023 589 1128 652 donec
1182 589 1217 651 in
1240 591 1400 661 tonitruo,
1418 591 1452 652 et
1474 589 1695 652 commotione
1707 589 1821 660 terrae,
1845 591 1881 651 et
1902 605 1990 650 soce

334 687 456 748 intrem
483 686 518 748 in
542 689 770 749 sanctuarium
794 687 865 760 Dei,
888 690 921 751 et
941 687 1127 764 intelligam
1182 699 1314 763 magna,
1331 687 1581 765 attempestate,
1598 687 1631 748 et
1656 687 1791 748 flamma
1812 685 1990 762 13111111-

334 784 516 846 novissima
544 783 592 863 (1)
630 800 756 846 eorum.
784 785 839 846 Sic
869 787 957 846 enim
985 784 1130 847 faciebat
1182 781 1363 845 vorantis»
1384 799 1452 845 cos.
1469 785 1541 846 Erit
1563 784 1744 845 enimtunc
1767 787 1991 860 peccatorum

333 883 456 958 Asapb,
479 881 566 958 quod
595 867 666 958 ipse
693 880 860 944 nitebatur
885 883 1064 959 scireque
1088 882 1129 943 de
1182 880 1371 954 discussio,
1405 880 1569 943 bonorum
1603 895 1741 958 operum
1778 879 1991 942 omissorum

332 993 434 1040 causa
455 978 615 1040 Dominus
634 981 683 1040 sic
708 979 829 1055 aflligit
847 981 967 1056 Justos,
989 980 1023 1042 et
1045 995 1127 1056 per·
1183 976 1408 1054 exprobratio,
1425 977 1625 1039 damnabilis
1636 977 1810 1039 seutentiae
1823 978 1989 1053 prolatio.

756 335 789 396 S.
819 331 994 396 ANTONII
1021 329 1209 396 PADUANI
1237 329 1376 396 OPERA
1403 325 1549 398 OMNIA.

213 1099 217 1104 ·
332 1076 434 1137 mittit
448 1076 569 1138 llorere
579 1076 700 1152 malos;
713 1078 746 1139 et
759 1064 835 1138 ideo
850 1075 920 1138 lere
935 1076 1130 1138 movebatur
1183 1075 1263 1136 Haec
1278 1074 1344 1136 tria
1356 1075 1555 1138 notanturin
1567 1074 1636 1135 illis
1645 1074 1753 1136 tribus
1761 1074 1921 1136 versibus
1934 1073 1986 1152 (3)

332 1189 518 1250 persensu
533 1174 715 1250 percipere,
728 1173 1023 1236 donecveniretad
1037 1190 1129 1240 sanc-
1184 1171 1240 1248 qui
1267 1173 1445 1234 cantantur
1468 1172 1504 1232 in
1542 1171 1693 1249 exequiis
1722 1169 1991 1232 detunctorum:

331 1269 491 1342 tuarium,
504 1271 538 1331 et
550 1269 876 1346 intelligereteorum
890 1270 1017 1332 ultima
1030 1273 1130 1332 Sanc·
1184 1271 1348 1330 Tremens
1365 1271 1477 1342 factos
1503 1283 1582 1330 sum
1600 1268 1680 1346 ego,
1701 1270 1736 1330 et
1757 1269 1875 1334 ttmco,
1903 1271 1992 1328 darm

332 1365 479 1428 tuarium
501 1367 634 1428 Domini
650 1367 700 1428 est
713 1366 858 1428 coelestis
876 1367 1006 1443 patria:
1023 1367 1130 1428 malo-
1183 1367 1351 1428 dtscussto
1373 1367 1511 1428 cencrtt
1532 1383 1544 1426 .·
1565 1381 1643 1428 ecce
1670 1365 1889 1442 peccatorum
1917 1365 1993 1425 dis-

332 1477 407 1523 rum
434 1477 515 1523 vero
543 1463 743 1534 novissima,
772 1479 861 1524 mors
889 1465 1026 1526 aeterna.
1056 1466 1129 1540 ipse

332 1561 433 1632 enim,
448 1575 522 1622 cum
538 1560 600 1621 hcc
611 1560 838 1622 sanctuarium
853 1577 911 1637 per
925 1561 1130 1638 contempla-

332 1657 457 1718 tionem
476 1657 632 1732 intrabat,
652 1657 728 1718 tunc
743 1657 859 1718 ultima
878 1658 1041 1721 malorum
1066 1658 1131 1718 mi-

332 1753 521 1816 serabiliter
531 1754 675 1827 videbat,
688 1756 719 1816 et
729 1756 808 1815 tunc
818 1753 925 1828 sortis,
938 1755 971 1816 et
980 1755 1129 1830 gaudens

331 1853 415 1924 erat,
436 1867 498 1913 nec
524 1867 600 1912 eum
625 1851 759 1918 fortuna
784 1851 947 1912 malorum
969 1867 1130 1930 prospera

333 1948 475 2025 amplius
490 1947 655 2010 irritabat.
670 1948 763 2019 Quod
775 1949 808 2008 et
823 1948 918 2012 debet
932 1947 1043 2012 iacere
1056 1951 1132 2027 qui-

333 2061 463 2123 cunque
483 2045 597 2107 taliter
611 2046 772 2106 movetur.
793 2045 895 2109 Debet
915 2047 1004 2108 enim
1023 2047 1132 2125 respi-

332 2157 410 2206 cere
434 2142 475 2202 ad
506 2143 688 2204 novissima
715 2142 920 2220 peccatoris,
947 2143 1130 2222 dequibus

332 2239 486 2302 ieremias
504 2239 567 2319 (12,
581 2238 614 2316 3)
630 2257 637 2300 :
651 2256 671 2299 1
686 2241 858 2315 congrega
873 2255 931 2302 ecs
947 2243 1044 2318 quasi
1060 2257 1132 2318 gre.

331 2351 406 2412 gem
430 2336 470 2398 ad
494 2337 676 2409 victimam,
693 2338 726 2398 et
749 2337 921 2399 sanctitlca
943 2353 1001 2400 eos
1025 2338 1060 2400 in
1078 2339 1132 2402 die

335 2433 513 2495 occisionis
529 2449 558 2508 a,
574 2433 626 2494 val
652 2434 818 2495 cassionis.
837 2435 1006 2510 Saginatis
1029 2435 1130 2510 enim,

331 2529 592 2601 11111111,1111111
614 2531 729 2603 restat,
747 2531 812 2591 nisi
834 2533 962 2594 securis
987 2533 1132 2594 occisio-

333 2626 398 2687 nis.
410 2627 496 2688 Nam
505 2627 612 2698 vituli,
621 2629 654 2688 ot
667 2627 768 2692 bores
782 2629 1046 2704 impinguantur,
1060 2630 1131 2692 sive

331 2723 367 2786 in
386 2723 460 2799 lege
485 2722 532 2803 (2)
552 2724 688 2800 propter
711 2725 925 2797 sacrificium,
952 2727 1023 2788 sive
1044 2727 1132 2788 inter

335 2821 489 2882 lromines
502 2823 637 2898 propter
651 2836 760 2897 esum;
777 2822 823 2883 ita
838 2823 872 2884 et
882 2822 962 2884 mali
978 2839 1129 2900 praesen-

333 2917 423 2979 tibus
438 2914 567 2980 deliciis
580 2917 736 2980 fruuntur
749 2919 785 2980 ut
797 2920 938 2996 pingues
951 2919 986 2980 in
1000 2921 1131 2983 sacriti-

333 3015 420 3076 cium
435 3015 571 3076 diaboli.
593 3016 657 3078 Sed
671 3016 752 3076 illud
764 3017 965 3078 sacrificium
980 3017 1132 3080 terribile

334 3113 396 3187 est,
408 3113 441 3174 et
455 3113 670 3185 horrendum,
687 3113 728 3174 de
740 3129 805 3191 quo
819 3114 997 3190 Apostolus
1010 3116 1052 3176 ad
1065 3117 1132 3177 He-

331 3207 440 3270 braeos
455 3207 520 3287 (10,
543 3208 596 3288 21)
615 3227 623 3264 =
640 3210 845 3271 «Terribilis
870 3213 921 3273 cst
944 3214 1131 3288 expectatio

329 3303 461 3382 judicii,
471 3307 504 3366 et
515 3305 603 3380 ignis
614 3305 792 3378 aemulatio,
808 3323 881 3384 quae
894 3312 1131 3386 consumptura

333 3403 384 3464 est
408 3402 618 3464 adversarios
650 3404 783 3465 Christi.
809 3419 827 3464 s
857 3407 941 3466 Ecce
965 3406 1044 3483 quid
1082 3408 1131 3470 eis

332 3499 545 3577 relinquitur.
558 3501 647 3576 Ignis
659 3500 747 3562 anim
760 3501 1023 3577 aemulabitur,st
1033 3506 1130 3582 quasi

332 3596 517 3658 armabitur
541 3613 602 3674 pro
625 3597 766 3659 Domino
794 3599 911 3660 contra
934 3599 1037 3676 ipsos.
1061 3603 1132 3664 Hoc

332 3693 482 3772 estquod
496 3695 618 3756 dicitur
636 3696 815 3772 Sapientiae
829 3694 873 3774 (5,
891 3697 943 3777 18)
961 3714 968 3754 ι
983 3701 1132 3762 ‹Arma-

331 3791 381 3854 bit
393 3793 580 3854 creaturam
590 3793 632 3854 ad
646 3793 806 3854 ultionem
818 3794 1040 3858 inimicorum.
1049 3800 1132 3858 »Ar-

332 3890 477 3952 mabitur
490 3891 645 3953 creatura
661 3891 695 3952 in
714 3891 841 3954 ultione
861 3893 991 3954 Domini
1014 3899 1130 3956 contra

332 3987 470 4065 impios;
492 3989 524 4050 et
549 4003 628 4050 vere
649 3988 844 4050 armabitur.
866 3991 1009 4052 Nomine
1035 4005 1132 4053 crea-

331 4087 428 4158 turas,
446 4086 590 4163 primas,
614 4089 648 4148 et
666 4085 868 4162 principales
885 4087 1049 4162 designat,
1064 4088 1132 4150 sci-

332 4179 412 4241 licet
425 4180 568 4255 quatuor
582 4179 756 4240 elementa.
778 4182 881 4242 Terra
905 4181 994 4242 enim
1013 4197 1129 4243 arma-

333 4275 425 4337 bitur
437 4278 538 4336 terraa
558 4277 660 4346 motu,
677 4277 794 4338 volens
808 4278 966 4340 excutere
977 4280 1131 4355 peccato-

332 4387 414 4436 rem.
437 4371 561 4434 Goelum
585 4373 744 4445 tonitruo,
766 4375 800 4435 et
824 4373 1003 4450 grandine,
1022 4393 1063 4438 ne
1089 4377 1130 4438 ad

332 4469 441 4548 ipsum
452 4469 727 4548 peccatorveniat
739 4485 775 4532 se
786 4469 979 4534 defendens.
989 4477 1131 4536 111111-

331 4569 421 4641 bine,
437 4585 524 4646 aqua
535 4581 614 4630 vero
626 4569 832 4645 tempestate,
857 4571 892 4630 ut
906 4570 1015 4632 locum
1029 4571 1065 4631 in
1081 4572 1129 4634 eis

332 4683 399 4729 non
409 4667 569 4728 inveniat.
583 4667 818 4728 Flammavaro
828 4667 972 4742 ignisut
982 4669 1128 4744 devoret,

331 4765 498 4842 etperdat.
508 4763 676 4836 Quomodo
687 4766 797 4826 autem
809 4767 1128 4842 armeturcreatura,

331 4862 476 4925 ostendit
500 4862 605 4922 isaias
630 4861 695 4941 (29,
718 4859 751 4941 6)
775 4881 783 4922 2
804 4862 973 4940 «Eritque
995 4866 1130 4942 repente

369 5011 410 5082 tl)
423 5013 510 5086 Vulg.
528 5031 535 5070 :
553 5013 581 5070 in
595 5012 768 5078 novissimis.

369 5084 411 5156 (1)
425 5085 530 5210 supple
544 5086 681 5166 llosaica.

367 5157 408 5229 (3)
423 5157 455 5212 11
472 5156 527 5210 ilis
542 5155 631 5211 tribus
648 5152 788 5222 versibus,
804 5159 858 5211 etc.
876 5155 907 5211 ln
928 5153 1130 5213 Defunctorum

331 5225 460 5300 exequiis
469 5233 527 5282 tres
537 5226 604 5281 olim
616 5226 747 5282 versiculi
760 5224 983 5282 concinebantur
989 5241 998 5296 3
1011 5242 1130 5298 quorum

332 5299 441 5372 primus
456 5312 463 5352 ι
477 5297 544 5352 Dies
561 5296 618 5362 illa,
628 5295 690 5352 dies
702 5296 761 5364 irae,
773 5303 828 5352 etc.
837 5313 847 5378 5
858 5295 928 5353 11111
944 5314 951 5353 :
966 5297 1059 5366 «Quid
1074 5311 1130 5370 ego

334 5367 512 5428 miserrimus
526 5365 631 5432 dicam,
647 5367 691 5423 vel
706 5364 773 5438 quid
790 5365 903 5435 sacram,
921 5366 986 5423 durn
1003 5369 1041 5425 nil
1063 5369 1131 5425 boni

332 5439 473 5514 perieram
493 5442 559 5493 aute
578 5441 686 5492 tantum
701 5436 875 5495 tudicemi»
897 5439 1015 5495 tertius:
1035 5441 1129 5496 ‹ire-

333 5526 415 5570 msns
435 5507 526 5564 lactus
547 5519 609 5562 sum
623 5521 680 5580 ogo
696 5527 720 5576 a,
734 5513 789 5563 etc.
811 5507 857 5565 Sic
875 5513 1014 5565 testantur
1029 5510 1130 5568 vetusti

333 5581 453 5640 Codices
484 5577 641 5635 etiamnum
667 5591 700 5634 su
740 5578 851 5648 rstites3
877 5593 1034 5651 eorumque
1057 5595 1132 5638 unus

333 5650 408 5725 apud
423 5649 536 5709 Clariss.
547 5648 646 5710 Virum
658 5649 688 5708 Ρ.
725 5650 885 5707 somnam
898 5650 1130 5722 chrysostomum

1184 1461 1305 1524 cussie.
1334 1465 1420 1530 Quid
1443 1477 1505 1540 ego
1527 1467 1752 1525 sacerrimus
1776 1463 1908 1535 dicum,
1934 1467 1991 1524 cel

1184 1563 1265 1634 quic
1277 1563 1406 1634 factam
1420 1575 1431 1620 .·
1446 1563 1529 1622 Ecce
1541 1560 1704 1621 bonorum
1719 1575 1860 1635 operum
1879 1559 1993 1620 omis-

1184 1671 1296 1718 sorum
1327 1656 1552 1734 exprobratio.
1583 1660 1665 1718 lites
1693 1659 1771 1730 illc,
1799 1660 1876 1718 dies
1909 1661 1989 1728 iroe,

1183 1755 1402 1826 calamitatis,
1415 1755 1449 1816 et
1459 1757 1622 1826 01111110,
1635 1755 1697 1816 etc.
1708 1755 1793 1814 Ecce
1803 1755 1991 1815 sententiaa

1184 1851 1347 1912 executio.
1371 1853 1441 1913 Hoc
1467 1851 1535 1923 est,
1561 1851 1647 1928 quod
1675 1851 1759 1913 vidit
1784 1849 1992 1912 Baltbassar
2076 1889 2077 1896 .

1185 1963 1319 2008 manum
1334 1948 1533 2010 scribentem
1549 1949 1583 2008 in
1597 1948 1723 2024 pariete
1739 1970 1747 2008 ε
1761 1951 1881 2022 Mane,
1899 1951 1990 2010 ibe-

1185 2051 1243 2118 cet,
1260 2049 1395 2108 Pburcs
1419 2045 1515 2125 (Dan.
1527 2045 1557 2117 5,
1575 2047 1615 2106 25
1632 2045 1673 2106 ad
1693 2043 1750 2123 28)
1764 2061 1771 2100 :
1783 2048 1896 2106 Mane
1920 2061 1989 2105 nu-

1186 2142 1348 2203 meravit:
1365 2147 1481 2206 1111011
1497 2141 1656 2220 appendit
1672 2145 1831 2204 :Pbarcs
1854 2141 1989 2204 divisit.

1185 2241 1216 2300 N
1218 2239 1383 2300 umcravit
1398 2239 1497 2312 bona,
1512 2241 1546 2301 et
1562 2239 1689 2302 inuenit
1702 2254 1809 2316 pauca
1826 2260 1834 2298 :
1852 2243 1989 2316 appen-

1186 2335 1234 2398 dit
1261 2335 1361 2406 mala‚
1386 2337 1418 2398 et
1438 2337 1567 2398 invenit
1597 2336 1701 2398 multa
1730 2353 1739 2392 ε
1765 2335 1885 2398 divisit
1913 2336 1989 2397 baeo

1186 2434 1290 2495 multa
1303 2431 1420 2494 abillis
1431 2435 1546 2511 paucis
1558 2433 1756 2496 sententiam
1769 2433 1988 2509 proterendo,

1186 2529 1315 2593 scilicet
1331 2547 1338 2593 :
1353 2532 1405 2592 Ite
1419 2531 1600 2602 molestati,
1617 2533 1680 2593 etc.

1226 2627 1312 2688 ilinc
1325 2628 1377 2688 est
1397 2641 1488 2703 ergo,
1503 2627 1589 2704 quod
1614 2613 1643 2688 si
1667 2627 1877 2704 respicerent
1901 2630 1990 2705 justi

1186 2723 1459 2799 flagellationem,
1470 2740 1536 2785 non
1548 2725 1762 2786 moverentur
1774 2724 1890 2801 pedes,
1902 2725 1993 2788 idest

1186 2821 1327 2883 affectus
1339 2835 1453 2882 corum
1469 2824 1605 2898 propter
1624 2821 1818 2883 felicitatem
1837 2823 1992 2884 munda·

1186 2933 1275 2990 nam,
1290 2918 1323 2979 et
1345 2917 1584 2980 transitoriam.
1601 2919 1714 2979 Primo
1740 2919 1932 2995 respiciant
1955 2919 1992 2980 in

1186 3015 1317 3092 scipsis,
1339 3015 1372 3076 et
1392 3015 1578 3078 sustineant
1602 3015 1780 3092 patienter,
1796 3017 1833 3078 ut
1855 3018 1992 3094 possint

1186 3113 1346 3188 cumipse
1360 3111 1589 3174 Daviddicere
1604 3133 1612 3172 ε
1627 3113 1841 3189 «castigatio
1858 3129 1940 3175 mea
1956 3115 1991 3175 in

1185 3209 1370 3282 matutinis,
1392 3210 1522 3286 »quasi
1538 3211 1573 3270 in
1592 3225 1660 3271 uno
1688 3211 1865 3282 matutino,
1890 3213 1926 3273 et
1954 3213 1990 3272 in

1186 3307 1265 3378 alio,
1296 3306 1425 3368 scilicet
1440 3307 1474 3368 in
1493 3307 1618 3384 duplici
1646 3308 1809 3369 matutino
1834 3311 1890 3370 est
1913 3324 1991 3369 msa

1186 3404 1361 3466 correctio.
1379 3403 1477 3465 11110
1490 3403 1526 3465 in
1538 3404 1602 3465 boc
1614 3403 1735 3466 debent
1757 3403 1906 3481 intelligi
1920 3406 1988 3467 duo

1187 3515 1287 3561 mane
1303 3521 1310 3561 ε
1325 3515 1438 3572 unum,
1453 3515 1517 3577 quo
1538 3501 1687 3562 Christus
1702 3499 1765 3562 tuit
1779 3503 1912 3579 captus,
1928 3517 1989 3564 re-

1186 3598 1307 3670 tentus,
1324 3597 1513 3673 flagellatus
1527 3619 1535 3658 z
1549 3598 1652 3669 aliud,
1666 3598 1701 3659 ln
1715 3613 1781 3675 quo
1795 3602 1989 3662 resurrexit

1186 3695 1228 3755 ad
1256 3694 1410 3770 gloriam.
1446 3695 1480 3756 Si
1507 3695 1596 3756 enim
1623 3696 1876 3758 consideramus
1902 3697 1988 3758 illud

1186 3807 1295 3864 mane,
1312 3793 1352 3854 de
1367 3808 1431 3869 quo
1444 3791 1795 3871 Mattuaei(4):‹necto
1807 3807 1988 3856 maneum·

1185 3903 1245 3950 nes
1260 3889 1440 3966 principes,
1469 3893 1503 3950 et
1521 3889 1671 3951 saniores
1695 3889 1844 3952 inierunt
1872 3893 1988 3953 consi·

1185 3987 1279 4060 lium,
1295 3988 1455 4049 otiosum
1468 3986 1566 4048 morti
1580 3987 1760 4059 traderent,
1778 3989 1812 4049 et
1829 3988 1986 4051 vinctum

1185 4083 1406 4156 adduxerunt,
1428 4083 1685 4146 ettradidsrunt
1703 4083 1822 4146 Pontio
1847 4085 1984 4148 Pilato:
2076 4153 2077 4166 χ

1186 4181 1435 4243 consideremus
1450 4181 1550 4242 etiam
1565 4180 1781 4254 1111111011,
1795 4181 1882 4243 illud
1897 4185 1988 4246 vido⁴

1185 4267 1275 4348 licet,
1291 4279 1326 4339 in
1341 4294 1406 4356 quo
1416 4278 1613 4340 resurrexit.
1631 4281 1667 4340 in
1683 4279 1759 4340 istis
1774 4279 1905 4341 duobus
1921 4283 1986 4343 erit

1185 4377 1349 4439 correctio
1363 4377 1477 4438 nostra
1490 4398 1498 4451 3
1513 4378 1546 4437 et
1566 4376 1615 4437 sic
1629 4376 1831 4452 castigemus
1855 4395 1919 4440 nos
1947 4381 1982 4440 in

1186 4475 1370 4546 matutinis,
1387 4476 1423 4536 ut
1437 4489 1504 4534 non
1517 4489 1592 4534 oum
1608 4471 1719 4546 fatuis,
1737 4475 1770 4536 et
1784 4475 1984 4552 insipienti-

1184 4571 1246 4633 bus
1260 4572 1410 4648 ipsorum
1422 4585 1538 4648 paoem
1553 4572 1821 4634 momentaneam
1843 4575 1987 4636 amule-

1185 4684 1270 4730 mur.
1285 4669 1454 4731 correctio
1469 4669 1557 4730 enim
1569 4669 1716 4730 liliorum
1731 4671 1781 4732 est
1803 4671 1838 4730 in
1861 4671 1986 4734 adver-

1185 4767 1242 4828 sis.
1257 4769 1338 4834 coa
1347 4769 1397 4829 est
1406 4767 1508 4839 fitius,
1520 4781 1619 4840 quem
1630 4781 1700 4828 101
1709 4769 1985 4843 compttputerl

1185 4865 1233 4926 ait
1266 4863 1449 4942 Apostolus
1471 4863 1512 4924 ad
1539 4862 1699 4924 Hebraeos
1722 4861 1788 4942 (12,
1816 4867 1840 4928 't
1863 4867 1898 4927 et
1921 4867 1982 4946 8):

1185 5011 1336 5072 'lrombelli
1349 5013 1556 5072 canonicorum
1566 5013 1749 5086 ltegulariunr
1766 5013 1814 5072 SS.
1827 5015 1992 5076 salvatoris.

1185 5087 1320 5144 Βο10111
1335 5084 1473 5142 abbatem
1487 5091 1626 5140 servatur.
1639 5084 1804 5142 Versiculos
1814 5093 1911 5143 autem
1925 5088 1983 5156 ille,

1187 5177 1198 5207 1
1211 5156 1283 5225 Quid
1297 5171 1353 5228 ego
1364 5155 1539 5211 miserrimus
1555 5153 1692 5222 »,excidit
1701 5153 1841 5212 decennio
1853 5156 1889 5213 ab
1905 5158 1984 5217 obitu

1186 5229 1213 5283 S.
1234 5224 1612 5294 11110111,111111111101111
1627 5238 1684 5296 quo
1706 5226 1861 5297 Gregorius
1876 5228 1917 5284 lli
1932 5245 1982 5302 per

1184 5297 1364 5369 apostolicos
1378 5297 1495 5365 litteras,
1512 5295 1562 5352 Pio
1576 5304 1672 5352 vostro
1687 5295 1825 5370 collegio,
1835 5297 1919 5356 datas
1934 5303 1984 5357 La·

1185 5368 1276 5424 terant
1299 5369 1337 5425 Vl
1366 5366 1610 5438 iuncturaque
1636 5367 1771 5438 leguntur
1797 5369 1824 5423 in
1855 5369 1983 5442 Regesto

1185 5439 1337 5496 Annalium
1352 5440 1382 5495 P.
1400 5439 1484 5494 Lucu
1497 5435 1652 5510 Waddlngi
1670 5435 1841 5495 adeundam
1861 5453 1981 5508 annum,

1186 5509 1353 5582 approbavit
1365 5507 1540 5564 breviarium
1550 5507 1628 5577 juxta
1645 5507 1741 5578 ritum,
1756 5516 1785 5565 11
1799 5523 1909 5567 morsm
1926 5513 1982 5569 lla-

1185 5593 1279 5636 manae
1293 5577 1428 5636 Ecclesia
1438 5576 1648 5635 coordinatum.

1222 5648 1262 5725 (1)
1278 5648 1390 5720 batth„
1402 5649 1447 5719 27,
1461 5649 1477 5704 1
1493 5654 1521 5704 11
1533 5647 1559 5705 1.
