4158 6380
308 215 347 278 15
747 215 803 277 An
825 213 964 276 OPERA
986 213 1020 274 S.
1043 211 1264 276 FRANGISCI
1284 207 1513 274 ASSISIATIS
1911 209 1951 278 lo

305 369 463 452 tantoque
471 373 590 436 ardore
598 371 897 437 transformatusln
905 371 1100 435 crucifixum
1154 385 1217 449 que
1234 371 1367 434 'statum
1394 366 1553 432 videntur
1578 368 1858 446 comprehendere
1884 366 1948 452 (2),

202 509 204 514 ,
306 475 431 544 Jesum,
453 473 490 534 ut
504 471 665 532 miraculo
694 470 848 532 omnibus
871 470 1020 532 inaudito
1036 485 1102 530 sae-
1155 468 1368 545 praelatorum
1381 465 1803 545 acclesiaepiscopomm,
1818 468 1952 531 etalio-

306 571 402 642 culis‚
419 568 609 644 benignitas
636 568 819 630 salvatoris
835 568 985 658 incarne
1009 567 1101 627 illius
1154 581 1240 638 mm,
1266 565 1374 643 quoad
1396 567 1507 626 actum
1530 564 1701 638 doctrinas,
1729 566 1763 628 et
1785 565 1952 642 praedica-

305 665 497 743 imprimere
511 663 639 744 [voluit]
655 664 907 726 similitudinem
922 679 1102 725 suaesanc-
1155 663 1274 731 tionis,
1306 661 1485 740 spectantis
1521 661 1561 722 ad
1592 662 1694 724 vitam
1725 663 1892 737 activam;
1915 665 1951 726 et

305 764 445 825 tissimae
460 762 650 837 Passionis;
678 762 884 823 constituens
904 777 979 822 eum
993 760 1102 822 vexil-
1156 760 1277 822 statum
1312 759 1567 834 religiosorum,
1599 773 1659 820 seu
1689 759 1948 833 monachorum,

305 860 438 922 litorum
459 861 495 921 in
510 875 596 921 nova
617 858 887 920 remuneratione
909 857 1102 919 crucifixio-

304 958 358 1021 nis
382 961 466 1036 ejus.
494 956 559 1036 (Do
585 961 720 1033 Deoua.
756 957 892 1026 oetcro„
920 969 1020 1016 serm.
1048 956 1098 1028 60,

1156 855 1413 918 deservientium
1435 855 1714 932 contemplativae,
1727 855 1835 933 quoad
1850 872 1952 919 caere·

1155 949 1284 1015 m'onias
1295 953 1477 1029 regulares,
1490 953 1522 1014 et
1531 951 1654 1025 oltlcia,
1667 953 1754 1014 unde
1764 953 1830 1015 dici
1841 955 1950 1031 potest

305 1053 429 1134 initio.)
1155 1050 1223 1113 vita
1248 1051 1363 1123 mixta,
1389 1066 1488 1128 quam
1503 1052 1538 1112 ut
1552 1049 1828 1126 perfectissimam
1842 1051 1951 1113 tenuit

344 1155 376 1214 6.
387 1155 494 1214 Idem.
515 1150 609 1212 Sicut
620 1153 657 1212 Β.
674 1149 874 1212 Franciscus
889 1148 952 1211 luit
965 1148 1102 1210 vexilli·
1155 1147 1316 1209 Christus.
1333 1145 1449 1226 (loto.)

305 1249 448 1312 ierJesu
462 1247 586 1309 Christi
601 1248 636 1308 in
658 1247 806 1309 Ecclesia
822 1245 988 1308 militante
1009 1244 1099 1325 (sto),
1195 1245 1244 1307 10.
1273 1249 1368 1306 loma
1394 1265 1402 1304 z
1423 1243 1527 1305 Primi
1554 1244 1665 1321 patres
1685 1244 1720 1306 et
1740 1243 1949 1308 institutores

305 1346 380 1424 post
405 1345 685 1406 resurrectionem
713 1343 908 1423 (secundum
929 1340 1099 1421 Doctores)
1154 1343 1260 1403 status
1275 1340 1546 1413 Mendioantium,
1561 1340 1696 1403 luerunt
1709 1344 1773 1403 ΒΒ.
1799 1341 1952 1404 Domini-

305 1442 554 1505 ramanentibus
578 1443 613 1503 in
631 1457 771 1519 corpore
785 1456 845 1502 suo
871 1440 1039 1518 praedictis
1054 1440 1102 1500 si·
1156 1455 1214 1501 cus
1224 1443 1258 1500 et
1266 1438 1478 1510 Francisous,
1489 1439 1769 1516 contemporanei,
1780 1455 1816 1500 se
1826 1439 1950 1500 iratres

304 1539 390 1616 gnis,
404 1539 575 1603 vexillifer
584 1539 650 1602 erit
660 1538 694 1599 in
706 1537 854 1601 Ecclesia
862 1536 1099 1614 triumphante.
1155 1536 1196 1597 ad
1211 1535 1276 1597 boc
1289 1535 1389 1596 simul
1404 1535 1588 1612 deputatos,
1601 1536 1636 1596 in
1650 1535 1796 1597 Ecclesia
1809 1538 1842 1597 S.
1857 1537 1950 1596 Petri

306 1635 435 1716 (1112,
452 1653 526 1714 cap.
548 1635 596 1716 3.)

365 1835 401 1894 S.
421 1832 627 1904 Antoninus,
651 1831 789 1892 ordtotr
806 1831 841 1892 S.
857 1831 1039 1901 nominat,

434 1931 710 2002 orcbtepiscopos
736 1927 968 1990 iterantibus.

344 2079 375 2139 7.
400 2078 483 2150 Quia
498 2075 675 2138 videbatur
688 2075 836 2137 extincta
848 2074 1008 2136 memoria
1022 2075 1101 2136 Pas·

306 2175 412 2238 sionis
438 2174 561 2236 Christi
590 2174 625 2234 in
647 2173 811 2236 mentibus
829 2173 1012 2244 hominum,
1032 2187 1100 2248 prae

304 2272 477 2351 tepiditate
492 2287 606 2333 eorum
621 2271 728 2334 voluit
737 2271 896 2332 Dominus
906 2269 1053 2330 excitare
1068 2269 1101 2330 et

305 2367 1101 2443 incalescerehanorecordationem,perimpres·

305 2470 433 2532 sionem
453 2466 662 2529 manifestam
678 2463 871 2528 cicatricum
893 2464 929 2524 in
962 2478 1100 2539 corpore

305 2565 395 2628 beati
425 2563 609 2626 Francisoi.
638 2562 757 2642 (Hist,
788 2563 873 2638 part.
894 2575 944 2630 111,
972 2560 1023 2621 tit.
1047 2561 1097 2630 24,

305 2680 379 2741 cap.
394 2665 423 2736 1,
438 2665 496 2740 53.
511 2660 632 2724 Guliel.
649 2659 766 2736 Pepin.
782 2661 895 2721 Serm-
921 2659 962 2719 de
980 2657 1100 2719 sancto

304 2759 520 2840 Fronorboo.)

344 2859 375 2919 8.
396 2862 503 2920 Idem.
523 2856 692 2928 Quoddam
714 2854 886 2930 singulare
905 2867 1099 2915 concessum

307 2955 370 3019 fuit
381 2955 477 3018 beato
493 2953 684 3022 Francisco,
700 2943 886 3030 quod'nulli
902 2949 990 3012 inter
1002 2950 1098 3011 natos

306 3052 484 3114 mulierum
508 3050 633 3125 legitur
654 3047 758 3110 luisse
782 3047 955 3122 donatum3
981 3045 1015 3106 et
1036 3044 1099 3106 boc

306 3153 357 3214 est
369 3150 546 3228 impressio
562 3148 752 3224 stigmatum
768 3159 951 3206 sacrorum.
970 3146 1099 3215 Quam-

305 3249 358 3310 vis
377 3248 466 3309 enim
490 3246 615 3307 Paulus
640 3244 730 3306 dicat
752 3242 793 3304 de
816 3257 852 3304 se
876 3242 917 3302 ad
942 3241 1096 3303 Galatas:

304 3347 378 3421 Epo
387 3344 552 3420 stromata
566 3343 706 3402 Domini
719 3343 803 3402 lesu
814 3342 852 3400 ta
866 3353 1010 3413 corpore
1022 3352 1098 3399 meo

303 3443 406 3517 porto
421 3439 621 3518 (Galat.,v1,
643 3435 696 3516 21)
713 3457 720 3496 ε
744 3437 855 3498 tamma
878 3435 990 3496 nullus
1005 3434 1096 3506 dicit,

305 3537 392 3617 quod
403 3535 557 3598 habuerit
566 3533 787 3610 corporaliter
796 3534 892 3609 signa
905 3531 1098 3608 passionum

304 3636 342 3697 in
356 3633 520 3706 manibus,
544 3633 577 3693 et
599 3630 753 3709 pedibus,
768 3632 802 3692 ot
815 3629 919 3692 latere
940 3652 948 3690 z
969 3629 1026 3690 sed
1047 3629 1099 3689 di-

305 3734 426 3796 cuntur
441 3731 595 3808 stigmata
610 3729 785 3806 passiones
807 3728 920 3790 multae
940 3729 973 3790 et
992 3727 1099 3788 adlic-

305 3831 425 3894 tiones.
438 3828 542 3892 Paulo
555 3828 719 3905 posthaec
734 3826 826 3888 addit
837 3847 846 3886 ε
857 3825 985 3888 Dicitur
998 3825 1098 3888 etiam

305 3928 346 3990 de
359 3925 527 4005 aliquibus
541 3924 670 3985 devotis
683 3922 872 3984 bominibus
883 3922 970 4002 quod
983 3937 1100 3984 sensc-

306 4027 375 4088 rint
399 4039 555 4101 magnum
577 4021 724 4083 dolorem
744 4020 779 4081 in
801 4021 965 4092 manibus,
982 4023 1016 4081 et
1037 4036 1099 4098 pe·

307 4123 416 4194 dibus,
432 4123 465 4183 et
487 4121 605 4192 latere,
629 4134 669 4182 ao
690 4118 719 4180 si
740 4117 936 4180 habuissent
947 4117 1001 4194 ,ihi
1019 4118 1098 4180 vul-

306 4235 388 4282 nera
407 4240 415 4280 :
436 4217 493 4280 sed
516 4218 629 4280 tamen
648 4231 716 4278 non
736 4214 784 4277 ita
798 4215 963 4291 impressa
978 4228 1099 4292 corpo·

305 4317 433 4390 naliter,
450 4317 487 4378 ut
500 4315 536 4376 in
551 4317 587 4376 Β.
602 4314 793 4376 Francisco.
809 4309 924 4391 (lbtd.)

346 4417 377 4476 9.
393 4417 503 4476 Idem.
524 4413 566 4474 Hi
582 4412 695 4489 utique
713 4411 790 4472 sunt
806 4410 880 4470 duae
894 4408 1003 4481 olivae,
1023 4408 1100 4487 pin-

1154 1633 1190 1694 in
1206 1632 1294 1696 Urbe
1308 1633 1415 1710 prinde
1434 1633 1722 1708 recognoscentes,
1737 1633 1770 1694 et
1783 1633 1818 1694 in
1833 1633 1949 1694 osculo

1154 1731 1269 1792 sancto
1293 1731 1407 1790 mutuo
1430 1729 1670 1805 amplexantes.
1695 1729 1735 1791 Et
1755 1725 1949 1792 Dominicus

1155 1826 1352 1889 Patriarcha
1387 1826 1659 1898 Praedicatorum,
1689 1826 1782 1901 prior
1815 1826 1948 1904 quidem

1154 1927 1312 2001 tempore,
1328 1923 1435 2001 quoad
1458 1922 1573 1984 mundi
1595 1922 1793 2000 ingressum,
1804 1923 1837 1984 et
1850 1937 1893 1984 ex
1907 1937 1949 1984 oo

1155 2036 1344 2097 egressum,
1372 2035 1412 2081 ac
1449 2020 1549 2081 etiam
1585 2019 1627 2080 ad
1662 2020 1949 2082 conversationem

1154 2118 1340 2194 religionis,
1362 2117 1396 2178 et
1420 2119 1530 2178 actum
1558 2115 1806 2193 praedicationis
1833 2137 1841 2176 ε
1869 2131 1949 2180 nam

1154 2215 1339 2292 perdecem
1352 2215 1646 2290 annosantoquam
1661 2213 1949 2275 confirmationem

1154 2313 1287 2374 Ordinis
1298 2314 1504 2390 procuraret,
1514 2312 1548 2371 in
1560 2311 1732 2387 Hispania,
1743 2311 1949 2373 etTolosana

1154 2411 1302 2488 regione,
1315 2412 1385 2488 jam
1398 2409 1576 2484 religiosus
1593 2409 1627 2470 et
1638 2423 1766 2484 pauper
1780 2408 1951 2470 discurre-

1154 2505 1550 2568 bat.Patriarchaautem
1560 2505 1725 2572 Minorum
1736 2505 1947 2577 Francisous,

1154 2603 1247 2680 prius
1270 2601 1555 2665 confirmationem
1571 2603 1622 2662 sui
1638 2601 1766 2662 ordinis
1788 2617 1952 2680 procura-

1153 2701 1212 2774 vit,
1231 2715 1298 2760 non
1322 2699 1504 2760 solemnem
1526 2699 1650 2769 tamen,
1667 2699 1724 2759 sed
1748 2700 1784 2761 ut
1806 2699 1949 2776 permis-

1154 2797 1281 2858 sionem
1297 2811 1356 2873 pro
1369 2799 1448 2857 tuno
1460 2795 1537 2857 talis
1550 2795 1666 2866 status,
1682 2796 1795 2876 utpote
1805 2795 1949 2857 vicinior

1154 2895 1275 2965 Curiae,
1291 2892 1333 2955 ab
1355 2893 1549 2954 innocentio
1567 2893 1625 2953 111.
1647 2893 1839 2953 Dominicus
1854 2909 1946 2964 voro,

1154 2991 1196 3053 ab
1211 2991 1327 3052 eodem
1341 2989 1596 3068 promissionem
1609 2989 1871 3051 confirmationis
1886 2990 1950 3051 ha-

1153 3088 1248 3149 buit:
1272 3087 1330 3148 sed
1354 3085 1602 3147 exsecutionem
1626 3101 1646 3146 a
1665 3101 1860 3148 successore
1874 3089 1947 3163 ejus

1152 3183 1362 3257 Honorio,ad
1371 3183 1504 3245 Curiam
1516 3197 1671 3246 reversus
1681 3183 1821 3259 accepit.
1830 3181 1947 3262 (loto.)

1146 3383 1297 3444 docebas
1313 3395 1336 3443 c
1355 3382 1536 3456 Voraptae,
1555 3380 1694 3441 Ordinis
1712 3381 1748 3441 S·
1765 3381 1946 3452 Donatum,

1358 3480 1537 3553 episcopus
1550 3479 1748 3538 Jooucustr.

1193 3630 1243 3691 11.
1258 3627 1409 3690 Christus
1423 3627 1501 3689 ante
1516 3627 1659 3706 primum
1682 3626 1871 3698 adventum,
1888 3626 1945 3704 qui

1152 3728 1226 3789 erat
1243 3725 1495 3796 misericordiae,
1516 3723 1678 3801 praemisit
1691 3724 1866 3800 Angelum,
1878 3725 1948 3785 soi-

1152 3824 1231 3886 licet
1252 3826 1289 3885 B.
1310 3827 1473 3886 Joannem
1494 3821 1676 3899 Baptistam
1692 3817 1754 3900 (3),
1770 3824 1848 3883 ante
1866 3835 1946 3882 vero

1153 3922 1334 3984 secundum
1350 3920 1527 3982 adventum
1543 3934 1613 3979 suae
1624 3919 1775 3995 justitiae,
1788 3917 1949 3994 praemisit

1153 4019 1295 4082 alterum
1318 4016 1492 4092 Angelum,
1518 4015 1646 4077 scilicet
1668 4017 1705 4076 B.
1722 4016 1948 4078 Franciscum.

1154 4114 1279 4196 (serm.
1296 4117 1337 4176 de
1349 4116 1384 4176 s.
1396 4109 1589 4191 Francirc.)

1162 4203 1164 4208 ’
1194 4214 1244 4272 12.
1269 4213 1378 4272 Idem.
1393 4209 1494 4271 Venit
1508 4208 1596 4270 enim
1613 4210 1647 4270 S.
1659 4207 1859 4270 b'ranciscus
1871 4225 1950 4286 por-

1152 4309 1228 4371 tans
1254 4322 1366 4369 secum
1394 4307 1462 4368 tres
1489 4305 1614 4379 radios,
1651 4305 1791 4379 scilicet,
1818 4306 1948 4368 radium

1154 4405 1392 4475 doctrinarum,
1406 4419 1466 4481 per
1488 4419 1585 4482 quem
1612 4403 1815 4464 illuminavit
1830 4403 1951 4465 obscu-

306 4513 449 4590 guedina
473 4509 661 4573 dilectionis
682 4510 715 4571 et
739 4507 925 4569 devotionis
949 4528 957 4567 ε
981 4507 1014 4569 et
1034 4506 1099 4568 duo
1153 4518 1220 4575 ros,
1234 4501 1365 4563 radium
1380 4500 1619 4578 exemplorum,
1634 4515 1693 4577 per
1706 4515 1802 4578 quem
1817 4500 1950 4562 indam-

307 4610 506 4674 candelabra
522 4606 569 4688 (1)
588 4607 734 4668 lucentia
749 4607 827 4669 ante
842 4605 1028 4677 Dominum,
1044 4619 1101 4665 or·
1154 4599 1258 4662 mavit
1276 4599 1406 4675 tepidos
1426 4601 1459 4660 st
1475 4598 1605 4659 radium
1621 4597 1869 4671 miraculorum,
1890 4614 1950 4676 par

305 4709 380 4770 bem
394 4705 544 4768 doctrina
559 4702 772 4766 illustrantia.
788 4703 830 4762 Hi
843 4701 908 4762 duo
923 4699 1099 4762 Cherubim
1155 4713 1251 4774 quem
1268 4696 1433 4758 convertit
1452 4694 1647 4757 obstinatos.
1672 4695 1747 4770 Ipse
1771 4695 1859 4756 enim
1884 4712 1948 4756 ex-

307 4803 473 4882 sapiontia
497 4802 613 4879 plena,
639 4797 872 4860 obumbrantia
895 4797 1100 4874 Propitiato·
1154 4795 1261 4856 cussit
1283 4793 1506 4870 ignorantiam
1527 4793 1563 4853 in
1575 4791 1737 4863 erroneis,
1749 4791 1844 4854 radio
1865 4793 1948 4854 doc-

305 4919 393 4975 rum,
409 4915 537 4962 necnon
552 4901 586 4960 et
606 4900 671 4959 duo
688 4896 872 4973 Seraphim,
890 4896 1030 4958 caritate
1044 4911 1101 4957 ar·
1154 4894 1331 4962 trinarum,
1360 4889 1598 4966 negligentiam
1627 4889 1662 4949 ln
1690 4888 1831 4968 tepidiS,
1854 4890 1948 4952 radio

308 5001 431 5072 dentis,
448 4995 627 5059 clamantia
640 5015 647 5054 ε
661 4995 814 5065 Sanctus,
827 4993 978 5064 Sanctus,
996 4993 1101 5052 Sano-
1155 4988 1395 5065 exemplorum,
1410 4989 1443 5048 et
1456 4986 1614 5047 duritiam
1629 4985 1664 5046 in
1679 4985 1870 5054 obstinatis,
1890 5002 1949 5049 ra-

305 5101 378 5170 tus,
412 5095 572 5158 Dominus
605 5095 692 5154 Deus
726 5089 893 5166 Sabaoth;
927 5088 1100 5165 implentia
1154 5087 1209 5148 dio
1225 5084 1475 5146 miraculorum.
1493 5081 1608 5162 (loto.)

274 5237 278 5247 .
304 5209 438 5258 omnem
462 5193 586 5254 terram
609 5190 718 5268 gloria
740 5191 824 5264 ejus,
841 5185 1049 5249 documentis
1069 5187 1102 5249 ot
1196 5184 1245 5244 13.
1275 5185 1382 5245 Idem.
1408 5180 1591 5243 Habentem
1619 5180 1750 5256 signum
1783 5179 1840 5242 Dei
1868 5181 1947 5244 vivi.

307 5289 480 5367 exemplis.
497 5287 539 5350 111
554 5286 659 5350 status
673 5283 950 5356 Mendioantinm,
967 5283 1100 5347 utrum·
1155 5280 1245 5344 Istud
1257 5280 1389 5356 signum
1407 5279 1552 5358 portavit
1571 5278 1606 5340 in
1622 5278 1733 5352 corde,
1747 5295 1806 5358 per
1825 5279 1948 5343 amoris

343 5447 386 5520 (1)
405 5445 586 5520 Apocal.,x1.
1191 5437 1232 5513 (3)
1249 5437 1360 5505 biallb„
1377 5450 1415 5494 xr.

344 5523 385 5598 (1)
406 5517 626 5586 Exod.,xxxvu.
648 5515 742 5583 lsalo,
753 5529 791 5570 vr.
