4184 6410
266 202 271 210 ’
366 235 427 296 eoa
787 226 1588 296 s.auronnraouaurorannoun1a.
1972 233 2030 292 cci

368 409 461 470 oues,
487 393 637 456 lucentes
665 391 847 470 lampades,
880 392 914 454 ot
940 392 975 454 in
1007 391 1160 454 manibus
1215 391 1462 454 devoraverunt
1472 389 1603 470 judices
1618 405 1708 454 suos.
1725 390 1931 454 »calefacti
1946 397 2030 454 sunt

368 489 476 554 tubas.
495 493 530 552 ln
547 505 610 567 quo
629 489 716 552 bello
729 492 809 552 sunt
829 489 1007 551 confractae
1021 489 1063 550 ab
1078 487 1161 566 ipsis
1214 487 1292 564 igne
1305 485 1508 565 cupiditatis,
1526 488 1559 549 et
1580 487 1738 561 luxuriae,
1755 491 1788 552 et
1801 490 1853 551 sic
1867 489 2032 552 devora-

369 587 449 648 tiliis
473 587 576 648 Israel
600 587 798 663 lagunculae,
819 587 1042 648 insonuerunt
1059 585 1159 658 tubae,
1214 586 1336 648 rerunt
1360 585 1492 661 jndices
1515 600 1604 657 suos,
1632 585 1719 648 idest
1738 588 1924 655 rationem,
1954 604 2030 664 quae

369 683 596 760 apparuerunt
620 684 806 762 lampadem
832 700 896 762 quo
925 683 1012 748 facto
1038 681 1161 746 devicti
1215 682 1312 744 debet
1333 681 1515 760 judicando
1540 681 1663 744 bonum
1689 686 1868 762 appetere,
1892 685 2028 746 malum

369 783 447 842 sunt
461 781 664 844 Madianitae.
682 783 760 843 Filii
775 783 879 845 Israel
896 782 975 844 sunt
987 782 1053 844 viri
1064 781 1158 859 iusti,
1215 795 1384 860 respuere.
1401 780 1482 842 item
1497 781 1532 840 in
1551 780 1685 842 Psalmo
1700 780 1765 861 (57,
1779 781 1814 862 9)
1829 803 1837 842 :
1852 799 1873 842 ‹
1891 785 2029 859 Super-

369 877 427 954 qui
441 879 544 940 Deum
558 879 684 951 vident,
704 879 760 942 hio
776 895 837 956 per
856 880 1011 957 speciem,
1032 879 1065 942 et
1082 893 1161 956 pos-
1215 877 1336 939 cecidit
1354 875 1452 952 ignis,
1478 876 1511 938 et
1532 877 1598 937 non
1623 877 1779 940 viderunt
1802 879 1928 952 solem,
1956 881 2026 941 sci-

367 975 423 1036 toa
445 975 551 1036 visuri
570 975 606 1036 in
626 976 736 1038 futuro
761 977 847 1038 facie
869 975 911 1038 ad
933 975 1063 1038 faciem.
1088 977 1161 1036 Ma·
1216 973 1455 1049 licetjustitiae;
1469 973 1503 1036 et
1514 973 1589 1035 ideo
1600 990 1702 1051 pones
1714 991 1783 1048 eos,
1795 975 2024 1038 utclibanum

369 1071 505 1134 dianitae
519 1074 596 1134 sunt
610 1072 787 1146 daemones,
804 1073 857 1136 rel
876 1075 1023 1151 peccata,
1044 1073 1160 1134 contra
1216 1069 1347 1145 ignis.»
1365 1072 1412 1131 De
1433 1070 1498 1131 hoc
1521 1071 1599 1146 igne
1623 1071 1704 1133 dicit
1725 1071 1831 1133 isaias
1852 1072 1923 1152 (30,
1946 1074 2022 1152 33):

369 1183 465 1245 quos,
484 1170 538 1230 vel
560 1186 634 1246 quae
657 1171 805 1248 pugnant
824 1170 891 1233 riri
909 1171 1004 1250 justi.
1025 1172 1161 1246 Lagun·
1216 1168 1442 1245 ‹Praeparata
1458 1167 1508 1228 est
1521 1167 1564 1229 ab
1577 1167 1655 1229 heri
1669 1169 1768 1230 vallis
1787 1169 2023 1246 Thopheth,a

369 1265 446 1325 cula
466 1264 699 1342 confringitur,
723 1282 798 1327 cum
820 1281 899 1328 caro
918 1267 1035 1328 contra
1055 1266 1160 1326 luxu·-
1215 1280 1295 1348 rege
1309 1265 1508 1342 praeparata,
1525 1263 1700 1342 profunda,
1717 1267 1750 1328 et
1764 1266 1922 1330 dilatata.
1949 1271 2023 1329 Nu-

368 1361 454 1424 riam
467 1365 665 1426 maceratur.
682 1364 842 1426 insonant
863 1363 962 1438 tubae,
983 1379 1057 1426 oum
1074 1378 1162 1439 prae·
1216 1362 1408 1424 trimentum
1430 1358 1478 1441 (1)
1501 1365 1574 1439 ejus
1596 1362 1696 1438 ignis,
1720 1363 1752 1425 et
1772 1363 1866 1440 ligna
1889 1365 2020 1427 multa:

369 1458 535 1522 dicatione
552 1463 657 1534 ionae,
678 1462 712 1523 et
731 1461 825 1524 uerbi
841 1461 947 1523 divini
963 1461 1161 1523 auctoritate
1217 1457 1315 1522 datus
1331 1459 1461 1521 Domini
1486 1459 1572 1522 sicut
1590 1461 1721 1522 torrens
1741 1461 1921 1540 sulphuris
1940 1480 2023 1526 suc-

370 1559 486 1618 oontra
497 1557 723 1620 idololatriam
739 1559 891 1622 avaritiae
905 1559 959 1622 vir
974 1561 1084 1638 justus
1100 1573 1160 1618 ar·
1216 1557 1361 1620 candens
1371 1556 1595 1619 eam.»Vallis
1603 1557 1777 1634 'thopheth
1786 1561 1837 1622 est
1842 1560 2019 1636 gehenna,

367 1653 487 1715 matur.
503 1657 673 1732 Apparent
685 1656 866 1733 lampades,
883 1673 958 1717 cum
975 1655 1091 1717 fractis
1106 1655 1160 1716 la·
1216 1671 1289 1734 quae
1300 1656 1489 1732 praeparata
1502 1653 1553 1716 est
1565 1652 1606 1716 ab
1619 1654 1703 1728 heri,
1720 1655 1806 1718 idest
1818 1655 1862 1717 ab
1874 1659 2018 1732 aeterno,

367 1751 532 1826 gunculis,
549 1751 634 1812 idest
649 1752 843 1829 corporibus
858 1753 1018 1830 martyrio
1033 1767 1159 1830 suppo·
1216 1754 1403 1829 praeparata
1417 1752 1552 1829 iuquam
1568 1767 1585 1813 a
1603 1767 1693 1827 rege,
1710 1752 1795 1813 idest
1815 1769 1834 1814 a
1850 1757 1921 1816 Deo
1941 1757 2018 1816 Om-

368 1848 443 1912 sitis
466 1849 617 1911 relucent
641 1865 741 1926 opera
765 1851 935 1923 virtutum,
962 1851 996 1912 et
1015 1850 1162 1912 miracu·
1215 1850 1384 1927 nipotente
1399 1849 1511 1926 impiis
1523 1849 1712 1926 puniendis,
1727 1850 1784 1927 qui
1802 1855 1883 1912 sunt
1902 1853 2018 1914 nutri-

254 1977 256 1982 ·
366 1942 491 2020 lorum;
511 1947 544 2007 et
564 1946 599 2006 in
621 1945 674 2006 his
694 1946 874 2009 vincuntur
895 1948 1098 2009 Madianitee.
1121 1949 1162 2008 Et
1215 1947 1324 2008 menta
1338 1947 1485 2024 oJusdem
1496 1946 1595 2024 ignis.
1611 1946 1767 2024 Sequitur
1780 1970 1787 2006 :
1800 1950 1844 2010 In
1857 1947 2017 2024 tempore

233 2095 236 2100 .
367 2040 431 2102 hoo
455 2043 505 2104 est
528 2043 614 2120 quod
639 2043 720 2106 dicit
743 2044 867 2105 Isaias:
892 2047 1048 2120 «iugum
1071 2044 1160 2104 enim
1215 2045 1329 2106 oratus
1348 2044 1410 2115 tui,
1433 2042 1497 2104 hoc
1519 2045 1570 2106 est
1592 2043 1627 2104 in
1648 2044 1701 2106 die
1720 2045 1853 2122 judicii,
1878 2047 2016 2123 quando

368 2139 480 2200 oneris
493 2141 576 2216 eius,
590 2142 623 2201 ei
636 2141 763 2216 virgam
777 2140 907 2202 humeri
918 2144 1001 2217 eius,
1019 2142 1052 2203 et
1064 2157 1160 2218 scep-
1214 2141 1280 2203 tuae
1303 2140 1528 2203 vultuositatis
1552 2139 1601 2220 (2)
1626 2141 1679 2202 ira
1703 2141 1892 2219 apparebit.
1918 2145 2015 2206 Unde

366 2235 453 2296 trum
469 2236 635 2298 exactoris
653 2239 726 2314 eJ'us
747 2238 923 2314 superasti,
946 2237 1033 2300 sicut
1052 2236 1087 2298 in
1106 2237 1160 2299 dio
1214 2238 1346 2300 Nahum
1360 2235 1404 2316 (1,
1420 2237 1453 2317 6)
1470 2260 1479 2298 :
1495 2238 1611 2300 «Ante
1624 2237 1746 2300 faciem
1761 2239 2012 2316 indignationis

365 2331 512 2395 Madian.
528 2335 681 2410 »iugum
696 2335 1023 2412 enimjumentorum
1039 2335 1107 2410 est;
1124 2335 1158 2396 in
1214 2338 1287 2412 ejus
1307 2336 1381 2413 quis
1405 2335 1526 2399 stabitt
1551 2336 1585 2398 et
1610 2336 1722 2398 statim
1746 2336 1859 2400 subdit
1880 2359 1889 2399 :
1918 2339 2016 2400 Indi-

366 2444 430 2508 quo
454 2429 589 2492 notatur
612 2431 758 2502 luxuria,
786 2447 858 2508 quae
883 2447 966 2508 opus
987 2431 1158 2492 hominum
1213 2431 1327 2509 gnatio
1341 2434 1413 2509 ejus
1428 2432 1534 2494 effusa
1547 2433 1598 2495 est
1609 2434 1646 2494 ut
1657 2433 1745 2509 ignis
1759 2455 1766 2492 :
1782 2435 1816 2496 et
1831 2435 1939 2510 petrae
1953 2437 2016 2495 dis-

364 2526 416 2587 est
427 2527 468 2587 ad
482 2526 614 2589 modum
621 2527 848 2604 jumentorum
858 2528 1057 2604 viventium3
1072 2528 1159 2590 unde
1214 2529 1331 2602 solutae
1351 2531 1429 2591 sunt
1451 2529 1493 2590 ab
1517 2544 1603 2591 eo.»
1627 2530 1710 2601 Quid
1733 2545 1814 2606 ergo
1838 2530 1948 2594 faciet
1969 2533 2013 2594 ibi

367 2622 440 2687 Joel
462 2620 507 2702 (1,
532 2621 585 2702 17)
601 2639 608 2684 :
625 2641 643 2684 s
659 2625 939 2702 computruerunt
953 2626 1105 2702 jumenta
1122 2626 1158 2686 in
1212 2625 1358 2700 infirma,
1374 2626 1406 2687 et
1421 2623 1552 2702 fragilis
1571 2627 1757 2704 peccatoris
1776 2627 1942 2702 conditio,
1961 2629 2017 2690 ubi

367 2721 514 2782 stercore
528 2735 599 2782 suo.
612 2738 631 2779 s
644 2723 681 2782 ln
693 2721 789 2798 virga
803 2737 883 2782 vero
896 2722 1055 2796 avaritia;
1073 2723 1159 2785 sicut
1212 2724 1382 2800 petrarum
1398 2723 1581 2786 solidarum
1595 2724 1639 2786 sit
1650 2724 1847 2786 dissolutioi

365 2816 454 2876 enim
474 2816 665 2878 Madianitae
680 2817 775 2894 virga
797 2817 966 2894 fugantur,
982 2820 1015 2882 et
1033 2819 1090 2896 qui
1105 2819 1158 2879 fu·
1255 2819 1433 2898 Sequitur:
1456 2824 1625 2883 Dominus
1644 2825 1681 2882 io
1700 2825 1757 2882 tro
1775 2835 1842 2884 suo
1861 2826 2015 2886 contur-

365 2914 472 2989 gatur,
490 2913 649 2976 discurrit
662 2930 722 2992 per
740 2915 814 2978 loca
834 2915 987 2978 diversa:
1011 2916 1060 2978 sic
1078 2917 1156 2978 dia·
1213 2919 1381 2980 scorteos.
1396 2919 1433 2980 In
1446 2916 1608 2993 gehenna
1621 2918 1784 2996 supplicio
1798 2919 2016 2983 conturbabit

363 3009 459 3072 bolus
474 3027 595 3074 avaros
609 3011 798 3075 discurrere
812 3011 893 3076 facit
908 3029 966 3090 per
980 3015 1157 3076 avaritiam
1212 3031 1280 3080 eos.
1295 3015 1502 3092 septemplici
1515 3030 1573 3078 eos
1586 3016 1814 3078 conturbando
1829 3019 2014 3096 supplicio,

363 3123 424 3184 per
437 3108 556 3180 terras,
573 3124 633 3186 per
646 3110 765 3171 maria.
782 3113 819 3171 in
839 3114 971 3188 sceptro
989 3113 1156 3174 exactoris
1212 3113 1270 3189 qui
1284 3115 1358 3189 ejus
1371 3112 1580 3191 septemplici
1592 3113 1774 3177 noluerunt
1790 3115 1893 3176 ditari
1908 3116 2013 3178 dono.

364 3206 499 3266 notatur
511 3205 600 3280 gula.
616 3208 696 3268 Cum
712 3208 801 3268 enim
815 3211 932 3270 venter
946 3209 1084 3270 exactor
1098 3224 1157 3286 per
1211 3210 1316 3271 nrum
1329 3209 1417 3272 enim
1426 3225 1533 3287 poenae
1544 3211 1704 3286 ipsorum,
1719 3209 2014 3288 deformitasgra·

363 3301 474 3377 gulam
489 3317 551 3362 nos
565 3302 680 3376 allicit,
697 3305 793 3380 quasi
808 3307 987 3382 sceptrum,
1002 3304 1088 3368 idest
1102 3306 1157 3368 do·
1211 3307 1309 3380 vitas,
1331 3306 1536 3380 invaletudo,
1559 3308 1706 3382 miseria,
1729 3309 1886 3381 servitus
1907 3310 2011 3371 intir-

364 3398 503 3460 minium
514 3401 550 3462 in
563 3400 659 3462 uobis
671 3400 863 3479 possidebit,
878 3403 945 3464 nisi
960 3403 1156 3466 resistamus
1211 3405 1321 3477 mites,
1357 3405 1475 3466 mortis
1510 3405 1692 3468 aeternitas.
1723 3408 1771 3468 De
1795 3405 2013 3470 deformitate

363 3511 423 3572 per
435 3497 681 3560 abstinentiam.
693 3501 740 3560 De
753 3498 905 3560 omnibus
918 3499 971 3561 his
983 3501 1156 3576 virjnstus
1211 3502 1292 3563 dicit
1302 3501 1408 3562 isaias
1419 3500 1485 3581 (13,
1497 3500 1549 3580 8):
1566 3503 1830 3580 «Unusquisque
1843 3504 1885 3566 ad
1900 3507 2014 3581 proxi·

362 3593 559 3672 triumphem
578 3596 825 3674 undesequitur
837 3617 844 3657 :
856 3614 875 3659 a
887 3598 1156 3676 Superastisiout
1210 3615 1301 3660 mum
1320 3613 1417 3660 suum
1435 3597 1591 3676 stupebit,
1609 3598 1713 3660 facies
1728 3599 1911 3664 combustae
1930 3603 2011 3662 vul-

362 3691 398 3752 in
413 3690 468 3754 die
480 3693 626 3755 Madian.
641 3710 659 3755 »
1210 3697 1404 3758 tuscorum.
1419 3712 1438 3755 s
1452 3698 1500 3756 De
1514 3695 1680 3772 gravitate
1695 3697 1818 3759 dicitur
1835 3699 1870 3758 in
1883 3701 2013 3776 Apoca-

1209 3793 1296 3870 lypsi
1308 3791 1372 3872 (18,
1387 3791 1440 3871 21)
1451 3813 1460 3853 :
1473 3811 1491 3854 s
1505 3793 1648 3857 Sustulit
1662 3810 1749 3856 unus
1762 3796 1912 3872 Angelus
1928 3797 2012 3874 lapi·

1210 3890 1284 3952 dem
1306 3889 1403 3967 quasi
1426 3890 1586 3953 molarem
1607 3907 1776 3969 magnum,
1803 3893 1837 3955 et
1858 3895 1956 3958 misit
1975 3897 2010 3956 in

602 3943 742 4004 SERMO
763 3945 910 4005 XXXVL
1209 4003 1313 4060 mare,
1328 3988 1442 4051 ascens
1454 4008 1462 4048 ι
1475 3991 1545 4050 Hoc
1554 3988 1681 4068 impetu
1694 3977 1845 4052 mittetur
1856 3990 2014 4068 Babylon

616 4091 657 4147 De
676 4090 769 4161 poenis
786 4088 898 4148 inferni.
1209 4085 1268 4146 illa
1278 4100 1398 4162 magna
1410 4085 1541 4158 civitas,
1555 4089 1588 4148 et
1599 4085 1687 4148 ultra
1696 4102 1763 4148 non
1773 4087 2012 4151 invenietur.»

678 4235 684 4247 .
1209 4185 1256 4244 De
1265 4180 1493 4244 invaletudine
1508 4182 1705 4246 dicitisaias
1719 4181 1783 4263 (14,
1799 4182 1851 4264 10)
1867 4207 1876 4245 :
1890 4204 1909 4244 s
1923 4188 1967 4248 Et
1975 4191 2012 4249 tu

362 4235 476 4292 P⁰⁷²e⁸
494 4243 561 4300 Μ’
583 4232 621 4292 ²⁶³
642 4233 811 4293 cubam
833 4235 924 4310 ΨΜ
942 4237 980 4294 m
1000 4235 1154 4310 lemme
1208 4278 1403 4340 vulneratus
1427 4295 1463 4342 es
1492 4279 1580 4341 siout
1601 4281 1635 4342 et
1662 4296 1734 4342 nos.
1756 4296 1775 4340 s
1799 4283 1870 4344 Hoc
1895 4282 2010 4345 dicent

488 4327 603 4388 vum
618 4330 680 4404 ‘m'
694 4330 756 4391 etc‘
775 4328 878 4408 (Μ’
894 4332 945 4404 20'
962 4327 1026 4410 ω’)
1209 4379 1401 4454 peccatores
1419 4375 1482 4453 ipsi
1500 4375 1646 4450 diabolo,
1662 4377 1716 4438 vel
1735 4377 1852 4451 alicui,
1868 4380 1928 4456 qui
1952 4399 2009 4442 se-

400 4469 463 4530 Hic
478 4469 643 4548 Propheta
665 4486 778 4546 peenas
797 4465 1010 4534 inimicorum
1030 4473 1152 4538 Christi
1208 4474 1304 4535 duxit
1325 4490 1383 4535 eos
1407 4473 1448 4534 ad
1471 4475 1674 4551 peccandum
1701 4497 1708 4535 :
1735 4479 1858 4538 Nostri
1882 4481 2012 4540 mordis

359 4565 519 4644 explicat3
537 4568 695 4646 quoniam
710 4570 766 4646 qui
781 4569 836 4630 hic
851 4568 1030 4633 noluerunt
1044 4572 1153 4634 Chris·
1206 4572 1319 4646 factus
1333 4569 1380 4649 (3)
1396 4587 1433 4632 es
1447 4570 1482 4632 in
1500 4572 1620 4648 poenis,
1637 4588 1704 4634 non
1723 4572 1841 4635 ualens
1861 4574 2011 4636 ulterius

359 4665 429 4726 turn
444 4665 596 4726 invenire
613 4681 672 4742 per
691 4665 800 4738 tidem,
823 4667 996 4730 invenient
1016 4685 1091 4730 enm
1106 4669 1152 4731 ihi
1207 4668 1379 4740 seducere,
1395 4669 1448 4730 vel
1461 4667 1598 4730 brachia
1613 4671 1670 4731 tua
1687 4669 1728 4730 ad
1750 4669 1870 4732 illicita
1885 4674 2009 4734 exten-

359 4777 419 4837 per
453 4777 625 4838 poenarum
663 4763 888 4825 afflictionem.
929 4765 1016 4826 Dicit
1049 4781 1150 4840 ergo:
1207 4766 1297 4828 dero.
1325 4767 1455 4838 Quanto
1481 4766 1571 4828 enim
1595 4766 1668 4844 plus
1692 4767 1747 4829 hic
1777 4784 1840 4830 sna
1863 4767 2006 4832 brachia

358 4863 473 4920 Penes
500 4872 558 4920 eos
582 4860 622 4920 ut
646 4864 827 4922 clibanum.
853 4863 1012 4923 Dominus
1034 4861 1153 4924 reddet
1207 4865 1323 4924 contra
1347 4866 1451 4924 Deum
1475 4866 1665 4937 erexerunt,
1691 4865 1784 4926 tanto
1808 4864 1856 4925 ihi
1879 4865 2007 4928 invali-

358 4953 525 5015 clibanum
549 4969 609 5032 pro
632 4955 781 5032 cliban03
805 4957 961 5020 videlicet
984 4957 1152 5020 clibanum
1207 4959 1312 5032 diora,
1328 4961 1361 5021 et
1373 4959 1469 5037 quasi
1484 4961 1667 5037 paralytica
1680 4960 1861 5023 habebunt.
1875 4965 1922 5024 De
1938 4967 2005 5026 mi-

356 5052 507 5113 ardentis
526 5053 750 5126 conscientiae,
774 5055 807 5116 et
827 5055 989 5132 gehennae
1009 5070 1069 5132 pro
1090 5056 1152 5118 cli·
1207 5057 1295 5119 seria
1309 5057 1432 5119 dicitur
1453 5057 1489 5117 in
1509 5057 1690 5134 Evangelio
1709 5080 1717 5119 ι
1736 5061 1788 5120 Ibi
1809 5061 1881 5121 erit
1901 5062 2006 5133 licitos

356 5145 445 5210 bano
457 5149 621 5217 avaritiae,
633 5151 666 5212 et
676 5151 830 5213 luxuriae.
843 5152 937 5213 Unde
947 5155 1031 5214 Osee
1042 5151 1086 5231 (7,
1097 5151 1149 5232 7):
1206 5156 1240 5216 et
1250 5155 1384 5218 stridor
1397 5155 1553 5216 detritum
1568 5151 1627 5234 (4).
1649 5154 1763 5217 Fletus
1779 5157 1957 5220 oculorum
1971 5161 2005 5220 in

357 5246 520 5306 «Omnes
539 5244 692 5309 calefacti
712 5249 789 5317 sunt
809 5249 908 5325 'quasi
932 5248 1096 5322 olibanus,
1118 5250 1152 5312 et
1205 5251 1353 5315 vanitate
1386 5251 1592 5327 vagantium,
1622 5252 1746 5315 stridor
1776 5252 1930 5316 dentium
1965 5259 2006 5319 de

393 5401 435 5542 (1)
454 5401 560 5473 vulg:
576 5402 765 5462 Nutrimontn.
800 5474 806 5487 ι
852 5476 857 5486 1
896 5476 902 5488 ⁸
1068 5477 1073 5490 .
1205 5407 1251 5465 siti
1263 5406 1421 5506 apparebit.
1432 5405 1503 5465 Vide
1514 5409 1716 5480 Faociolnturn,
1725 5409 1823 5481 verbo,
1835 5412 2004 5473 Vottoosm.

355 5471 1151 5621 ...bittit,latitaturusalst
1239 5479 1270 5620 t
1301 5479 1411 5620 ltl·.;
1424 5478 1552 5619 sata?-
