4152 6388
295 254 357 316 283
724 249 758 308 S.
781 247 1004 310 FRANCISCI
1023 249 1252 310 asstslffls
1273 250 1504 310 opuscula.
1885 253 1953 314 284

297 413 459 478 etomues
473 407 624 490 1³⁰1)le
638 405 1090 484 b'ibusetlinguas,eiom-
1145 408 1342 476 exaltemus,
1362 408 1625 484 magnificemus,
1652 413 1687 472 et
1708 412 1838 487 gratias
1861 427 1953 487 aga-
2059 475 2060 492 ¹

297 526 357 572 nes
372 509 535 577 natones,
552 507 586 568 ct
599 521 714 568 omues
727 505 879 566 bomiues
894 505 1016 582 ubique
1026 508 1092 566 ter·
1146 521 1219 566 mus
1230 506 1394 566 altissimo
1408 509 1443 567 et
1453 523 1584 567 summo
1595 509 1664 568 lieo
1675 510 1814 578 aeteruo,
1832 511 1953 569 etTri-

296 621 421 676 rarum,
443 603 501 682 qui
523 604 601 666 suut
615 605 649 665 et
662 604 771 674 erunt,
795 603 968 664 humiliter
984 617 1090 678 roga-
1146 603 1242 663 nitati
1257 605 1291 664 et
1307 605 1445 674 [nitati
1467 606 1570 674 Patri,
1586 607 1622 664 et
1639 605 1739 676 Filio,
1752 609 1788 666 et
1800 605 1950 681 Spiritui

296 721 370 766 mus
384 705 418 764 et
432 701 658 780 supplicamus
673 717 734 762 nos
748 715 864 762 omues
878 699 999 760 iratres
1028 699 1088 760 ili-
1147 703 1279 770 Saucto,
1296 702 1445 760 Creatori
1457 702 1616 772 omnium,
1631 702 1666 762 in
1680 718 1717 762 se
1731 702 1943 764 credentium

296 817 406 874 norm,
423 800 511 860 servi
525 799 672 863 inutiles,
690 801 726 860 ut
745 814 861 860 omues
877 798 913 858 iu
928 813 1008 858 vera
1026 797 1090 858 tide
1145 799 1179 858 et
1193 799 1409 874 sperantium,
1424 801 1458 858 et
1470 799 1678 873 diligentium
1694 815 1783 868 eum,
1798 801 1950 876 quisine

295 897 527 976 etpoeniteutia
536 911 801 974 perseveremus;
815 895 892 972 quia
904 894 1003 956 aliter
1015 893 1092 954 nul·
1147 895 1254 966 initio,
1269 899 1304 956 et
1320 897 1394 956 siue
1410 896 1486 966 tine,
1509 897 1738 966 immutabilis,
1761 901 1796 958 et
1820 898 1949 957 invisi-
2059 877 2060 938 l

294 996 348 1058 lus
369 995 494 1058 salvari
513 995 631 1072 potest.
649 996 770 1054 Omnes
782 993 960 1068 diligamus
970 1009 1013 1052 ex
1023 992 1091 1052 toto
1144 990 1233 1062 bilis,
1259 993 1507 1064 inenarrabilis,
1530 993 1725 1064 ineffabilis,
1743 995 1944 1070 incompre-

295 1093 407 1168 corde,
418 1109 462 1154 ex
477 1093 544 1154 tota
558 1091 683 1162 anima,
697 1107 741 1152 ex
753 1093 824 1152 tota
836 1094 958 1160 mente,
974 1092 1009 1152 et
1021 1089 1092 1152 lor·
1146 1089 1332 1162 bensibilis,
1354 1090 1610 1166 investigabilis,
1635 1090 1842 1162 benedictus,
1868 1092 1948 1152 lau-

294 1189 449 1260 titudiue,
472 1205 515 1250 ex
538 1191 608 1250 toto
622 1187 805 1258 intellectu,
828 1190 919 1248 etex
938 1187 1091 1248 omnibus
1144 1186 1276 1258 dabilis,
1289 1187 1467 1262 gloriosus,
1477 1189 1757 1264 superexaltatus,
1771 1188 1942 1262 sublimis,

296 1287 438 1358 viribus,
454 1287 522 1348 tcto
537 1287 624 1356 uisu,
640 1287 710 1348 toto
724 1285 858 1356 affectu,
882 1285 961 1346 totis
976 1284 1090 1344 visce-
1144 1283 1309 1356 excelsus,
1339 1285 1465 1355 suavis,
1485 1285 1654 1356 amabilis,
1672 1285 1896 1358 delectabilis,
1913 1287 1949 1348 et

295 1385 401 1456 ribus,
417 1384 495 1446 totis
509 1382 686 1444 desideriis
708 1383 742 1444 et
765 1381 993 1444 voluntatibus
1019 1383 1090 1442 llo-
1144 1381 1234 1444 totus
1256 1396 1390 1458 semper
1408 1383 1638 1459 superomnia
1657 1382 1894 1444 desiderabilis
1909 1383 1947 1444 in

295 1482 421 1544 minum
437 1483 552 1550 Deum,
568 1479 626 1557 qui
638 1481 742 1540 totum
757 1494 890 1556 corpus,
903 1481 1006 1540 totam
1020 1477 1092 1538 ani·
1144 1477 1268 1540 secula
1280 1479 1491 1542 sescrdornm.

294 1595 394 1652 mam,
417 1579 520 1640 totam
542 1576 647 1640 vitam
668 1575 770 1648 dedit,
795 1578 831 1638 et
853 1576 911 1638 dat
936 1574 1091 1638 omnibus

295 1675 391 1738 nobis
408 1697 415 1736 :
432 1675 489 1754 qui
504 1690 565 1735 uos
585 1673 723 1746 creauit,
738 1675 773 1736 et
793 1673 944 1744 redemit,
970 1673 1004 1734 et
1017 1673 1091 1734 sola
1326 1691 1537 1752 Exponam
1554 1693 1601 1756 Μ
1620 1693 1764 1765 fragm·

296 1789 357 1838 sua
372 1771 603 1834 misericordia
618 1770 783 1832 salvavit:
799 1770 857 1846 qui
872 1769 969 1832 uobis
982 1769 1089 1830 mise-

294 1869 459 1934 rabilibus
473 1871 506 1932 et
521 1868 663 1939 miseris,
681 1867 824 1944 putridis
839 1869 873 1928 et
887 1865 1022 1938 loetidis,
1039 1866 1091 1926 iu·
1184 1868 1221 1928 In
1241 1867 1376 1930 nomine
1391 1868 1450 1928 Dei
1464 1869 1713 1946 omnipotentis,
1725 1885 1808 1945 rogo
1823 1885 1944 1932 omnes
2059 1867 2060 1884 ³

294 1965 411 2044 gratis,
432 1964 572 2039 ignaris,
592 1965 625 2026 et
647 1963 744 2024 malis
765 1963 877 2024 omnia
898 1961 986 2024 bona
998 1961 1088 2032 lecit,
1144 1963 1275 2037 iratres,
1291 1966 1328 2027 ut
1341 1963 1515 2027 addiscant
1526 1967 1673 2028 tanmem
1689 1969 1722 2028 et
1736 1983 1870 2028 sensum
1887 1983 1947 2028 eo-

294 2064 329 2126 et
342 2061 432 2126 lacit
442 2061 534 2122 Nihil
549 2076 629 2138 ergo
643 2059 735 2122 aliud
750 2059 990 2130 desideremus,
1003 2059 1089 2120 nibil
1144 2076 1217 2122 rum
1231 2077 1305 2138 qnae
1319 2062 1356 2122 in
1367 2062 1433 2124 ista
1447 2063 1516 2124 vila
1528 2063 1570 2123 ad
1582 2063 1723 2124 salutem
1734 2064 1856 2125 animae
1865 2081 1948 2126 nos-

295 2160 386 2224 aliud
395 2160 545 2229 velimus,
557 2158 640 2220 nihil
653 2157 742 2220 aliud
754 2158 893 2234 placeat,
905 2159 940 2220 et
948 2156 1090 2220 delectet
1143 2161 1204 2219 trae
1219 2159 1343 2234 scripta
1358 2163 1445 2230 sunt,
1459 2161 1493 2222 et
1512 2161 1577 2221 ista
1596 2159 1786 2237 frequenter
1801 2161 1843 2221 ad
1864 2177 1945 2222 me-

294 2274 368 2332 nos,
380 2257 445 2318 nisi
461 2257 607 2328 Creator,
618 2257 652 2318 et
664 2255 875 2332 Redemptor,
886 2257 920 2317 et
934 2255 1090 2316 Salvator
1143 2255 1284 2317 moriam
1299 2257 1470 2318 reducant
1487 2259 1527 2318 Et
1544 2273 1647 2318 exoro
1667 2260 1782 2330 Deum,
1800 2259 1836 2320 ut
1854 2259 1943 2335 ipse,

295 2357 418 2428 noster,
433 2353 523 2416 solus
536 2356 569 2417 et
583 2369 682 2416 verus
695 2356 793 2426 Deus,
810 2353 867 2430 qui
882 2354 934 2415 est
952 2353 1088 2428 plenum
1143 2352 1201 2430 qui
1214 2355 1266 2414 est
1279 2355 1499 2430 omnipotens,
1517 2354 1627 2416 trinus
1644 2359 1677 2416 et
1692 2372 1788 2427 nune,
1803 2355 1945 2416 benedi-

294 2451 428 2526 bouuln,
443 2467 540 2514 omne
554 2451 687 2524 bouum,
701 2453 806 2514 totum
820 2449 953 2522 bonum,
971 2466 1088 2512 verum
1142 2451 1196 2510 cat
1226 2465 1341 2510 omnes
1372 2450 1541 2522 docentes,
1569 2452 1789 2524 addiscentes,
1822 2467 1944 2514 recor-

294 2551 329 2614 et
347 2565 512 2612 summum
533 2548 667 2618 bonum,
691 2548 748 2626 qui
774 2547 866 2609 solus
890 2549 940 2609 est
966 2546 1084 2618 bonus,
1142 2543 1269 2618 dantes,
1287 2549 1321 2607 et
1345 2549 1522 2624 operantes
1537 2549 1614 2618 ista,
1637 2550 1766 2626 quoties
1781 2551 1943 2628 repetunt

293 2647 369 2726 pius
383 2648 416 2710 et
434 2645 535 2718 mitis,
551 2645 665 2706 suavis
681 2646 715 2707 ct
726 2645 843 2716 dulcis,
858 2645 915 2722 qui
930 2643 1021 2706 solus
1036 2644 1088 2705 est
1142 2657 1216 2720 qum
1230 2642 1276 2703 ibi
1291 2643 1485 2706 adsalutem
1500 2646 1646 2706 nostram
1659 2647 1784 2723 scripta
1797 2649 1883 2709 sunt.
1897 2649 1943 2708 Et

297 2745 444 2816 sanctus,
463 2743 585 2820 justus,
609 2757 720 2812 verus,
736 2741 905 2812 etractus,
922 2741 979 2818 qui
994 2742 1087 2802 solus
1142 2738 1303 2815 deprecor
1313 2757 1429 2802 omnes
1444 2741 1641 2802 cumosculo
1657 2743 1788 2819 pedum,
1805 2745 1843 2805 ut
1856 2743 1944 2804 mul·

295 2843 346 2906 est
356 2839 533 2916 benignus,
544 2840 716 2907 innocens,
725 2839 867 2900 mundus
881 2860 888 2898 ι
901 2853 921 2900 a
935 2853 1011 2916 quo,
1029 2853 1089 2915 per
1141 2837 1211 2897 tum
1235 2836 1387 2913 diligant,
1410 2838 1608 2910 custodiant,
1642 2842 1675 2902 et
1696 2842 1871 2916 reponant,
1902 2842 1942 2904 et

294 2953 402 3022 quem,
427 2940 461 2999 et
482 2937 517 2998 in
538 2952 602 3016 quo
629 2935 681 2998 cst
707 2935 815 2998 omnis
841 2936 950 3008 venia,
980 2935 1087 2996 omnis
1143 2945 1186 2992 ex
1196 2934 1289 3008 parte
1300 2933 1359 2994 Dei
1375 2936 1621 3010 omnipotentis,
1631 2938 1666 2997 et
1681 2935 1806 2997 domiui
1821 2940 1939 3012 Papae,

296 3035 416 3116 gretie,
432 3034 541 3096 omnis
560 3033 668 3112 gloria
682 3033 829 3094 omnium
844 3033 1085 3110 poenitentium,
1142 3032 1176 3092 et
1186 3045 1246 3108 per
1259 3030 1493 3104 obedientiam,
1510 3049 1571 3108 ego
1584 3035 1782 3096 Franciscus
1797 3034 1944 3096 firmiter

293 3130 895 3212 etiustorum,olnniu1nbeatorumin
911 3128 1089 3192 coeliscon·
1142 3127 1301 3206 praecipio
1316 3130 1350 3191 et
1364 3129 1513 3206 injungo,
1530 3131 1567 3191 ut
1585 3145 1628 3191 ex
1651 3131 1793 3209 hisquae
1812 3131 1848 3192 in
1870 3132 1940 3194 ista

293 3228 519 3306 gaudentium.
536 3226 629 3288 Nihil
644 3241 724 3302 ergo
742 3225 912 3304 impediat,
934 3225 1019 3286 nibil
1034 3241 1089 3288 se-
1143 3225 1210 3287 vita
1224 3226 1347 3304 scripta
1361 3228 1450 3298 sunt,
1467 3227 1578 3288 nullus
1591 3229 1729 3300 minuat,
1746 3229 1799 3291 vel
1812 3230 1848 3290 in
1859 3231 1939 3306 ipsa

293 3326 398 3404 paret,
415 3325 500 3387 nihil
515 3324 722 3401 interpellet·
736 3324 856 3402 UtIque
877 3338 939 3384 nos
960 3337 1087 3394 omnes,
1143 3323 1302 3400 scriptum
1317 3323 1451 3401 aliquod
1466 3324 1608 3402 desuper
1622 3325 1732 3398 addat,
1749 3342 1811 3388 nec
1831 3326 1940 3388 aliam

293 3423 384 3488 omni
410 3423 494 3494 loco,
518 3422 610 3486 omni
631 3421 726 3493 hora,
747 3421 781 3482 et
806 3421 896 3482 omui
925 3421 1084 3498 tempore,
1143 3416 1305 3495 Regulam
1329 3420 1449 3483 tratres
1473 3421 1627 3503 habeant.
1651 3423 1764 3485 Gloria
1782 3425 1938 3496 Patri,et

293 3519 441 3602 quotidie
453 3520 487 3582 ct
500 3518 657 3582 continue
681 3517 855 3580 credamus
874 3517 1039 3578 veraciter
1053 3519 1086 3578 et
1140 3516 1237 3589 Filio,
1247 3519 1281 3578 et
1295 3517 1434 3594 Spiritui
1451 3520 1592 3582 Sancto:
1608 3521 1696 3582 sicut
1711 3521 1784 3582 erat
1795 3522 1832 3582 in
1843 3522 1939 3598 prin-

293 3617 476 3692 bumilitcr,
496 3617 530 3680 et
553 3617 588 3678 in
611 3615 710 3680 corde
725 3617 907 3686 teneamus,
924 3629 1083 3686 amemus,
1141 3614 1239 3691 cipio,
1256 3615 1290 3676 et
1303 3630 1402 3688 nunc,
1419 3616 1455 3689 et
1466 3631 1607 3694 semper,
1626 3619 1660 3678 et
1675 3618 1849 3680 insaecula
1863 3633 1937 3680 sae-

292 3715 505 3788 honoremus,
530 3713 717 3786 adoremus,
746 3712 942 3785 serviamus,
964 3712 1084 3772 laude·
1141 3711 1305 3774 culorum.
1321 3715 1436 3774 Amen.

292 3829 376 3884 mus,
387 3815 420 3876 ct
430 3811 677 3884 benedicemus,
688 3809 922 3888 glorificemus,
934 3810 1088 3886 etsuper·

323 4123 528 4188 SECUNDA
550 4123 726 4184 abacta
747 4123 788 4182 13.
811 4122 975 4184 PATRIS
994 4119 1237 4184 FRANGISCI
1255 4122 1343 4182 PRO
1363 4123 1614 4184 FRATRIBUS
1633 4125 1900 4187 MINORIBUS.

605 4406 772 4454 nentrum.
1140 4363 1203 4428 tuit
1225 4381 1246 4428 a
1270 4368 1338 4427 Deo
1357 4367 1561 4430 revelatione
1582 4369 1811 4432 commonitus.
1828 4372 1937 4434 Vide-

1138 4461 1237 4524 batur
1262 4462 1393 4539 qnidem
1416 4463 1479 4526 sibi
1503 4465 1544 4528 de
1568 4467 1659 4528 terra
1682 4467 1787 4528 micas
1811 4484 1937 4544 panum

331 4567 404 4630 Jam
434 4575 535 4640 snpra
568 4561 603 4621 in
634 4557 837 4638 Argumento
866 4557 1084 4637 praecedentis
1140 4559 1373 4622 subtilissimas
1400 4562 1586 4639 collegisse,
1621 4565 1798 4642 multisque
1829 4565 1939 4628 lame-

291 4661 427 4741 negulae
445 4659 644 4726 monuimus,
665 4673 705 4719 ea
730 4656 929 4736 posthabita,
954 4657 1040 4719 hanc
1064 4673 1084 4718 a
1138 4657 1212 4718 licis
1235 4657 1393 4718 iratribus
1412 4659 1520 4738 ipsum
1542 4661 1847 4735 circumstantibus,
1877 4665 1937 4726 de-

292 4759 450 4824 lratribus
463 4755 646 4820 Minoribus
660 4753 842 4828 observari,
855 4754 1084 4836 rationemque
1138 4754 1217 4815 bere
1239 4753 1404 4830 tribuere3
1432 4772 1572 4834 cumque
1597 4757 1701 4819 micas
1726 4762 1794 4822 tam
1816 4761 1936 4822 tenues

290 4857 326 4920 in
365 4855 452 4918 tiunc
486 4854 595 4916 locum
628 4851 884 4926 reservavimus,
915 4867 1013 4929 quam
1041 4867 1085 4913 ex
1140 4850 1337 4914 distribuere
1348 4851 1552 4927 formidaret,
1564 4870 1607 4916 ne
1617 4855 1701 4917 forte
1712 4856 1798 4918 inter
1814 4873 1935 4920 manus

291 4969 363 5032 cap.
395 4955 414 5014 t
438 4951 523 5014 Vitae
545 4950 651 5012 nostri
673 4949 827 5011 Auctoris
864 4964 930 5010 non
960 4949 1085 5026 pigebit
1138 4949 1341 5021 exciderent,
1362 4967 1429 5012 vox
1443 4951 1474 5013 ei
1496 4951 1639 5030 desuper
1653 4953 1724 5014 ait:
1743 4955 1934 5031 Francisce

290 5047 466 5116 taedebitve
479 5047 533 5110 hic
545 5045 682 5108 reterre.
699 5047 778 5107 Cum
792 5045 930 5108 dilatato
940 5049 1011 5124 jam
1028 5061 1085 5108 or·
1138 5062 1238 5108 unam
1258 5047 1297 5107 de
1319 5047 1414 5109 micis
1436 5048 1588 5111 omnibus
1610 5050 1754 5112 hostiam
1772 5050 1885 5127 lacit0,
1903 5055 1936 5116 et

291 5147 379 5220 dine,
396 5145 444 5208 ait
464 5147 501 5208 D.
522 5145 754 5206 Bonaventura
771 5141 830 5224 (1),
856 5143 990 5204 vivendi
1014 5144 1084 5206 ior·
1138 5144 1933 5225 manducarevolentibustribue.Quoidagente,

290 5261 378 5310 mam
393 5259 451 5322 per
466 5245 502 5304 D.
526 5241 754 5304 Innocentium
775 5240 989 5318 approbatam
1015 5241 1085 5302 dis·
1139 5240 1336 5318 quicumque
1364 5242 1447 5303 illud
1476 5243 1592 5305 devote
1617 5259 1684 5306 non
1712 5245 1932 5322 recipiebant,

290 5342 429 5422 poneret
443 5355 502 5418 per
516 5353 742 5400 successorem
756 5337 863 5416 ipsius
886 5339 1081 5411 Honorium,
1138 5341 1196 5402 aut
1224 5341 1392 5418 receptum
1417 5343 1672 5406 contemnebant
1694 5345 1828 5412 donum,
1854 5363 1934 5408 mox

290 5441 325 5504 in
351 5438 545 5520 perpetuum
570 5434 680 5497 lacere
704 5433 867 5507 roborari,
894 5435 1084 5514 hujusmodi
1138 5436 1231 5516 lepra
1249 5437 1364 5500 inlecti
1386 5439 1549 5503 notabiles
1566 5442 1780 5520 apparebant.
1802 5445 1933 5506 Recital

327 5570 368 5648 (l)
387 5571 506 5640 bonav,
521 5581 584 5642 cap.
601 5565 627 5638 t,
645 5565 774 5638 tegendo
788 5567 918 5640 maioris,
936 5567 963 5624 in
978 5565 1044 5624 fine.
