<?xml version="1.0" encoding="UTF-8"?>
<!DOCTYPE html PUBLIC "-//W3C//DTD XHTML 1.0 Transitional//EN"
    "http://www.w3.org/TR/xhtml1/DTD/xhtml1-transitional.dtd">
<html xmlns="http://www.w3.org/1999/xhtml" xml:lang="en" lang="en">
 <head>
  <title>
</title>
<meta http-equiv="Content-Type" content="text/html;charset=utf-8" />
  <meta name='ocr-system' content='tesseract 3.04.00' />
  <meta name='ocr-capabilities' content='ocr_page ocr_carea ocr_par ocr_line ocrx_word'/>
</head>
<body>
  <div class='ocr_page' id='page_1' title='image "./mediiaevibiblio02bottgoog_0329.png"; bbox 0 0 4184 6410; ppageno 0'>
   <div class='ocr_carea' id='block_1_1' title="bbox 351 277 2007 348">
    <p class='ocr_par' dir='ltr' id='par_1_1' title="bbox 351 277 2007 348">
     <span class='ocr_line' id='line_1_1' title="bbox 351 277 2007 348; baseline -0.004 -1"><span class='ocrx_word' id='word_1_1' title='bbox 351 285 411 348; x_wconf 79' lang='lat' dir='ltr'>cal</span> <span class='ocrx_word' id='word_1_2' title='bbox 778 281 812 342; x_wconf 82' lang='lat' dir='ltr'>S.</span> <span class='ocrx_word' id='word_1_3' title='bbox 840 277 1016 342; x_wconf 81' lang='lat' dir='ltr'>ANTONII</span> <span class='ocrx_word' id='word_1_4' title='bbox 1044 277 1232 342; x_wconf 77' lang='lat' dir='ltr'><strong>PADUANI</strong></span> <span class='ocrx_word' id='word_1_5' title='bbox 1260 277 1399 340; x_wconf 82' lang='lat' dir='ltr'><strong>OPERA</strong></span> <span class='ocrx_word' id='word_1_6' title='bbox 1427 277 1574 342; x_wconf 78' lang='lat' dir='ltr'>OMNIA.</span> <span class='ocrx_word' id='word_1_7' title='bbox 1943 281 2007 341; x_wconf 53' lang='lat' dir='ltr'><em>Q</em></span> 
     </span>
    </p>
   </div>
   <div class='ocr_carea' id='block_1_2' title="bbox 346 435 2010 1005">
    <p class='ocr_par' dir='ltr' id='par_1_2' title="bbox 346 435 2010 810">
     <span class='ocr_line' id='line_1_2' title="bbox 350 435 2010 520; baseline -0.001 -16"><span class='ocrx_word' id='word_1_8' title='bbox 350 458 447 505; x_wconf 89' lang='lat' dir='ltr'>suam</span> <span class='ocrx_word' id='word_1_9' title='bbox 472 442 632 520; x_wconf 77' lang='lat' dir='ltr'>expleant</span> <span class='ocrx_word' id='word_1_10' title='bbox 661 439 878 512; x_wconf 87' lang='lat' dir='ltr'>voluntatem,</span> <span class='ocrx_word' id='word_1_11' title='bbox 913 437 1040 503; x_wconf 88' lang='lat' dir='ltr'>similes</span> <span class='ocrx_word' id='word_1_12' title='bbox 1070 439 1148 500; x_wconf 90' lang='lat' dir='ltr'>sunt</span> <span class='ocrx_word' id='word_1_13' title='bbox 1203 438 1305 509; x_wconf 89' lang='lat' dir='ltr'>retra,</span> <span class='ocrx_word' id='word_1_14' title='bbox 1322 435 1508 500; x_wconf 82' lang='lat' dir='ltr'><strong>vibrabitur</strong></span> <span class='ocrx_word' id='word_1_15' title='bbox 1523 435 1572 516; x_wconf 88' lang='lat'>(3)</span> <span class='ocrx_word' id='word_1_16' title='bbox 1587 437 1908 516; x_wconf 74' lang='lat' dir='ltr'>hastaetclypeus.</span> <span class='ocrx_word' id='word_1_17' title='bbox 1926 441 2010 502; x_wconf 85' lang='lat' dir='ltr'>Fer·</span> 
     </span>
     <span class='ocr_line' id='line_1_3' title="bbox 351 533 2009 616; baseline -0.002 -14"><span class='ocrx_word' id='word_1_18' title='bbox 351 539 548 611; x_wconf 89' lang='lat' dir='ltr'>scribarum,</span> <span class='ocrx_word' id='word_1_19' title='bbox 576 540 609 600; x_wconf 89' lang='lat' dir='ltr'>et</span> <span class='ocrx_word' id='word_1_20' title='bbox 635 537 888 616; x_wconf 87' lang='lat' dir='ltr'>pharisaeorum,</span> <span class='ocrx_word' id='word_1_21' title='bbox 914 536 1148 598; x_wconf 80' lang='lat' dir='ltr'>redimentium</span> <span class='ocrx_word' id='word_1_22' title='bbox 1203 549 1287 596; x_wconf 91' lang='lat' dir='ltr'>vens</span> <span class='ocrx_word' id='word_1_23' title='bbox 1302 533 1415 596; x_wconf 77' lang='lat' dir='ltr'><strong>sorbet</strong></span> <span class='ocrx_word' id='word_1_24' title='bbox 1432 535 1570 606; x_wconf 87' lang='lat' dir='ltr'>terram,</span> <span class='ocrx_word' id='word_1_25' title='bbox 1590 551 1652 598; x_wconf 91' lang='lat' dir='ltr'>nec</span> <span class='ocrx_word' id='word_1_26' title='bbox 1676 538 1811 614; x_wconf 88' lang='lat' dir='ltr'>reputat</span> <span class='ocrx_word' id='word_1_27' title='bbox 1833 537 1925 599; x_wconf 86' lang='lat' dir='ltr'>tubae</span> <span class='ocrx_word' id='word_1_28' title='bbox 1949 554 2009 598; x_wconf 93' lang='lat' dir='ltr'>so-</span> 
     </span>
     <span class='ocr_line' id='line_1_4' title="bbox 346 629 2005 712; baseline -0.001 -14"><span class='ocrx_word' id='word_1_29' title='bbox 346 637 573 706; x_wconf 84' lang='lat' dir='ltr'>·mendacium,</span> <span class='ocrx_word' id='word_1_30' title='bbox 596 635 630 698; x_wconf 89' lang='lat' dir='ltr'>et</span> <span class='ocrx_word' id='word_1_31' title='bbox 650 635 847 711; x_wconf 84' lang='lat' dir='ltr'>sanguinem</span> <span class='ocrx_word' id='word_1_32' title='bbox 870 633 1066 698; x_wconf 86' lang='lat' dir='ltr'>Salvatoris.</span> <span class='ocrx_word' id='word_1_33' title='bbox 1201 647 1285 695; x_wconf 90' lang='lat' dir='ltr'>nare</span> <span class='ocrx_word' id='word_1_34' title='bbox 1300 632 1504 707; x_wconf 82' lang='lat' dir='ltr'>clangorem.</span> <span class='ocrx_word' id='word_1_35' title='bbox 1527 633 1570 694; x_wconf 91' lang='lat' dir='ltr'>Ut</span> <span class='ocrx_word' id='word_1_36' title='bbox 1582 629 1630 712; x_wconf 81' lang='grc'>(4)</span> <span class='ocrx_word' id='word_1_37' title='bbox 1647 633 1795 696; x_wconf 90' lang='lat' dir='ltr'>audierit</span> <span class='ocrx_word' id='word_1_38' title='bbox 1808 634 2005 706; x_wconf 80' lang='lat' dir='ltr'>buccinam,</span> 
     </span>
     <span class='ocr_line' id='line_1_5' title="bbox 1202 728 2007 810; baseline 0.005 -20"><span class='ocrx_word' id='word_1_39' title='bbox 1202 728 1311 791; x_wconf 85' lang='lat' dir='ltr'>dicit:</span> <span class='ocrx_word' id='word_1_40' title='bbox 1335 729 1455 793; x_wconf 82' lang='lat' dir='ltr'>Vah.»</span> <span class='ocrx_word' id='word_1_41' title='bbox 1477 732 1514 792; x_wconf 93' lang='lat' dir='ltr'>ln</span> <span class='ocrx_word' id='word_1_42' title='bbox 1536 745 1660 807; x_wconf 87' lang='lat' dir='ltr'>pavore</span> <span class='ocrx_word' id='word_1_43' title='bbox 1683 731 1796 794; x_wconf 84' lang='lat' dir='ltr'>lutura</span> <span class='ocrx_word' id='word_1_44' title='bbox 1822 748 1946 810; x_wconf 88' lang='lat' dir='ltr'>poena:</span> <span class='ocrx_word' id='word_1_45' title='bbox 1970 735 2007 794; x_wconf 92' lang='lat' dir='ltr'>in</span> 
     </span>
    </p>

    <p class='ocr_par' dir='ltr' id='par_1_3' title="bbox 1201 825 2007 904">
     <span class='ocr_line' id='line_1_6' title="bbox 1201 825 2007 904; baseline 0.006 -18"><span class='ocrx_word' id='word_1_46' title='bbox 1201 825 1315 902; x_wconf 87' lang='lat' dir='ltr'>gladio</span> <span class='ocrx_word' id='word_1_47' title='bbox 1340 841 1420 888; x_wconf 90' lang='lat' dir='ltr'>vero</span> <span class='ocrx_word' id='word_1_48' title='bbox 1447 841 1545 903; x_wconf 87' lang='lat' dir='ltr'>poena</span> <span class='ocrx_word' id='word_1_49' title='bbox 1574 843 1722 904; x_wconf 87' lang='lat' dir='ltr'>praesens</span> <span class='ocrx_word' id='word_1_50' title='bbox 1758 830 1906 892; x_wconf 88' lang='lat' dir='ltr'>notatur.</span> <span class='ocrx_word' id='word_1_51' title='bbox 1935 834 2007 892; x_wconf 85' lang='lat' dir='ltr'>Has</span> 
     </span>
    </p>

    <p class='ocr_par' dir='ltr' id='par_1_4' title="bbox 612 921 2007 1005">
     <span class='ocr_line' id='line_1_7' title="bbox 612 921 2007 1005; baseline 0.004 -23"><span class='ocrx_word' id='word_1_52' title='bbox 612 939 753 1000; x_wconf 69' lang='lat' dir='ltr'>SERMO</span> <span class='ocrx_word' id='word_1_53' title='bbox 775 939 892 1000; x_wconf 72' lang='lat' dir='ltr'>mv,</span> <span class='ocrx_word' id='word_1_54' title='bbox 1203 921 1286 983; x_wconf 92' lang='lat' dir='ltr'>duas</span> <span class='ocrx_word' id='word_1_55' title='bbox 1312 921 1429 984; x_wconf 87' lang='lat' dir='ltr'>beatus</span> <span class='ocrx_word' id='word_1_56' title='bbox 1456 923 1657 984; x_wconf 77' lang='lat' dir='ltr'>Laurentius</span> <span class='ocrx_word' id='word_1_57' title='bbox 1685 939 1752 986; x_wconf 93' lang='lat' dir='ltr'>non</span> <span class='ocrx_word' id='word_1_58' title='bbox 1774 925 1899 998; x_wconf 84' lang='lat' dir='ltr'>timuit,</span> <span class='ocrx_word' id='word_1_59' title='bbox 1924 927 2007 1005; x_wconf 80' lang='lat' dir='ltr'>quia</span> 
     </span>
    </p>
   </div>
   <div class='ocr_carea' id='block_1_3' title="bbox 350 1011 2009 1198">
    <p class='ocr_par' dir='ltr' id='par_1_5' title="bbox 350 1011 2009 1198">
     <span class='ocr_line' id='line_1_8' title="bbox 1202 1011 2009 1096; baseline 0.005 -16"><span class='ocrx_word' id='word_1_60' title='bbox 1202 1035 1265 1082; x_wconf 91' lang='lat' dir='ltr'>nec</span> <span class='ocrx_word' id='word_1_61' title='bbox 1282 1018 1595 1096; x_wconf 90' lang='lat' dir='ltr'>supervenientibus</span> <span class='ocrx_word' id='word_1_62' title='bbox 1614 1011 1752 1084; x_wconf 82' lang='lat' dir='ltr'>territus</span> <span class='ocrx_word' id='word_1_63' title='bbox 1772 1024 1833 1095; x_wconf 91' lang='lat' dir='ltr'>est,</span> <span class='ocrx_word' id='word_1_64' title='bbox 1855 1039 1919 1086; x_wconf 88' lang='lat' dir='ltr'>nec</span> <span class='ocrx_word' id='word_1_65' title='bbox 1940 1025 2009 1084; x_wconf 93' lang='lat' dir='ltr'>im-</span> 
     </span>
     <span class='ocr_line' id='line_1_9' title="bbox 350 1092 2009 1198; baseline 0.001 -42"><span class='ocrx_word' id='word_1_66' title='bbox 350 1097 507 1156; x_wconf 80' lang='lat' dir='ltr'>ile-sancto</span> <span class='ocrx_word' id='word_1_67' title='bbox 524 1095 688 1165; x_wconf 90' lang='lat' dir='ltr'>Laurentio,</span> <span class='ocrx_word' id='word_1_68' title='bbox 706 1095 751 1153; x_wconf 86' lang='lat' dir='ltr'>vel</span> <span class='ocrx_word' id='word_1_69' title='bbox 766 1102 901 1169; x_wconf 89' lang='lat' dir='ltr'>martyre.</span> <span class='ocrx_word' id='word_1_70' title='bbox 921 1095 962 1151; x_wconf 84' lang='lat' dir='ltr'>lle</span> <span class='ocrx_word' id='word_1_71' title='bbox 981 1092 1148 1166; x_wconf 81' lang='lat' dir='ltr'>probatione</span> <span class='ocrx_word' id='word_1_72' title='bbox 1203 1116 1344 1179; x_wconf 59' lang='lat' dir='ltr'>minem</span> <span class='ocrx_word' id='word_1_73' title='bbox 1359 1116 1471 1194; x_wconf 60' lang='lat' dir='ltr'>gladio</span> <span class='ocrx_word' id='word_1_74' title='bbox 1486 1117 1600 1180; x_wconf 50' lang='lat' dir='ltr'><strong>cessit·</strong></span> <span class='ocrx_word' id='word_1_75' title='bbox 1617 1135 1635 1178; x_wconf 83' lang='lat' dir='ltr'>tt</span> <span class='ocrx_word' id='word_1_76' title='bbox 1651 1121 1759 1197; x_wconf 62' lang='lat' dir='ltr'>Super</span> <span class='ocrx_word' id='word_1_77' title='bbox 1778 1119 1888 1198; x_wconf 68' lang='lat' dir='ltr'><strong>ipsum</strong></span> <span class='ocrx_word' id='word_1_78' title='bbox 1901 1137 2009 1184; x_wconf 60' lang='lat' dir='ltr'>sona,</span> 
     </span>
    </p>
   </div>
   <div class='ocr_carea' id='block_1_4' title="bbox 386 1183 2009 1388">
    <p class='ocr_par' dir='ltr' id='par_1_6' title="bbox 386 1183 2009 1388">
     <span class='ocr_line' id='line_1_10' title="bbox 386 1183 2007 1297; baseline 0.014 -57"><span class='ocrx_word' id='word_1_79' title='bbox 386 1183 491 1288; x_wconf 77' lang='lat' dir='ltr'>cordis.</span> <span class='ocrx_word' id='word_1_80' title='bbox 509 1185 552 1242; x_wconf 87' lang='lat' dir='ltr'>De</span> <span class='ocrx_word' id='word_1_81' title='bbox 568 1184 740 1258; x_wconf 82' lang='lat' dir='ltr'>purgatione</span> <span class='ocrx_word' id='word_1_82' title='bbox 761 1183 913 1257; x_wconf 74' lang='lat' dir='ltr'>iustorum.</span> <span class='ocrx_word' id='word_1_83' title='bbox 935 1184 976 1240; x_wconf 84' lang='lat' dir='ltr'>lle</span> <span class='ocrx_word' id='word_1_84' title='bbox 999 1183 1149 1256; x_wconf 85' lang='lat' dir='ltr'>iniquitate</span> <span class='ocrx_word' id='word_1_85' title='bbox 1202 1213 1250 1276; x_wconf 51' lang='lat' dir='ltr'>bip</span> <span class='ocrx_word' id='word_1_86' title='bbox 1265 1214 1470 1292; x_wconf 44' lang='lat' dir='ltr'><strong>pharetra„</strong></span> <span class='ocrx_word' id='word_1_87' title='bbox 1491 1218 1557 1277; x_wconf 62' lang='lat' dir='ltr'>pel.</span> <span class='ocrx_word' id='word_1_88' title='bbox 1577 1214 1782 1292; x_wconf 55' lang='lat' dir='ltr'><strong>pharetram,</strong></span> <span class='ocrx_word' id='word_1_89' title='bbox 1805 1217 1841 1278; x_wconf 70' lang='lat' dir='ltr'>jn</span> <span class='ocrx_word' id='word_1_90' title='bbox 1861 1234 1930 1297; x_wconf 66' lang='lat' dir='ltr'>qua</span> <span class='ocrx_word' id='word_1_91' title='bbox 1950 1219 2007 1280; x_wconf 58' lang='grc' dir='ltr'>(ἃ.</span> 
     </span>
     <span class='ocr_line' id='line_1_11' title="bbox 387 1271 2009 1388; baseline 0.016 -35"><span class='ocrx_word' id='word_1_92' title='bbox 387 1271 561 1331; x_wconf 68' lang='lat' dir='ltr'><strong>d¹V¹¹¹³f¹¹¹¹¹·</strong></span> <span class='ocrx_word' id='word_1_93' title='bbox 1202 1312 1275 1374; x_wconf 89' lang='lat' dir='ltr'>tent</span> <span class='ocrx_word' id='word_1_94' title='bbox 1303 1312 1451 1388; x_wconf 83' lang='lat' dir='ltr'>sagittae,</span> <span class='ocrx_word' id='word_1_95' title='bbox 1489 1313 1762 1376; x_wconf 88' lang='lat' dir='ltr'>adversariorum</span> <span class='ocrx_word' id='word_1_96' title='bbox 1796 1315 2009 1379; x_wconf 79' lang='lat' dir='ltr'>machinatio</span> 
     </span>
    </p>
   </div>
   <div class='ocr_carea' id='block_1_5' title="bbox 343 1409 2007 1508">
    <p class='ocr_par' dir='ltr' id='par_1_7' title="bbox 343 1409 2007 1508">
     <span class='ocr_line' id='line_1_12' title="bbox 343 1409 2007 1508; baseline 0 -31"><span class='ocrx_word' id='word_1_97' title='bbox 343 1435 514 1498; x_wconf 62' lang='lat' dir='ltr'>probam</span> <span class='ocrx_word' id='word_1_98' title='bbox 540 1449 601 1496; x_wconf 58' lang='grc' dir='ltr'>σω.</span> <span class='ocrx_word' id='word_1_99' title='bbox 624 1447 752 1508; x_wconf 58' lang='lat' dir='ltr'><strong><em>meum,</em></strong></span> <span class='ocrx_word' id='word_1_100' title='bbox 780 1435 812 1496; x_wconf 64' lang='lat' dir='ltr'>ep</span> <span class='ocrx_word' id='word_1_101' title='bbox 844 1433 996 1496; x_wconf 56' lang='lat' dir='ltr'>„Mam</span> <span class='ocrx_word' id='word_1_102' title='bbox 1023 1434 1148 1496; x_wconf 49' lang='lat' dir='ltr'>nocte,-</span> <span class='ocrx_word' id='word_1_103' title='bbox 1202 1409 1335 1472; x_wconf 90' lang='lat' dir='ltr'>occulta</span> <span class='ocrx_word' id='word_1_104' title='bbox 1347 1409 1565 1486; x_wconf 84' lang='lat' dir='ltr'>designatur:</span> <span class='ocrx_word' id='word_1_105' title='bbox 1583 1412 1620 1474; x_wconf 93' lang='lat' dir='ltr'>In</span> <span class='ocrx_word' id='word_1_106' title='bbox 1642 1411 1739 1474; x_wconf 88' lang='lat' dir='ltr'>basta</span> <span class='ocrx_word' id='word_1_107' title='bbox 1754 1427 1836 1475; x_wconf 88' lang='lat' dir='ltr'>vero</span> <span class='ocrx_word' id='word_1_108' title='bbox 1857 1413 2007 1487; x_wconf 87' lang='lat' dir='ltr'>vibrata,</span> 
     </span>
    </p>
   </div>
   <div class='ocr_carea' id='block_1_6' title="bbox 389 1497 2007 1708">
    <p class='ocr_par' dir='ltr' id='par_1_8' title="bbox 389 1497 2007 1708">
     <span class='ocr_line' id='line_1_13' title="bbox 390 1497 1909 1609; baseline -0.009 -15"><span class='ocrx_word' id='word_1_109' title='bbox 390 1535 472 1609; x_wconf 74' lang='lat' dir='ltr'>tane</span> <span class='ocrx_word' id='word_1_110' title='bbox 483 1545 540 1594; x_wconf 83' lang='lat' dir='ltr'>mc</span> <span class='ocrx_word' id='word_1_111' title='bbox 554 1531 780 1603; x_wconf 79' lang='lat' dir='ltr'>cnamtnastt,</span> <span class='ocrx_word' id='word_1_112' title='bbox 801 1532 835 1594; x_wconf 85' lang='lat' dir='ltr'>ct</span> <span class='ocrx_word' id='word_1_113' title='bbox 851 1501 920 1594; x_wconf 49' lang='lat' dir='ltr'>nc&amp;</span> <span class='ocrx_word' id='word_1_114' title='bbox 935 1531 988 1594; x_wconf 85' lang='lat' dir='ltr'>est</span> <span class='ocrx_word' id='word_1_115' title='bbox 1003 1532 1148 1594; x_wconf 80' lang='lat' dir='ltr'>lancata</span> <span class='ocrx_word' id='word_1_116' title='bbox 1203 1508 1319 1585; x_wconf 62' lang='lat' dir='ltr'>aleria</span> <span class='ocrx_word' id='word_1_117' title='bbox 1333 1497 1515 1570; x_wconf 79' lang='lat' dir='ltr'>violentia:</span> <span class='ocrx_word' id='word_1_118' title='bbox 1532 1508 1698 1586; x_wconf 76' lang='lat' dir='ltr'>i110lll)00</span> <span class='ocrx_word' id='word_1_119' title='bbox 1714 1507 1909 1574; x_wconf 88' lang='lat' dir='ltr'>obstinatio.</span> 
     </span>
     <span class='ocr_line' id='line_1_14' title="bbox 389 1603 2007 1708; baseline -0.006 -29"><span class='ocrx_word' id='word_1_120' title='bbox 389 1631 428 1692; x_wconf 67' lang='grc' dir='ltr'>(η</span> <span class='ocrx_word' id='word_1_121' title='bbox 441 1643 497 1692; x_wconf 66' lang='lat' dir='ltr'>me</span> <span class='ocrx_word' id='word_1_122' title='bbox 511 1631 688 1703; x_wconf 60' lang='lat' dir='ltr'>amquam,</span> <span class='ocrx_word' id='word_1_123' title='bbox 704 1626 808 1708; x_wconf 66' lang='lat' dir='ltr'>(psat,</span> <span class='ocrx_word' id='word_1_124' title='bbox 824 1631 873 1702; x_wconf 66' lang='lat'>16,</span> <span class='ocrx_word' id='word_1_125' title='bbox 887 1625 937 1708; x_wconf 68' lang='grc'>3,)</span> <span class='ocrx_word' id='word_1_126' title='bbox 1241 1603 1410 1666; x_wconf 75' lang='lat' dir='ltr'>Adversus</span> <span class='ocrx_word' id='word_1_127' title='bbox 1429 1604 1562 1668; x_wconf 90' lang='lat' dir='ltr'>beatum</span> <span class='ocrx_word' id='word_1_128' title='bbox 1579 1607 1797 1668; x_wconf 89' lang='lat' dir='ltr'>Laurentium</span> <span class='ocrx_word' id='word_1_129' title='bbox 1810 1623 1879 1670; x_wconf 92' lang='lat' dir='ltr'>non</span> <span class='ocrx_word' id='word_1_130' title='bbox 1895 1608 2007 1671; x_wconf 79' lang='lat' dir='ltr'>latens</span> 
     </span>
    </p>
   </div>
   <div class='ocr_carea' id='block_1_7' title="bbox 347 1701 2008 4615">
    <p class='ocr_par' dir='ltr' id='par_1_9' title="bbox 347 1701 2008 4615">
     <span class='ocr_line' id='line_1_15' title="bbox 669 1701 2008 1782; baseline 0.007 -24"><span class='ocrx_word' id='word_1_131' title='bbox 669 1769 672 1774; x_wconf 45' lang='grc'><strong>,</strong></span> <span class='ocrx_word' id='word_1_132' title='bbox 1170 1731 1171 1734; x_wconf 33' lang='lat'>¹</span> <span class='ocrx_word' id='word_1_133' title='bbox 1203 1701 1406 1765; x_wconf 85' lang='lat' dir='ltr'>machinatio</span> <span class='ocrx_word' id='word_1_134' title='bbox 1420 1701 1577 1765; x_wconf 89' lang='lat' dir='ltr'>lictorum</span> <span class='ocrx_word' id='word_1_135' title='bbox 1590 1703 1706 1776; x_wconf 89' lang='lat' dir='ltr'>valuit,</span> <span class='ocrx_word' id='word_1_136' title='bbox 1723 1718 1785 1766; x_wconf 90' lang='lat' dir='ltr'>nec</span> <span class='ocrx_word' id='word_1_137' title='bbox 1799 1707 1919 1782; x_wconf 88' lang='lat' dir='ltr'>aperta</span> <span class='ocrx_word' id='word_1_138' title='bbox 1929 1708 2008 1768; x_wconf 84' lang='lat' dir='ltr'>vic-</span> 
     </span>
     <span class='ocr_line' id='line_1_16' title="bbox 391 1797 2006 1879; baseline -0.001 -13"><span class='ocrx_word' id='word_1_139' title='bbox 391 1805 478 1868; x_wconf 86' lang='lat' dir='ltr'>Illud</span> <span class='ocrx_word' id='word_1_140' title='bbox 490 1805 645 1868; x_wconf 87' lang='lat' dir='ltr'>cantatur</span> <span class='ocrx_word' id='word_1_141' title='bbox 657 1805 699 1868; x_wconf 90' lang='lat' dir='ltr'>de</span> <span class='ocrx_word' id='word_1_142' title='bbox 711 1804 811 1868; x_wconf 87' lang='lat' dir='ltr'>beato</span> <span class='ocrx_word' id='word_1_143' title='bbox 827 1803 1025 1879; x_wconf 87' lang='lat' dir='ltr'>Laurentio;</span> <span class='ocrx_word' id='word_1_144' title='bbox 1041 1805 1075 1867; x_wconf 89' lang='lat' dir='ltr'>et</span> <span class='ocrx_word' id='word_1_145' title='bbox 1092 1803 1148 1865; x_wconf 91' lang='lat' dir='ltr'>di·</span> <span class='ocrx_word' id='word_1_146' title='bbox 1203 1797 1306 1860; x_wconf 89' lang='lat' dir='ltr'>lentia</span> <span class='ocrx_word' id='word_1_147' title='bbox 1322 1799 1507 1862; x_wconf 87' lang='lat' dir='ltr'>adversarii</span> <span class='ocrx_word' id='word_1_148' title='bbox 1523 1799 1640 1878; x_wconf 91' lang='lat' dir='ltr'>potuit,</span> <span class='ocrx_word' id='word_1_149' title='bbox 1663 1815 1726 1863; x_wconf 91' lang='lat' dir='ltr'>nec</span> <span class='ocrx_word' id='word_1_150' title='bbox 1747 1801 1927 1864; x_wconf 86' lang='lat' dir='ltr'>obstinatis</span> <span class='ocrx_word' id='word_1_151' title='bbox 1942 1820 2006 1866; x_wconf 88' lang='lat' dir='ltr'>eo-</span> 
     </span>
     <span class='ocr_line' id='line_1_17' title="bbox 352 1896 2008 1980; baseline -0.001 -16"><span class='ocrx_word' id='word_1_152' title='bbox 352 1907 475 1966; x_wconf 90' lang='lat' dir='ltr'>cuntur</span> <span class='ocrx_word' id='word_1_153' title='bbox 498 1902 575 1975; x_wconf 90' lang='lat' dir='ltr'>tria,</span> <span class='ocrx_word' id='word_1_154' title='bbox 602 1902 742 1974; x_wconf 88' lang='lat' dir='ltr'>scilicet,</span> <span class='ocrx_word' id='word_1_155' title='bbox 771 1902 858 1980; x_wconf 87' lang='lat' dir='ltr'>quod</span> <span class='ocrx_word' id='word_1_156' title='bbox 885 1901 1040 1979; x_wconf 89' lang='lat' dir='ltr'>probavit</span> <span class='ocrx_word' id='word_1_157' title='bbox 1061 1903 1148 1964; x_wconf 88' lang='lat' dir='ltr'>Deus</span> <span class='ocrx_word' id='word_1_158' title='bbox 1203 1912 1277 1958; x_wconf 90' lang='lat' dir='ltr'>rum</span> <span class='ocrx_word' id='word_1_159' title='bbox 1292 1896 1443 1958; x_wconf 88' lang='lat' dir='ltr'>consiliis</span> <span class='ocrx_word' id='word_1_160' title='bbox 1459 1898 1586 1976; x_wconf 86' lang='lat' dir='ltr'>Mertyr</span> <span class='ocrx_word' id='word_1_161' title='bbox 1600 1898 1768 1974; x_wconf 84' lang='lat' dir='ltr'>gloriosus</span> <span class='ocrx_word' id='word_1_162' title='bbox 1783 1899 1896 1962; x_wconf 84' lang='lat' dir='ltr'>addai</span> <span class='ocrx_word' id='word_1_163' title='bbox 1912 1917 2008 1963; x_wconf 88' lang='lat' dir='ltr'>cons·</span> 
     </span>
     <span class='ocr_line' id='line_1_18' title="bbox 349 1993 2006 2076; baseline 0 -16"><span class='ocrx_word' id='word_1_164' title='bbox 349 2015 411 2065; x_wconf 84' lang='lat' dir='ltr'>cnr</span> <span class='ocrx_word' id='word_1_165' title='bbox 425 2003 513 2076; x_wconf 81' lang='lat' dir='ltr'>ejus3</span> <span class='ocrx_word' id='word_1_166' title='bbox 537 1999 688 2061; x_wconf 88' lang='lat' dir='ltr'>visitavit</span> <span class='ocrx_word' id='word_1_167' title='bbox 702 2000 815 2074; x_wconf 88' lang='lat' dir='ltr'>nocte;</span> <span class='ocrx_word' id='word_1_168' title='bbox 837 1999 914 2075; x_wconf 84' lang='lat' dir='ltr'>igne</span> <span class='ocrx_word' id='word_1_169' title='bbox 930 1998 1146 2072; x_wconf 83' lang='lat' dir='ltr'>examinavit,</span> <span class='ocrx_word' id='word_1_170' title='bbox 1203 1995 1311 2056; x_wconf 89' lang='lat' dir='ltr'>tantia</span> <span class='ocrx_word' id='word_1_171' title='bbox 1326 1993 1507 2057; x_wconf 86' lang='lat' dir='ltr'>declinavit</span> <span class='ocrx_word' id='word_1_172' title='bbox 1522 1995 1609 2058; x_wconf 86' lang='lat' dir='ltr'>:imo</span> <span class='ocrx_word' id='word_1_173' title='bbox 1623 1996 1755 2060; x_wconf 74' lang='lat' dir='ltr'>famens</span> <span class='ocrx_word' id='word_1_174' title='bbox 1768 1998 1895 2060; x_wconf 87' lang='lat' dir='ltr'>caelesti</span> <span class='ocrx_word' id='word_1_175' title='bbox 1910 1999 2006 2062; x_wconf 90' lang='lat' dir='ltr'>desi-</span> 
     </span>
     <span class='ocr_line' id='line_1_19' title="bbox 352 2090 2005 2174; baseline 0 -16"><span class='ocrx_word' id='word_1_176' title='bbox 352 2096 387 2158; x_wconf 90' lang='lat' dir='ltr'>et</span> <span class='ocrx_word' id='word_1_177' title='bbox 410 2095 553 2158; x_wconf 89' lang='lat' dir='ltr'>nonest</span> <span class='ocrx_word' id='word_1_178' title='bbox 577 2095 712 2158; x_wconf 90' lang='lat' dir='ltr'>inventa</span> <span class='ocrx_word' id='word_1_179' title='bbox 739 2095 775 2158; x_wconf 90' lang='lat' dir='ltr'>in</span> <span class='ocrx_word' id='word_1_180' title='bbox 799 2111 839 2158; x_wconf 92' lang='lat' dir='ltr'>eo</span> <span class='ocrx_word' id='word_1_181' title='bbox 863 2095 1037 2174; x_wconf 80' lang='lat' dir='ltr'>iniquitas.</span> <span class='ocrx_word' id='word_1_182' title='bbox 1062 2097 1150 2159; x_wconf 86' lang='lat' dir='ltr'>Dicit</span> <span class='ocrx_word' id='word_1_183' title='bbox 1203 2090 1298 2154; x_wconf 89' lang='lat' dir='ltr'>derio</span> <span class='ocrx_word' id='word_1_184' title='bbox 1309 2091 1430 2154; x_wconf 88' lang='lat' dir='ltr'>terram</span> <span class='ocrx_word' id='word_1_185' title='bbox 1439 2091 1621 2166; x_wconf 86' lang='lat' dir='ltr'>absorbuit,</span> <span class='ocrx_word' id='word_1_186' title='bbox 1631 2094 2005 2174; x_wconf 74' lang='lat' dir='ltr'>quandoilippolytum,</span> 
     </span>
     <span class='ocr_line' id='line_1_20' title="bbox 352 2189 2005 2271; baseline -0.001 -16"><span class='ocrx_word' id='word_1_187' title='bbox 352 2208 433 2270; x_wconf 85' lang='lat' dir='ltr'>ergo</span> <span class='ocrx_word' id='word_1_188' title='bbox 443 2192 561 2256; x_wconf 90' lang='lat' dir='ltr'>beatus</span> <span class='ocrx_word' id='word_1_189' title='bbox 572 2192 772 2255; x_wconf 87' lang='lat' dir='ltr'>Laurentius</span> <span class='ocrx_word' id='word_1_190' title='bbox 781 2193 982 2271; x_wconf 89' lang='lat' dir='ltr'>specialiter,</span> <span class='ocrx_word' id='word_1_191' title='bbox 994 2193 1047 2256; x_wconf 92' lang='lat' dir='ltr'>vel</span> <span class='ocrx_word' id='word_1_192' title='bbox 1059 2194 1148 2256; x_wconf 89' lang='lat' dir='ltr'>alius</span> <span class='ocrx_word' id='word_1_193' title='bbox 1203 2189 1236 2250; x_wconf 89' lang='lat' dir='ltr'>et</span> <span class='ocrx_word' id='word_1_194' title='bbox 1252 2191 1438 2252; x_wconf 87' lang='lat' dir='ltr'>Romanum</span> <span class='ocrx_word' id='word_1_195' title='bbox 1464 2190 1621 2254; x_wconf 75' lang='lat' dir='ltr'>Ecclesia</span> <span class='ocrx_word' id='word_1_196' title='bbox 1654 2193 1894 2270; x_wconf 80' lang='lat' dir='ltr'>incorporavit.</span> <span class='ocrx_word' id='word_1_197' title='bbox 1923 2196 2005 2254; x_wconf 81' lang='lat' dir='ltr'>Item</span> 
     </span>
     <span class='ocr_line' id='line_1_21' title="bbox 352 2285 2005 2368; baseline 0 -16"><span class='ocrx_word' id='word_1_198' title='bbox 352 2289 502 2368; x_wconf 85' lang='lat' dir='ltr'>martyr:</span> <span class='ocrx_word' id='word_1_199' title='bbox 524 2290 688 2352; x_wconf 82' lang='lat' dir='ltr'>Probastt</span> <span class='ocrx_word' id='word_1_200' title='bbox 701 2304 763 2352; x_wconf 86' lang='lat' dir='ltr'>cor</span> <span class='ocrx_word' id='word_1_201' title='bbox 781 2305 914 2364; x_wconf 60' lang='lat' dir='ltr'>mcum</span> <span class='ocrx_word' id='word_1_202' title='bbox 934 2291 1020 2354; x_wconf 89' lang='lat' dir='ltr'>idest</span> <span class='ocrx_word' id='word_1_203' title='bbox 1037 2291 1149 2354; x_wconf 91' lang='lat' dir='ltr'>cordis</span> <span class='ocrx_word' id='word_1_204' title='bbox 1203 2285 1351 2364; x_wconf 87' lang='lat' dir='ltr'>probasti</span> <span class='ocrx_word' id='word_1_205' title='bbox 1379 2287 1489 2350; x_wconf 89' lang='lat' dir='ltr'>cordis</span> <span class='ocrx_word' id='word_1_206' title='bbox 1513 2287 1752 2362; x_wconf 81' lang='lat' dir='ltr'>tortitudinem,</span> <span class='ocrx_word' id='word_1_207' title='bbox 1773 2291 1809 2352; x_wconf 89' lang='lat' dir='ltr'>ut</span> <span class='ocrx_word' id='word_1_208' title='bbox 1829 2290 1866 2351; x_wconf 89' lang='lat' dir='ltr'>in</span> <span class='ocrx_word' id='word_1_209' title='bbox 1887 2291 2005 2352; x_wconf 91' lang='lat' dir='ltr'>eodem</span> 
     </span>
     <span class='ocr_line' id='line_1_22' title="bbox 350 2384 2006 2464; baseline 0.001 -16"><span class='ocrx_word' id='word_1_210' title='bbox 350 2387 590 2464; x_wconf 79' lang='lat' dir='ltr'>integritatem,</span> <span class='ocrx_word' id='word_1_211' title='bbox 606 2387 716 2450; x_wconf 89' lang='lat' dir='ltr'>cordis</span> <span class='ocrx_word' id='word_1_212' title='bbox 734 2388 969 2462; x_wconf 85' lang='lat' dir='ltr'>constantiam,</span> <span class='ocrx_word' id='word_1_213' title='bbox 986 2389 1019 2452; x_wconf 88' lang='lat' dir='ltr'>et</span> <span class='ocrx_word' id='word_1_214' title='bbox 1037 2389 1149 2451; x_wconf 89' lang='lat' dir='ltr'>cordis</span> <span class='ocrx_word' id='word_1_215' title='bbox 1203 2384 1354 2461; x_wconf 81' lang='lat' dir='ltr'>sequitur</span> <span class='ocrx_word' id='word_1_216' title='bbox 1367 2405 1377 2446; x_wconf 76' lang='grc' dir='ltr'>ι</span> <span class='ocrx_word' id='word_1_217' title='bbox 1391 2401 1414 2445; x_wconf 76' lang='lat' dir='ltr'>v</span> <span class='ocrx_word' id='word_1_218' title='bbox 1431 2385 1502 2449; x_wconf 90' lang='lat' dir='ltr'>Nec</span> <span class='ocrx_word' id='word_1_219' title='bbox 1514 2388 1647 2463; x_wconf 91' lang='lat' dir='ltr'>reputat</span> <span class='ocrx_word' id='word_1_220' title='bbox 1660 2386 1748 2449; x_wconf 86' lang='lat' dir='ltr'>tubae</span> <span class='ocrx_word' id='word_1_221' title='bbox 1768 2402 1892 2450; x_wconf 88' lang='lat' dir='ltr'>sonare</span> <span class='ocrx_word' id='word_1_222' title='bbox 1909 2388 2006 2450; x_wconf 87' lang='lat' dir='ltr'>elan-</span> 
     </span>
     <span class='ocr_line' id='line_1_23' title="bbox 351 2479 2004 2562; baseline 0 -16"><span class='ocrx_word' id='word_1_223' title='bbox 351 2483 590 2560; x_wconf 78' lang='lat' dir='ltr'>lortitudinem.</span> <span class='ocrx_word' id='word_1_224' title='bbox 600 2484 716 2545; x_wconf 79' lang='lat' dir='ltr'>cordis</span> <span class='ocrx_word' id='word_1_225' title='bbox 724 2484 967 2562; x_wconf 82' lang='lat' dir='ltr'>integritatem:</span> <span class='ocrx_word' id='word_1_226' title='bbox 980 2479 1048 2549; x_wconf 87' lang='lat' dir='ltr'>non</span> <span class='ocrx_word' id='word_1_227' title='bbox 1058 2487 1148 2548; x_wconf 92' lang='lat' dir='ltr'>enim</span> <span class='ocrx_word' id='word_1_228' title='bbox 1202 2497 1330 2558; x_wconf 80' lang='lat' dir='ltr'>gosem.</span> <span class='ocrx_word' id='word_1_229' title='bbox 1349 2483 1392 2545; x_wconf 86' lang='lat' dir='ltr'>ut</span> <span class='ocrx_word' id='word_1_230' title='bbox 1405 2482 1746 2554; x_wconf 87' lang='lat' dir='ltr'>audieritbuccinam‚</span> <span class='ocrx_word' id='word_1_231' title='bbox 1761 2484 1865 2548; x_wconf 88' lang='lat' dir='ltr'>dicit:</span> <span class='ocrx_word' id='word_1_232' title='bbox 1888 2489 2004 2550; x_wconf 79' lang='lat' dir='ltr'>Van.»</span> 
     </span>
     <span class='ocr_line' id='line_1_24' title="bbox 352 2578 2003 2659; baseline 0.001 -15"><span class='ocrx_word' id='word_1_233' title='bbox 352 2579 456 2644; x_wconf 85' lang='lat' dir='ltr'>habui</span> <span class='ocrx_word' id='word_1_234' title='bbox 471 2597 530 2645; x_wconf 89' lang='lat' dir='ltr'>cor</span> <span class='ocrx_word' id='word_1_235' title='bbox 549 2582 741 2659; x_wconf 88' lang='lat' dir='ltr'>separatum</span> <span class='ocrx_word' id='word_1_236' title='bbox 760 2597 781 2643; x_wconf 90' lang='lat' dir='ltr'>a</span> <span class='ocrx_word' id='word_1_237' title='bbox 803 2582 847 2656; x_wconf 92' lang='lat' dir='ltr'>te,</span> <span class='ocrx_word' id='word_1_238' title='bbox 869 2583 924 2644; x_wconf 91' lang='lat' dir='ltr'>vel</span> <span class='ocrx_word' id='word_1_239' title='bbox 946 2583 1091 2646; x_wconf 89' lang='lat' dir='ltr'>divisum</span> <span class='ocrx_word' id='word_1_240' title='bbox 1106 2583 1148 2646; x_wconf 91' lang='lat' dir='ltr'>ad</span> <span class='ocrx_word' id='word_1_241' title='bbox 1203 2579 1241 2640; x_wconf 87' lang='lat' dir='ltr'>ln</span> <span class='ocrx_word' id='word_1_242' title='bbox 1260 2578 1352 2652; x_wconf 90' lang='lat' dir='ltr'>tuba,</span> <span class='ocrx_word' id='word_1_243' title='bbox 1365 2579 1476 2642; x_wconf 88' lang='lat' dir='ltr'>terror</span> <span class='ocrx_word' id='word_1_244' title='bbox 1499 2581 1532 2642; x_wconf 90' lang='lat' dir='ltr'>et</span> <span class='ocrx_word' id='word_1_245' title='bbox 1554 2581 1744 2658; x_wconf 88' lang='lat' dir='ltr'>persecutio</span> <span class='ocrx_word' id='word_1_246' title='bbox 1759 2582 1952 2644; x_wconf 85' lang='lat' dir='ltr'>malcrum:</span> <span class='ocrx_word' id='word_1_247' title='bbox 1968 2585 2003 2645; x_wconf 92' lang='lat' dir='ltr'>in</span> 
     </span>
     <span class='ocr_line' id='line_1_25' title="bbox 353 2667 2003 2760; baseline 0.009 -21"><span class='ocrx_word' id='word_1_248' title='bbox 353 2678 461 2756; x_wconf 90' lang='lat' dir='ltr'>plura.</span> <span class='ocrx_word' id='word_1_249' title='bbox 478 2679 580 2753; x_wconf 87' lang='lat' dir='ltr'>Cujus</span> <span class='ocrx_word' id='word_1_250' title='bbox 592 2679 682 2740; x_wconf 90' lang='lat' dir='ltr'>enim</span> <span class='ocrx_word' id='word_1_251' title='bbox 692 2693 752 2740; x_wconf 89' lang='lat' dir='ltr'>cor</span> <span class='ocrx_word' id='word_1_252' title='bbox 762 2678 907 2742; x_wconf 89' lang='lat' dir='ltr'>divisum</span> <span class='ocrx_word' id='word_1_253' title='bbox 920 2682 971 2742; x_wconf 91' lang='lat' dir='ltr'>est</span> <span class='ocrx_word' id='word_1_254' title='bbox 985 2680 1025 2742; x_wconf 90' lang='lat' dir='ltr'>ad</span> <span class='ocrx_word' id='word_1_255' title='bbox 1039 2681 1148 2760; x_wconf 89' lang='lat' dir='ltr'>plura,</span> <span class='ocrx_word' id='word_1_256' title='bbox 1201 2674 1355 2749; x_wconf 68' lang='lat' dir='ltr'>buccina,</span> <span class='ocrx_word' id='word_1_257' title='bbox 1372 2676 1483 2748; x_wconf 66' lang='lat' dir='ltr'>mtuae,</span> <span class='ocrx_word' id='word_1_258' title='bbox 1495 2679 1528 2740; x_wconf 87' lang='lat' dir='ltr'>et</span> <span class='ocrx_word' id='word_1_259' title='bbox 1546 2679 1706 2746; x_wconf 86' lang='lat' dir='ltr'>instantia</span> <span class='ocrx_word' id='word_1_260' title='bbox 1721 2667 1908 2742; x_wconf 79' lang='lat' dir='ltr'>&#39;minarum</span> <span class='ocrx_word' id='word_1_261' title='bbox 1924 2684 2003 2754; x_wconf 85' lang='lat' dir='ltr'>Quae</span> 
     </span>
     <span class='ocr_line' id='line_1_26' title="bbox 351 2772 2005 2856; baseline 0.003 -21"><span class='ocrx_word' id='word_1_262' title='bbox 351 2773 496 2836; x_wconf 90' lang='lat' dir='ltr'>divisum</span> <span class='ocrx_word' id='word_1_263' title='bbox 517 2776 579 2849; x_wconf 88' lang='lat' dir='ltr'>est,</span> <span class='ocrx_word' id='word_1_264' title='bbox 604 2775 636 2838; x_wconf 89' lang='lat' dir='ltr'>et</span> <span class='ocrx_word' id='word_1_265' title='bbox 659 2777 850 2852; x_wconf 86' lang='lat' dir='ltr'>separatum</span> <span class='ocrx_word' id='word_1_266' title='bbox 871 2792 891 2837; x_wconf 90' lang='lat' dir='ltr'>a</span> <span class='ocrx_word' id='word_1_267' title='bbox 915 2777 1068 2854; x_wconf 80' lang='lat' dir='ltr'>singulis.</span> <span class='ocrx_word' id='word_1_268' title='bbox 1094 2779 1149 2840; x_wconf 87' lang='lat' dir='ltr'>Sic</span> <span class='ocrx_word' id='word_1_269' title='bbox 1203 2772 1268 2836; x_wconf 92' lang='lat' dir='ltr'>duo</span> <span class='ocrx_word' id='word_1_270' title='bbox 1284 2772 1402 2836; x_wconf 90' lang='lat' dir='ltr'>beatus</span> <span class='ocrx_word' id='word_1_271' title='bbox 1426 2776 1626 2838; x_wconf 88' lang='lat' dir='ltr'>Laurentius</span> <span class='ocrx_word' id='word_1_272' title='bbox 1647 2793 1714 2838; x_wconf 91' lang='lat' dir='ltr'>non</span> <span class='ocrx_word' id='word_1_273' title='bbox 1735 2779 1916 2856; x_wconf 81' lang='lat' dir='ltr'>reputavit,</span> <span class='ocrx_word' id='word_1_274' title='bbox 1935 2779 2005 2840; x_wconf 91' lang='lat' dir='ltr'>imo</span> 
     </span>
     <span class='ocr_line' id='line_1_27' title="bbox 351 2870 2002 2952; baseline 0.002 -18"><span class='ocrx_word' id='word_1_275' title='bbox 351 2872 442 2934; x_wconf 89' lang='lat' dir='ltr'>enim</span> <span class='ocrx_word' id='word_1_276' title='bbox 464 2871 611 2936; x_wconf 92' lang='lat' dir='ltr'>divisum</span> <span class='ocrx_word' id='word_1_277' title='bbox 630 2887 696 2934; x_wconf 93' lang='lat' dir='ltr'>non</span> <span class='ocrx_word' id='word_1_278' title='bbox 716 2875 789 2936; x_wconf 90' lang='lat' dir='ltr'>erat</span> <span class='ocrx_word' id='word_1_279' title='bbox 812 2889 870 2936; x_wconf 90' lang='lat' dir='ltr'>cor</span> <span class='ocrx_word' id='word_1_280' title='bbox 889 2875 1050 2952; x_wconf 82' lang='lat' dir='ltr'>Apostoli,</span> <span class='ocrx_word' id='word_1_281' title='bbox 1074 2892 1148 2938; x_wconf 92' lang='lat' dir='ltr'>cum</span> <span class='ocrx_word' id='word_1_282' title='bbox 1203 2870 1245 2932; x_wconf 90' lang='lat' dir='ltr'>ad</span> <span class='ocrx_word' id='word_1_283' title='bbox 1255 2886 1372 2933; x_wconf 91' lang='lat' dir='ltr'>eorum</span> <span class='ocrx_word' id='word_1_284' title='bbox 1380 2872 1575 2936; x_wconf 88' lang='lat' dir='ltr'>instantiam</span> <span class='ocrx_word' id='word_1_285' title='bbox 1586 2874 1760 2938; x_wconf 81' lang='lat' dir='ltr'>exultavit.</span> <span class='ocrx_word' id='word_1_286' title='bbox 1778 2875 1883 2948; x_wconf 91' lang='lat' dir='ltr'>Unde,</span> <span class='ocrx_word' id='word_1_287' title='bbox 1899 2876 2002 2938; x_wconf 91' lang='lat' dir='ltr'>dicit:</span> 
     </span>
     <span class='ocr_line' id='line_1_28' title="bbox 352 2967 2004 3053; baseline 0.004 -23"><span class='ocrx_word' id='word_1_288' title='bbox 352 2967 485 3032; x_wconf 88' lang='lat' dir='ltr'>dicebat</span> <span class='ocrx_word' id='word_1_289' title='bbox 504 2970 547 3031; x_wconf 92' lang='lat' dir='ltr'>ad</span> <span class='ocrx_word' id='word_1_290' title='bbox 568 2972 735 3032; x_wconf 86' lang='lat' dir='ltr'>Romanos</span> <span class='ocrx_word' id='word_1_291' title='bbox 752 2969 795 3050; x_wconf 86' lang='lat'>(8,</span> <span class='ocrx_word' id='word_1_292' title='bbox 811 2969 865 3050; x_wconf 86' lang='lat'>35)</span> <span class='ocrx_word' id='word_1_293' title='bbox 880 2988 887 3032; x_wconf 94' lang='lat'><strong>:</strong></span> <span class='ocrx_word' id='word_1_294' title='bbox 901 2989 920 3033; x_wconf 73' lang='lat' dir='ltr'>c</span> <span class='ocrx_word' id='word_1_295' title='bbox 934 2973 1013 3045; x_wconf 88' lang='lat' dir='ltr'>Quis</span> <span class='ocrx_word' id='word_1_296' title='bbox 1033 2988 1087 3036; x_wconf 93' lang='lat' dir='ltr'>ms</span> <span class='ocrx_word' id='word_1_297' title='bbox 1101 2972 1148 3053; x_wconf 85' lang='lat' dir='ltr'>(i)</span> <span class='ocrx_word' id='word_1_298' title='bbox 1208 2971 1299 3042; x_wconf 83' lang='lat' dir='ltr'>Vab,·</span> <span class='ocrx_word' id='word_1_299' title='bbox 1319 2985 1393 3046; x_wconf 78' lang='lat' dir='ltr'>quaa</span> <span class='ocrx_word' id='word_1_300' title='bbox 1413 2986 1481 3033; x_wconf 87' lang='lat' dir='ltr'>vox</span> <span class='ocrx_word' id='word_1_301' title='bbox 1499 2972 1551 3034; x_wconf 91' lang='lat' dir='ltr'>est</span> <span class='ocrx_word' id='word_1_302' title='bbox 1574 2972 1803 3034; x_wconf 82' lang='lat' dir='ltr'>exultationis.</span> <span class='ocrx_word' id='word_1_303' title='bbox 1823 2976 1864 3036; x_wconf 83' lang='lat' dir='ltr'>Et</span> <span class='ocrx_word' id='word_1_304' title='bbox 1879 2975 2004 3036; x_wconf 89' lang='lat' dir='ltr'>iterum</span> 
     </span>
     <span class='ocr_line' id='line_1_29' title="bbox 352 3066 2005 3148; baseline 0.003 -20"><span class='ocrx_word' id='word_1_305' title='bbox 352 3066 524 3144; x_wconf 84' lang='lat' dir='ltr'>separabit</span> <span class='ocrx_word' id='word_1_306' title='bbox 537 3083 557 3130; x_wconf 90' lang='lat' dir='ltr'>a</span> <span class='ocrx_word' id='word_1_307' title='bbox 572 3067 711 3130; x_wconf 87' lang='lat' dir='ltr'>caritate</span> <span class='ocrx_word' id='word_1_308' title='bbox 726 3069 870 3132; x_wconf 83' lang='lat' dir='ltr'>Christll</span> <span class='ocrx_word' id='word_1_309' title='bbox 885 3069 1089 3133; x_wconf 84' lang='lat' dir='ltr'>Tribulatiol</span> <span class='ocrx_word' id='word_1_310' title='bbox 1102 3085 1146 3133; x_wconf 87' lang='lat' dir='ltr'>an</span> <span class='ocrx_word' id='word_1_311' title='bbox 1203 3066 1238 3126; x_wconf 87' lang='lat' dir='ltr'>in</span> <span class='ocrx_word' id='word_1_312' title='bbox 1260 3066 1376 3128; x_wconf 89' lang='lat' dir='ltr'>eodem</span> <span class='ocrx_word' id='word_1_313' title='bbox 1403 3067 1470 3145; x_wconf 83' lang='lat'>(39,</span> <span class='ocrx_word' id='word_1_314' title='bbox 1489 3067 1544 3147; x_wconf 83' lang='lat'>20)</span> <span class='ocrx_word' id='word_1_315' title='bbox 1571 3090 1583 3132; x_wconf 73' lang='grc' dir='ltr'>ε,</span> <span class='ocrx_word' id='word_1_316' title='bbox 1604 3069 1795 3148; x_wconf 79' lang='lat' dir='ltr'>‹Nunquid</span> <span class='ocrx_word' id='word_1_317' title='bbox 1822 3072 2005 3134; x_wconf 80' lang='lat' dir='ltr'>suscitabis</span> 
     </span>
     <span class='ocr_line' id='line_1_30' title="bbox 347 3164 2002 3245; baseline 0.001 -16"><span class='ocrx_word' id='word_1_318' title='bbox 347 3165 527 3240; x_wconf 80' lang='lat' dir='ltr'>,angustiat</span> <span class='ocrx_word' id='word_1_319' title='bbox 548 3179 592 3226; x_wconf 92' lang='lat' dir='ltr'>an</span> <span class='ocrx_word' id='word_1_320' title='bbox 617 3164 743 3228; x_wconf 89' lang='lat' dir='ltr'>lamest</span> <span class='ocrx_word' id='word_1_321' title='bbox 765 3181 810 3228; x_wconf 89' lang='lat' dir='ltr'>an</span> <span class='ocrx_word' id='word_1_322' title='bbox 835 3167 989 3230; x_wconf 85' lang='lat' dir='ltr'>nuditasl</span> <span class='ocrx_word' id='word_1_323' title='bbox 1012 3183 1056 3230; x_wconf 91' lang='lat' dir='ltr'>an</span> <span class='ocrx_word' id='word_1_324' title='bbox 1084 3184 1147 3245; x_wconf 89' lang='lat' dir='ltr'>pe·</span> <span class='ocrx_word' id='word_1_325' title='bbox 1204 3179 1280 3226; x_wconf 92' lang='lat' dir='ltr'>eum</span> <span class='ocrx_word' id='word_1_326' title='bbox 1295 3165 1392 3242; x_wconf 88' lang='lat' dir='ltr'>quasi</span> <span class='ocrx_word' id='word_1_327' title='bbox 1407 3165 1571 3228; x_wconf 83' lang='lat' dir='ltr'>locustasl</span> <span class='ocrx_word' id='word_1_328' title='bbox 1590 3169 1764 3230; x_wconf 78' lang='lat' dir='ltr'>»Locusta</span> <span class='ocrx_word' id='word_1_329' title='bbox 1783 3168 1820 3230; x_wconf 92' lang='lat' dir='ltr'>in</span> <span class='ocrx_word' id='word_1_330' title='bbox 1833 3170 2002 3230; x_wconf 86' lang='lat' dir='ltr'>matutina</span> 
     </span>
     <span class='ocr_line' id='line_1_31' title="bbox 351 3261 2004 3340; baseline 0.004 -18"><span class='ocrx_word' id='word_1_331' title='bbox 351 3261 513 3322; x_wconf 88' lang='lat' dir='ltr'>riculuml</span> <span class='ocrx_word' id='word_1_332' title='bbox 527 3276 570 3324; x_wconf 90' lang='lat' dir='ltr'>an</span> <span class='ocrx_word' id='word_1_333' title='bbox 586 3263 792 3340; x_wconf 88' lang='lat' dir='ltr'>persecutiol</span> <span class='ocrx_word' id='word_1_334' title='bbox 808 3278 852 3326; x_wconf 90' lang='lat' dir='ltr'>an</span> <span class='ocrx_word' id='word_1_335' title='bbox 867 3263 1018 3340; x_wconf 83' lang='lat' dir='ltr'>gladiusl</span> <span class='ocrx_word' id='word_1_336' title='bbox 1031 3265 1072 3328; x_wconf 82' lang='lat' dir='ltr'>st</span> <span class='ocrx_word' id='word_1_337' title='bbox 1084 3266 1150 3328; x_wconf 90' lang='lat' dir='ltr'>ite-</span> <span class='ocrx_word' id='word_1_338' title='bbox 1203 3261 1286 3324; x_wconf 87' lang='lat' dir='ltr'>hora</span> <span class='ocrx_word' id='word_1_339' title='bbox 1305 3262 1365 3324; x_wconf 87' lang='lat' dir='ltr'>vix</span> <span class='ocrx_word' id='word_1_340' title='bbox 1379 3277 1415 3324; x_wconf 88' lang='lat' dir='ltr'>se</span> <span class='ocrx_word' id='word_1_341' title='bbox 1429 3264 1548 3324; x_wconf 85' lang='lat' dir='ltr'>eterra</span> <span class='ocrx_word' id='word_1_342' title='bbox 1563 3263 1724 3338; x_wconf 86' lang='lat' dir='ltr'>sublevat,</span> <span class='ocrx_word' id='word_1_343' title='bbox 1738 3266 1795 3328; x_wconf 89' lang='lat' dir='ltr'>sed</span> <span class='ocrx_word' id='word_1_344' title='bbox 1810 3281 1886 3327; x_wconf 91' lang='lat' dir='ltr'>cum</span> <span class='ocrx_word' id='word_1_345' title='bbox 1900 3269 2004 3330; x_wconf 85' lang='lat' dir='ltr'>aestus</span> 
     </span>
     <span class='ocr_line' id='line_1_32' title="bbox 351 3355 2005 3444; baseline 0.004 -25"><span class='ocrx_word' id='word_1_346' title='bbox 351 3372 426 3419; x_wconf 92' lang='lat' dir='ltr'>rum</span> <span class='ocrx_word' id='word_1_347' title='bbox 441 3355 487 3437; x_wconf 87' lang='lat' dir='ltr'>(v.</span> <span class='ocrx_word' id='word_1_348' title='bbox 505 3359 590 3420; x_wconf 81' lang='lat' dir='ltr'>eset</span> <span class='ocrx_word' id='word_1_349' title='bbox 605 3357 680 3438; x_wconf 75' lang='grc' dir='ltr'><strong>39)ε</strong></span> <span class='ocrx_word' id='word_1_350' title='bbox 698 3360 814 3428; x_wconf 81' lang='lat' dir='ltr'>Certus</span> <span class='ocrx_word' id='word_1_351' title='bbox 833 3377 919 3436; x_wconf 91' lang='lat' dir='ltr'>sum,</span> <span class='ocrx_word' id='word_1_352' title='bbox 939 3362 1018 3439; x_wconf 87' lang='lat' dir='ltr'>qula</span> <span class='ocrx_word' id='word_1_353' title='bbox 1040 3379 1149 3440; x_wconf 87' lang='lat' dir='ltr'>neque</span> <span class='ocrx_word' id='word_1_354' title='bbox 1205 3358 1293 3422; x_wconf 85' lang='lat' dir='ltr'>Solis</span> <span class='ocrx_word' id='word_1_355' title='bbox 1328 3359 1505 3444; x_wconf 83' lang='lat' dir='ltr'>exarserit,</span> <span class='ocrx_word' id='word_1_356' title='bbox 1530 3361 1632 3422; x_wconf 89' lang='lat' dir='ltr'>altius</span> <span class='ocrx_word' id='word_1_357' title='bbox 1667 3362 1768 3426; x_wconf 89' lang='lat' dir='ltr'>volat.</span> <span class='ocrx_word' id='word_1_358' title='bbox 1798 3364 1854 3426; x_wconf 87' lang='lat' dir='ltr'>Sic</span> <span class='ocrx_word' id='word_1_359' title='bbox 1883 3363 2005 3427; x_wconf 88' lang='lat' dir='ltr'>beatus</span> 
     </span>
     <span class='ocr_line' id='line_1_33' title="bbox 351 3456 2006 3538; baseline 0.004 -22"><span class='ocrx_word' id='word_1_360' title='bbox 351 3470 454 3528; x_wconf 87' lang='lat' dir='ltr'>mors,</span> <span class='ocrx_word' id='word_1_361' title='bbox 490 3471 598 3534; x_wconf 86' lang='lat' dir='ltr'>neque</span> <span class='ocrx_word' id='word_1_362' title='bbox 627 3456 708 3529; x_wconf 88' lang='lat' dir='ltr'>vita,</span> <span class='ocrx_word' id='word_1_363' title='bbox 747 3473 858 3535; x_wconf 79' lang='lat' dir='ltr'>neque</span> <span class='ocrx_word' id='word_1_364' title='bbox 888 3459 1009 3535; x_wconf 85' lang='lat' dir='ltr'>Angeli</span> <span class='ocrx_word' id='word_1_365' title='bbox 1041 3475 1149 3538; x_wconf 88' lang='lat' dir='ltr'>neque</span> <span class='ocrx_word' id='word_1_366' title='bbox 1204 3457 1405 3519; x_wconf 87' lang='lat' dir='ltr'>Laurentius</span> <span class='ocrx_word' id='word_1_367' title='bbox 1424 3457 1460 3518; x_wconf 91' lang='lat' dir='ltr'>in</span> <span class='ocrx_word' id='word_1_368' title='bbox 1475 3457 1572 3520; x_wconf 89' lang='lat' dir='ltr'>initio</span> <span class='ocrx_word' id='word_1_369' title='bbox 1587 3459 1829 3536; x_wconf 84' lang='lat' dir='ltr'>persecutionis</span> <span class='ocrx_word' id='word_1_370' title='bbox 1844 3477 1916 3522; x_wconf 83' lang='lat' dir='ltr'>suae</span> <span class='ocrx_word' id='word_1_371' title='bbox 1939 3461 2006 3522; x_wconf 86' lang='lat' dir='ltr'>bu·</span> 
     </span>
     <span class='ocr_line' id='line_1_34' title="bbox 352 3551 2003 3635; baseline 0.004 -22"><span class='ocrx_word' id='word_1_372' title='bbox 352 3551 572 3630; x_wconf 89' lang='lat' dir='ltr'>principatus,</span> <span class='ocrx_word' id='word_1_373' title='bbox 604 3568 714 3631; x_wconf 90' lang='lat' dir='ltr'>neque</span> <span class='ocrx_word' id='word_1_374' title='bbox 749 3555 901 3629; x_wconf 89' lang='lat' dir='ltr'>virtutes,</span> <span class='ocrx_word' id='word_1_375' title='bbox 923 3572 1048 3635; x_wconf 79' lang='lat' dir='ltr'>,neque</span> <span class='ocrx_word' id='word_1_376' title='bbox 1071 3558 1147 3618; x_wconf 91' lang='lat' dir='ltr'>ins·</span> <span class='ocrx_word' id='word_1_377' title='bbox 1204 3554 1329 3616; x_wconf 88' lang='lat' dir='ltr'>militer</span> <span class='ocrx_word' id='word_1_378' title='bbox 1350 3569 1387 3616; x_wconf 90' lang='lat' dir='ltr'>se</span> <span class='ocrx_word' id='word_1_379' title='bbox 1407 3553 1537 3627; x_wconf 89' lang='lat' dir='ltr'>babuit,</span> <span class='ocrx_word' id='word_1_380' title='bbox 1564 3555 1623 3618; x_wconf 87' lang='lat' dir='ltr'>sed</span> <span class='ocrx_word' id='word_1_381' title='bbox 1657 3556 1805 3620; x_wconf 88' lang='lat' dir='ltr'>instante</span> <span class='ocrx_word' id='word_1_382' title='bbox 1833 3559 2003 3634; x_wconf 86' lang='lat' dir='ltr'>gravioris</span> 
     </span>
     <span class='ocr_line' id='line_1_35' title="bbox 352 3650 2006 3732; baseline 0.003 -21"><span class='ocrx_word' id='word_1_383' title='bbox 352 3650 472 3723; x_wconf 70' lang='lat' dir='ltr'>tantia</span> <span class='ocrx_word' id='word_1_384' title='bbox 515 3666 625 3728; x_wconf 83' lang='lat' dir='ltr'>neque</span> <span class='ocrx_word' id='word_1_385' title='bbox 660 3650 785 3726; x_wconf 88' lang='lat' dir='ltr'>lutura,</span> <span class='ocrx_word' id='word_1_386' title='bbox 827 3669 937 3732; x_wconf 86' lang='lat' dir='ltr'>neque</span> <span class='ocrx_word' id='word_1_387' title='bbox 977 3653 1147 3728; x_wconf 81' lang='lat' dir='ltr'>fortitudo,</span> <span class='ocrx_word' id='word_1_388' title='bbox 1204 3651 1448 3728; x_wconf 88' lang='lat' dir='ltr'>persecutionis</span> <span class='ocrx_word' id='word_1_389' title='bbox 1470 3651 1612 3724; x_wconf 81' lang='lat' dir='ltr'>fervore,</span> <span class='ocrx_word' id='word_1_390' title='bbox 1638 3655 1910 3718; x_wconf 82' lang='lat' dir='ltr'>excrescentibus</span> <span class='ocrx_word' id='word_1_391' title='bbox 1932 3659 2006 3719; x_wconf 90' lang='lat' dir='ltr'>tor-</span> 
     </span>
     <span class='ocr_line' id='line_1_36' title="bbox 351 3748 2005 3830; baseline 0.004 -21"><span class='ocrx_word' id='word_1_392' title='bbox 351 3763 460 3826; x_wconf 81' lang='lat' dir='ltr'>neque</span> <span class='ocrx_word' id='word_1_393' title='bbox 490 3748 643 3822; x_wconf 87' lang='lat' dir='ltr'>altitudo,</span> <span class='ocrx_word' id='word_1_394' title='bbox 671 3764 779 3827; x_wconf 89' lang='lat' dir='ltr'>neque</span> <span class='ocrx_word' id='word_1_395' title='bbox 800 3749 1013 3828; x_wconf 80' lang='lat' dir='ltr'>protundum,</span> <span class='ocrx_word' id='word_1_396' title='bbox 1040 3767 1149 3830; x_wconf 86' lang='lat' dir='ltr'>neque</span> <span class='ocrx_word' id='word_1_397' title='bbox 1205 3749 1338 3821; x_wconf 86' lang='lat' dir='ltr'>mentis,</span> <span class='ocrx_word' id='word_1_398' title='bbox 1348 3751 1381 3810; x_wconf 89' lang='lat' dir='ltr'>et</span> <span class='ocrx_word' id='word_1_399' title='bbox 1391 3764 1573 3826; x_wconf 85' lang='lat' dir='ltr'>prunarum</span> <span class='ocrx_word' id='word_1_400' title='bbox 1585 3751 1776 3814; x_wconf 81' lang='lat' dir='ltr'>ardentium</span> <span class='ocrx_word' id='word_1_401' title='bbox 1789 3753 1903 3816; x_wconf 88' lang='lat' dir='ltr'>calore</span> <span class='ocrx_word' id='word_1_402' title='bbox 1916 3769 2005 3816; x_wconf 90' lang='lat' dir='ltr'>com-</span> 
     </span>
     <span class='ocr_line' id='line_1_37' title="bbox 351 3846 2003 3927; baseline 0.005 -21"><span class='ocrx_word' id='word_1_403' title='bbox 351 3847 506 3908; x_wconf 87' lang='lat' dir='ltr'>creatura</span> <span class='ocrx_word' id='word_1_404' title='bbox 532 3846 601 3908; x_wconf 88' lang='lat' dir='ltr'>alia</span> <span class='ocrx_word' id='word_1_405' title='bbox 625 3847 780 3923; x_wconf 88' lang='lat' dir='ltr'>poterunt</span> <span class='ocrx_word' id='word_1_406' title='bbox 801 3863 854 3910; x_wconf 92' lang='lat' dir='ltr'>me</span> <span class='ocrx_word' id='word_1_407' title='bbox 868 3846 916 3927; x_wconf 85' lang='lat'>(2)</span> <span class='ocrx_word' id='word_1_408' title='bbox 942 3863 1100 3926; x_wconf 89' lang='lat' dir='ltr'>separare</span> <span class='ocrx_word' id='word_1_409' title='bbox 1128 3866 1148 3911; x_wconf 90' lang='lat' dir='ltr'>a</span> <span class='ocrx_word' id='word_1_410' title='bbox 1204 3847 1323 3919; x_wconf 88' lang='lat' dir='ltr'>motus,</span> <span class='ocrx_word' id='word_1_411' title='bbox 1341 3848 1475 3924; x_wconf 84' lang='lat' dir='ltr'>quantae</span> <span class='ocrx_word' id='word_1_412' title='bbox 1499 3846 1715 3921; x_wconf 79' lang='lat' dir='ltr'>tortitudinis,</span> <span class='ocrx_word' id='word_1_413' title='bbox 1729 3851 1767 3912; x_wconf 88' lang='lat' dir='ltr'>et</span> <span class='ocrx_word' id='word_1_414' title='bbox 1782 3851 2003 3915; x_wconf 88' lang='lat' dir='ltr'>sublimitatis</span> 
     </span>
     <span class='ocr_line' id='line_1_38' title="bbox 351 3943 2002 4030; baseline 0.005 -26"><span class='ocrx_word' id='word_1_415' title='bbox 351 3943 493 4006; x_wconf 88' lang='lat' dir='ltr'>caritate</span> <span class='ocrx_word' id='word_1_416' title='bbox 520 3943 591 4016; x_wconf 90' lang='lat' dir='ltr'>Dei,</span> <span class='ocrx_word' id='word_1_417' title='bbox 625 3960 699 4021; x_wconf 85' lang='lat' dir='ltr'>quae</span> <span class='ocrx_word' id='word_1_418' title='bbox 726 3946 778 4008; x_wconf 93' lang='lat' dir='ltr'>est</span> <span class='ocrx_word' id='word_1_419' title='bbox 804 3945 839 4006; x_wconf 92' lang='lat' dir='ltr'>in</span> <span class='ocrx_word' id='word_1_420' title='bbox 864 3945 996 4010; x_wconf 81' lang='lat' dir='ltr'>Christo</span> <span class='ocrx_word' id='word_1_421' title='bbox 1019 3949 1149 4010; x_wconf 82' lang='lat' dir='ltr'>lesu.»</span> <span class='ocrx_word' id='word_1_422' title='bbox 1203 3943 1315 4017; x_wconf 84' lang='lat' dir='ltr'>luerit,</span> <span class='ocrx_word' id='word_1_423' title='bbox 1348 3944 1494 4008; x_wconf 87' lang='lat' dir='ltr'>ostendit</span> <span class='ocrx_word' id='word_1_424' title='bbox 1525 3945 1640 4010; x_wconf 81' lang='lat' dir='ltr'>dicens</span> <span class='ocrx_word' id='word_1_425' title='bbox 1665 3968 1673 4008; x_wconf 73' lang='grc' dir='ltr'><strong><em>ε</em></strong></span> <span class='ocrx_word' id='word_1_426' title='bbox 1694 3949 1859 4012; x_wconf 59' lang='lat' dir='ltr'>Mantum</span> <span class='ocrx_word' id='word_1_427' title='bbox 1877 3952 1931 4012; x_wconf 88' lang='lat' dir='ltr'>est</span> <span class='ocrx_word' id='word_1_428' title='bbox 1952 3950 2002 4030; x_wconf 81' lang='grc'>(5)</span> 
     </span>
     <span class='ocr_line' id='line_1_39' title="bbox 350 4040 1649 4121; baseline 0.002 -19"><span class='ocrx_word' id='word_1_429' title='bbox 350 4042 446 4113; x_wconf 84' lang='lat' dir='ltr'>Ecce,</span> <span class='ocrx_word' id='word_1_430' title='bbox 462 4041 549 4117; x_wconf 80' lang='lat' dir='ltr'>quod</span> <span class='ocrx_word' id='word_1_431' title='bbox 562 4040 737 4118; x_wconf 85' lang='lat' dir='ltr'>probatum</span> <span class='ocrx_word' id='word_1_432' title='bbox 754 4043 827 4104; x_wconf 86' lang='lat' dir='ltr'>erat</span> <span class='ocrx_word' id='word_1_433' title='bbox 838 4058 898 4104; x_wconf 89' lang='lat' dir='ltr'>cor</span> <span class='ocrx_word' id='word_1_434' title='bbox 909 4043 1005 4106; x_wconf 89' lang='lat' dir='ltr'>istius</span> <span class='ocrx_word' id='word_1_435' title='bbox 1019 4060 1080 4121; x_wconf 91' lang='lat' dir='ltr'>per</span> <span class='ocrx_word' id='word_1_436' title='bbox 1094 4045 1149 4106; x_wconf 88' lang='lat' dir='ltr'>in·</span> <span class='ocrx_word' id='word_1_437' title='bbox 1195 4044 1274 4114; x_wconf 84' lang='lat' dir='ltr'>jam</span> <span class='ocrx_word' id='word_1_438' title='bbox 1287 4056 1400 4115; x_wconf 83' lang='lat' dir='ltr'>versa,</span> <span class='ocrx_word' id='word_1_439' title='bbox 1415 4043 1448 4104; x_wconf 86' lang='lat' dir='ltr'>et</span> <span class='ocrx_word' id='word_1_440' title='bbox 1467 4045 1649 4106; x_wconf 70' lang='lat' dir='ltr'>maduca.</span> 
     </span>
     <span class='ocr_line' id='line_1_40' title="bbox 350 4136 2003 4221; baseline 0.006 -23"><span class='ocrx_word' id='word_1_441' title='bbox 350 4136 552 4212; x_wconf 84' lang='lat' dir='ltr'>tegritatem,</span> <span class='ocrx_word' id='word_1_442' title='bbox 583 4153 650 4200; x_wconf 92' lang='lat' dir='ltr'>non</span> <span class='ocrx_word' id='word_1_443' title='bbox 673 4137 817 4200; x_wconf 89' lang='lat' dir='ltr'>divisum</span> <span class='ocrx_word' id='word_1_444' title='bbox 846 4140 883 4200; x_wconf 88' lang='lat' dir='ltr'>in</span> <span class='ocrx_word' id='word_1_445' title='bbox 909 4139 1147 4217; x_wconf 84' lang='lat' dir='ltr'>pluralitatem,</span> <span class='ocrx_word' id='word_1_446' title='bbox 1241 4141 1288 4201; x_wconf 80' lang='lat' dir='ltr'>nt</span> <span class='ocrx_word' id='word_1_447' title='bbox 1302 4141 1455 4202; x_wconf 79' lang='lat' dir='ltr'>atritastt</span> <span class='ocrx_word' id='word_1_448' title='bbox 1468 4141 1929 4221; x_wconf 79' lang='lat' dir='ltr'>noctacutluxsuppltcium</span> <span class='ocrx_word' id='word_1_449' title='bbox 1938 4149 2003 4218; x_wconf 89' lang='lat' dir='ltr'>est,</span> 
     </span>
     <span class='ocr_line' id='line_1_41' title="bbox 352 4232 2005 4316; baseline 0.008 -23"><span class='ocrx_word' id='word_1_450' title='bbox 352 4233 440 4294; x_wconf 89' lang='lat' dir='ltr'>siout</span> <span class='ocrx_word' id='word_1_451' title='bbox 454 4235 487 4295; x_wconf 88' lang='lat' dir='ltr'>et</span> <span class='ocrx_word' id='word_1_452' title='bbox 502 4249 560 4296; x_wconf 91' lang='lat' dir='ltr'>cor</span> <span class='ocrx_word' id='word_1_453' title='bbox 572 4232 662 4296; x_wconf 90' lang='lat' dir='ltr'>beati</span> <span class='ocrx_word' id='word_1_454' title='bbox 678 4235 864 4310; x_wconf 87' lang='lat' dir='ltr'>Laurentii,</span> <span class='ocrx_word' id='word_1_455' title='bbox 879 4237 967 4297; x_wconf 90' lang='lat' dir='ltr'>unde</span> <span class='ocrx_word' id='word_1_456' title='bbox 981 4253 1001 4298; x_wconf 92' lang='lat' dir='ltr'>a</span> <span class='ocrx_word' id='word_1_457' title='bbox 1017 4238 1148 4303; x_wconf 84' lang='lat' dir='ltr'>christo</span> <span class='ocrx_word' id='word_1_458' title='bbox 1202 4233 1288 4298; x_wconf 85' lang='lat' dir='ltr'>idest</span> <span class='ocrx_word' id='word_1_459' title='bbox 1306 4237 1522 4316; x_wconf 87' lang='lat' dir='ltr'>prosperitas,</span> <span class='ocrx_word' id='word_1_460' title='bbox 1539 4239 1572 4301; x_wconf 89' lang='lat' dir='ltr'>et</span> <span class='ocrx_word' id='word_1_461' title='bbox 1586 4254 1655 4301; x_wconf 84' lang='lat' dir='ltr'>nox</span> <span class='ocrx_word' id='word_1_462' title='bbox 1674 4240 1823 4303; x_wconf 88' lang='lat' dir='ltr'>visitatio</span> <span class='ocrx_word' id='word_1_463' title='bbox 1838 4243 1901 4315; x_wconf 89' lang='lat' dir='ltr'>est,</span> <span class='ocrx_word' id='word_1_464' title='bbox 1918 4243 2005 4306; x_wconf 87' lang='lat' dir='ltr'>idest</span> 
     </span>
     <span class='ocr_line' id='line_1_42' title="bbox 351 4330 2004 4420; baseline 0.008 -30"><span class='ocrx_word' id='word_1_465' title='bbox 351 4345 419 4392; x_wconf 91' lang='lat' dir='ltr'>non</span> <span class='ocrx_word' id='word_1_466' title='bbox 450 4330 558 4408; x_wconf 88' lang='lat' dir='ltr'>potuit</span> <span class='ocrx_word' id='word_1_467' title='bbox 590 4332 752 4408; x_wconf 89' lang='lat' dir='ltr'>separari.</span> <span class='ocrx_word' id='word_1_468' title='bbox 788 4333 870 4393; x_wconf 88' lang='lat' dir='ltr'>Item</span> <span class='ocrx_word' id='word_1_469' title='bbox 900 4336 1055 4408; x_wconf 80' lang='lat' dir='ltr'>probasti</span> <span class='ocrx_word' id='word_1_470' title='bbox 1088 4351 1149 4399; x_wconf 82' lang='lat' dir='ltr'>cor</span> <span class='ocrx_word' id='word_1_471' title='bbox 1202 4332 1399 4396; x_wconf 91' lang='lat' dir='ltr'>adversitas.</span> <span class='ocrx_word' id='word_1_472' title='bbox 1417 4334 1497 4396; x_wconf 91' lang='lat' dir='ltr'>Inde</span> <span class='ocrx_word' id='word_1_473' title='bbox 1519 4339 1570 4398; x_wconf 90' lang='lat' dir='ltr'>est</span> <span class='ocrx_word' id='word_1_474' title='bbox 1589 4336 1676 4414; x_wconf 87' lang='lat' dir='ltr'>quod</span> <span class='ocrx_word' id='word_1_475' title='bbox 1690 4337 1752 4400; x_wconf 81' lang='lat' dir='ltr'>tob</span> <span class='ocrx_word' id='word_1_476' title='bbox 1766 4339 1847 4401; x_wconf 90' lang='lat' dir='ltr'>dicit</span> <span class='ocrx_word' id='word_1_477' title='bbox 1859 4338 1906 4418; x_wconf 88' lang='lat'>(3,</span> <span class='ocrx_word' id='word_1_478' title='bbox 1922 4341 2004 4420; x_wconf 73' lang='lat'>20):</span> 
     </span>
     <span class='ocr_line' id='line_1_43' title="bbox 348 4428 2004 4517; baseline 0.006 -27"><span class='ocrx_word' id='word_1_479' title='bbox 348 4441 477 4496; x_wconf 72' lang='lat' dir='ltr'>mum,</span> <span class='ocrx_word' id='word_1_480' title='bbox 504 4428 591 4491; x_wconf 90' lang='lat' dir='ltr'>idest</span> <span class='ocrx_word' id='word_1_481' title='bbox 618 4429 730 4490; x_wconf 91' lang='lat' dir='ltr'>cordis</span> <span class='ocrx_word' id='word_1_482' title='bbox 757 4429 992 4504; x_wconf 89' lang='lat' dir='ltr'>constantiam,</span> <span class='ocrx_word' id='word_1_483' title='bbox 1020 4432 1061 4495; x_wconf 93' lang='lat' dir='ltr'>de</span> <span class='ocrx_word' id='word_1_484' title='bbox 1084 4451 1148 4510; x_wconf 90' lang='lat' dir='ltr'>qua</span> <span class='ocrx_word' id='word_1_485' title='bbox 1202 4433 1343 4502; x_wconf 83' lang='lat' dir='ltr'>«Quare</span> <span class='ocrx_word' id='word_1_486' title='bbox 1355 4431 1433 4508; x_wconf 84' lang='lat' dir='ltr'>data</span> <span class='ocrx_word' id='word_1_487' title='bbox 1446 4433 1498 4496; x_wconf 92' lang='lat' dir='ltr'>est</span> <span class='ocrx_word' id='word_1_488' title='bbox 1512 4433 1635 4496; x_wconf 88' lang='lat' dir='ltr'>misero</span> <span class='ocrx_word' id='word_1_489' title='bbox 1650 4434 1721 4508; x_wconf 88' lang='lat' dir='ltr'>lux,</span> <span class='ocrx_word' id='word_1_490' title='bbox 1744 4438 1778 4498; x_wconf 90' lang='lat' dir='ltr'>et</span> <span class='ocrx_word' id='word_1_491' title='bbox 1791 4437 1862 4500; x_wconf 89' lang='lat' dir='ltr'>vita</span> <span class='ocrx_word' id='word_1_492' title='bbox 1875 4438 1931 4500; x_wconf 86' lang='lat' dir='ltr'>bis</span> <span class='ocrx_word' id='word_1_493' title='bbox 1946 4443 2004 4517; x_wconf 87' lang='lat' dir='ltr'>qui</span> 
     </span>
     <span class='ocr_line' id='line_1_44' title="bbox 347 4523 2006 4615; baseline 0.006 -26"><span class='ocrx_word' id='word_1_494' title='bbox 347 4525 410 4590; x_wconf 87' lang='lat' dir='ltr'>Job</span> <span class='ocrx_word' id='word_1_495' title='bbox 432 4523 496 4604; x_wconf 87' lang='grc'><strong>(39,</strong></span> <span class='ocrx_word' id='word_1_496' title='bbox 512 4527 553 4586; x_wconf 81' lang='grc'>22</span> <span class='ocrx_word' id='word_1_497' title='bbox 571 4525 612 4586; x_wconf 91' lang='lat' dir='ltr'>ad</span> <span class='ocrx_word' id='word_1_498' title='bbox 631 4523 711 4605; x_wconf 83' lang='lat'>25):</span> <span class='ocrx_word' id='word_1_499' title='bbox 732 4527 955 4591; x_wconf 77' lang='lat' dir='ltr'>«contemnit</span> <span class='ocrx_word' id='word_1_500' title='bbox 973 4545 1145 4607; x_wconf 89' lang='lat' dir='ltr'>pavorem,</span> <span class='ocrx_word' id='word_1_501' title='bbox 1202 4529 1237 4590; x_wconf 91' lang='lat' dir='ltr'>in</span> <span class='ocrx_word' id='word_1_502' title='bbox 1252 4529 1476 4592; x_wconf 89' lang='lat' dir='ltr'>amaritudine</span> <span class='ocrx_word' id='word_1_503' title='bbox 1494 4531 1615 4594; x_wconf 88' lang='lat' dir='ltr'>animae</span> <span class='ocrx_word' id='word_1_504' title='bbox 1626 4534 1752 4608; x_wconf 79' lang='lat' dir='ltr'>suntl»</span> <span class='ocrx_word' id='word_1_505' title='bbox 1769 4535 1845 4598; x_wconf 92' lang='lat' dir='ltr'>ldeo</span> <span class='ocrx_word' id='word_1_506' title='bbox 1861 4551 2006 4615; x_wconf 86' lang='lat' dir='ltr'>conque·</span> 
     </span>
    </p>
   </div>
   <div class='ocr_carea' id='block_1_8' title="bbox 254 4621 2006 4711">
    <p class='ocr_par' dir='ltr' id='par_1_10' title="bbox 254 4621 2006 4711">
     <span class='ocr_line' id='line_1_45' title="bbox 254 4621 2006 4711; baseline 0.008 -26"><span class='ocrx_word' id='word_1_507' title='bbox 254 4658 256 4671; x_wconf 44' lang='grc' dir='ltr'><strong>ι</strong></span> <span class='ocrx_word' id='word_1_508' title='bbox 349 4637 411 4686; x_wconf 89' lang='lat' dir='ltr'>neo</span> <span class='ocrx_word' id='word_1_509' title='bbox 426 4621 515 4684; x_wconf 87' lang='lat' dir='ltr'>cedit</span> <span class='ocrx_word' id='word_1_510' title='bbox 528 4621 652 4699; x_wconf 85' lang='lat' dir='ltr'>gladio.</span> <span class='ocrx_word' id='word_1_511' title='bbox 671 4625 778 4702; x_wconf 84' lang='lat' dir='ltr'>Super</span> <span class='ocrx_word' id='word_1_512' title='bbox 792 4624 900 4702; x_wconf 90' lang='lat' dir='ltr'>ipsum</span> <span class='ocrx_word' id='word_1_513' title='bbox 922 4626 1056 4690; x_wconf 88' lang='lat' dir='ltr'>sonabit</span> <span class='ocrx_word' id='word_1_514' title='bbox 1069 4629 1149 4706; x_wconf 91' lang='lat' dir='ltr'>pha·</span> <span class='ocrx_word' id='word_1_515' title='bbox 1202 4627 1290 4690; x_wconf 90' lang='lat' dir='ltr'>ritur</span> <span class='ocrx_word' id='word_1_516' title='bbox 1303 4628 1344 4689; x_wconf 91' lang='lat' dir='ltr'>de</span> <span class='ocrx_word' id='word_1_517' title='bbox 1357 4628 1431 4691; x_wconf 90' lang='lat' dir='ltr'>luce</span> <span class='ocrx_word' id='word_1_518' title='bbox 1444 4627 1614 4702; x_wconf 88' lang='lat' dir='ltr'>sibidata,</span> <span class='ocrx_word' id='word_1_519' title='bbox 1631 4632 1710 4708; x_wconf 88' lang='lat' dir='ltr'>quia</span> <span class='ocrx_word' id='word_1_520' title='bbox 1731 4633 1768 4695; x_wconf 89' lang='lat' dir='ltr'>ut</span> <span class='ocrx_word' id='word_1_521' title='bbox 1780 4631 2006 4711; x_wconf 80' lang='lat' dir='ltr'>dicitGrego-</span> 
     </span>
    </p>
   </div>
   <div class='ocr_carea' id='block_1_9' title="bbox 305 4819 2006 5466">
    <p class='ocr_par' dir='ltr' id='par_1_11' title="bbox 305 4819 2006 5466">
     <span class='ocr_line' id='line_1_46' title="bbox 401 4819 2004 4896; baseline 0.007 -19"><span class='ocrx_word' id='word_1_522' title='bbox 401 4821 413 4877; x_wconf 92' lang='lat' dir='ltr'>l</span> <span class='ocrx_word' id='word_1_523' title='bbox 447 4819 554 4894; x_wconf 72' lang='lat' dir='ltr'>vulg:</span> <span class='ocrx_word' id='word_1_524' title='bbox 572 4834 635 4878; x_wconf 89' lang='lat' dir='ltr'>nes.</span> <span class='ocrx_word' id='word_1_525' title='bbox 1201 4821 1276 4880; x_wconf 87' lang='lat' dir='ltr'>vius.</span> <span class='ocrx_word' id='word_1_526' title='bbox 1299 4843 1310 4872; x_wconf 79' lang='grc' dir='ltr'><strong><em>ι</em></strong></span> <span class='ocrx_word' id='word_1_527' title='bbox 1328 4823 1399 4882; x_wconf 84' lang='lat' dir='ltr'>nts.</span> <span class='ocrx_word' id='word_1_528' title='bbox 1413 4823 1601 4896; x_wconf 80' lang='lat' dir='ltr'>Augustinus,</span> <span class='ocrx_word' id='word_1_529' title='bbox 1613 4825 1808 4895; x_wconf 84' lang='lat' dir='ltr'>tom.ll,edit.</span> <span class='ocrx_word' id='word_1_530' title='bbox 1823 4829 1915 4887; x_wconf 77' lang='lat' dir='ltr'>Maur.</span> <span class='ocrx_word' id='word_1_531' title='bbox 1931 4829 2004 4888; x_wconf 79' lang='lat' dir='ltr'>Ant·</span> 
     </span>
     <span class='ocr_line' id='line_1_47' title="bbox 398 4891 2002 4970; baseline 0.007 -24"><span class='ocrx_word' id='word_1_532' title='bbox 398 4891 415 4946; x_wconf 77' lang='lat'>2</span> <span class='ocrx_word' id='word_1_533' title='bbox 447 4891 555 4964; x_wconf 76' lang='lat' dir='ltr'>vulg:</span> <span class='ocrx_word' id='word_1_534' title='bbox 572 4891 675 4964; x_wconf 82' lang='lat' dir='ltr'>poterit</span> <span class='ocrx_word' id='word_1_535' title='bbox 687 4905 749 4949; x_wconf 92' lang='lat' dir='ltr'>nes.</span> <span class='ocrx_word' id='word_1_536' title='bbox 1201 4907 1285 4961; x_wconf 68' lang='lat' dir='ltr'>wer„</span> <span class='ocrx_word' id='word_1_537' title='bbox 1302 4895 1377 4950; x_wconf 89' lang='lat' dir='ltr'>Part.</span> <span class='ocrx_word' id='word_1_538' title='bbox 1395 4897 1416 4962; x_wconf 93' lang='lat' dir='ltr'>l,</span> <span class='ocrx_word' id='word_1_539' title='bbox 1433 4909 1520 4952; x_wconf 84' lang='lat' dir='ltr'>serm.</span> <span class='ocrx_word' id='word_1_540' title='bbox 1536 4896 1600 4963; x_wconf 83' lang='lat'>303,</span> <span class='ocrx_word' id='word_1_541' title='bbox 1616 4897 1664 4968; x_wconf 81' lang='lat' dir='ltr'>qui</span> <span class='ocrx_word' id='word_1_542' title='bbox 1682 4904 1725 4954; x_wconf 90' lang='lat' dir='ltr'>est</span> <span class='ocrx_word' id='word_1_543' title='bbox 1741 4897 1777 4954; x_wconf 90' lang='lat' dir='ltr'>de</span> <span class='ocrx_word' id='word_1_544' title='bbox 1793 4899 1821 4955; x_wconf 92' lang='lat' dir='ltr'>S.</span> <span class='ocrx_word' id='word_1_545' title='bbox 1836 4899 2002 4970; x_wconf 90' lang='lat' dir='ltr'>Laurentio,</span> 
     </span>
     <span class='ocr_line' id='line_1_48' title="bbox 385 4959 2000 5040; baseline 0.007 -23"><span class='ocrx_word' id='word_1_546' title='bbox 385 4959 428 5031; x_wconf 84' lang='lat'>(3)</span> <span class='ocrx_word' id='word_1_547' title='bbox 448 4961 534 5034; x_wconf 79' lang='lat' dir='ltr'>vulg.</span> <span class='ocrx_word' id='word_1_548' title='bbox 548 4979 555 5018; x_wconf 92' lang='lat'>:</span> <span class='ocrx_word' id='word_1_549' title='bbox 569 4961 703 5019; x_wconf 85' lang='lat' dir='ltr'>vibrabit.</span> <span class='ocrx_word' id='word_1_550' title='bbox 1201 4964 1256 5021; x_wconf 91' lang='lat' dir='ltr'>col.</span> <span class='ocrx_word' id='word_1_551' title='bbox 1267 4964 1330 5040; x_wconf 68' lang='grc'><strong>860,</strong></span> <span class='ocrx_word' id='word_1_552' title='bbox 1348 4979 1427 5022; x_wconf 92' lang='lat' dir='ltr'>num.</span> <span class='ocrx_word' id='word_1_553' title='bbox 1444 4967 1457 5021; x_wconf 93' lang='lat' dir='ltr'>l</span> <span class='ocrx_word' id='word_1_554' title='bbox 1472 4966 1526 5022; x_wconf 88' lang='lat' dir='ltr'>ait:</span> <span class='ocrx_word' id='word_1_555' title='bbox 1543 4967 1635 5024; x_wconf 80' lang='lat' dir='ltr'>«Cum</span> <span class='ocrx_word' id='word_1_556' title='bbox 1648 4981 1684 5024; x_wconf 89' lang='lat' dir='ltr'>ex</span> <span class='ocrx_word' id='word_1_557' title='bbox 1696 4982 1754 5025; x_wconf 92' lang='lat' dir='ltr'>uno</span> <span class='ocrx_word' id='word_1_558' title='bbox 1767 4967 1857 5027; x_wconf 88' lang='lat' dir='ltr'>latere</span> <span class='ocrx_word' id='word_1_559' title='bbox 1869 4973 2000 5040; x_wconf 88' lang='lat' dir='ltr'>arsisset,</span> 
     </span>
     <span class='ocr_line' id='line_1_49' title="bbox 386 5031 2001 5111; baseline 0.007 -22"><span class='ocrx_word' id='word_1_560' title='bbox 386 5031 428 5102; x_wconf 77' lang='lat' dir='ltr'>tl)</span> <span class='ocrx_word' id='word_1_561' title='bbox 449 5033 555 5104; x_wconf 71' lang='lat' dir='ltr'>vulg:</span> <span class='ocrx_word' id='word_1_562' title='bbox 574 5031 640 5091; x_wconf 89' lang='lat' dir='ltr'>Ubi.</span> <span class='ocrx_word' id='word_1_563' title='bbox 1202 5033 1303 5092; x_wconf 90' lang='lat' dir='ltr'>dicitur</span> <span class='ocrx_word' id='word_1_564' title='bbox 1316 5041 1393 5093; x_wconf 87' lang='lat' dir='ltr'>tanta</span> <span class='ocrx_word' id='word_1_565' title='bbox 1408 5035 1613 5108; x_wconf 87' lang='lat' dir='ltr'>tranquillitate</span> <span class='ocrx_word' id='word_1_566' title='bbox 1630 5039 1676 5095; x_wconf 90' lang='lat' dir='ltr'>illa</span> <span class='ocrx_word' id='word_1_567' title='bbox 1692 5047 1834 5098; x_wconf 85' lang='lat' dir='ltr'>tormenta</span> <span class='ocrx_word' id='word_1_568' title='bbox 1850 5043 2001 5111; x_wconf 86' lang='lat' dir='ltr'>tolerasse,</span> 
     </span>
     <span class='ocr_line' id='line_1_50' title="bbox 384 5102 2003 5185; baseline 0.009 -27"><span class='ocrx_word' id='word_1_569' title='bbox 384 5102 426 5173; x_wconf 79' lang='lat'>(5)</span> <span class='ocrx_word' id='word_1_570' title='bbox 451 5103 584 5160; x_wconf 70' lang='lat' dir='ltr'>assatum</span> <span class='ocrx_word' id='word_1_571' title='bbox 609 5110 663 5170; x_wconf 87' lang='lat' dir='ltr'>est,</span> <span class='ocrx_word' id='word_1_572' title='bbox 679 5107 734 5160; x_wconf 89' lang='lat' dir='ltr'>etc.</span> <span class='ocrx_word' id='word_1_573' title='bbox 760 5103 930 5162; x_wconf 87' lang='lat' dir='ltr'>Prudentius</span> <span class='ocrx_word' id='word_1_574' title='bbox 947 5106 1147 5172; x_wconf 60' lang='lat' dir='ltr'>Heptastadion</span> <span class='ocrx_word' id='word_1_575' title='bbox 1201 5113 1232 5163; x_wconf 91' lang='lat' dir='ltr'>ut</span> <span class='ocrx_word' id='word_1_576' title='bbox 1247 5105 1410 5179; x_wconf 87' lang='lat' dir='ltr'>impleretur</span> <span class='ocrx_word' id='word_1_577' title='bbox 1425 5107 1454 5162; x_wconf 91' lang='lat' dir='ltr'>in</span> <span class='ocrx_word' id='word_1_578' title='bbox 1470 5121 1515 5176; x_wconf 89' lang='lat' dir='ltr'>eo,</span> <span class='ocrx_word' id='word_1_579' title='bbox 1530 5107 1605 5181; x_wconf 86' lang='lat' dir='ltr'>qnod</span> <span class='ocrx_word' id='word_1_580' title='bbox 1626 5109 1713 5167; x_wconf 88' lang='lat' dir='ltr'>modo</span> <span class='ocrx_word' id='word_1_581' title='bbox 1727 5109 1755 5166; x_wconf 92' lang='lat' dir='ltr'>in</span> <span class='ocrx_word' id='word_1_582' title='bbox 1773 5113 1935 5185; x_wconf 81' lang='lat' dir='ltr'>Evangelio</span> <span class='ocrx_word' id='word_1_583' title='bbox 1950 5129 2003 5172; x_wconf 87' lang='lat' dir='ltr'>su·</span> 
     </span>
     <span class='ocr_line' id='line_1_51' title="bbox 305 5169 2005 5253; baseline 0.009 -26"><span class='ocrx_word' id='word_1_584' title='bbox 305 5227 308 5236; x_wconf 79' lang='grc'><strong>,</strong></span> <span class='ocrx_word' id='word_1_585' title='bbox 348 5169 456 5242; x_wconf 77' lang='lat' dir='ltr'>hymno</span> <span class='ocrx_word' id='word_1_586' title='bbox 478 5171 505 5239; x_wconf 76' lang='lat'>2,</span> <span class='ocrx_word' id='word_1_587' title='bbox 526 5187 601 5230; x_wconf 87' lang='lat' dir='ltr'>vers.</span> <span class='ocrx_word' id='word_1_588' title='bbox 629 5173 682 5230; x_wconf 83' lang='lat' dir='ltr'>:tet</span> <span class='ocrx_word' id='word_1_589' title='bbox 706 5171 743 5229; x_wconf 91' lang='lat' dir='ltr'>ad</span> <span class='ocrx_word' id='word_1_590' title='bbox 767 5173 820 5231; x_wconf 78' lang='lat'>408</span> <span class='ocrx_word' id='word_1_591' title='bbox 845 5177 945 5232; x_wconf 90' lang='lat' dir='ltr'>canit:</span> <span class='ocrx_word' id='word_1_592' title='bbox 964 5197 975 5226; x_wconf 83' lang='grc' dir='ltr'><strong><em>ι</em></strong></span> <span class='ocrx_word' id='word_1_593' title='bbox 993 5173 1167 5249; x_wconf 86' lang='lat' dir='ltr'>Postquam&#39;</span> <span class='ocrx_word' id='word_1_594' title='bbox 1202 5175 1327 5234; x_wconf 88' lang='lat' dir='ltr'>divimus</span> <span class='ocrx_word' id='word_1_595' title='bbox 1342 5193 1349 5234; x_wconf 93' lang='lat'>:</span> <span class='ocrx_word' id='word_1_596' title='bbox 1364 5177 1396 5234; x_wconf 92' lang='lat' dir='ltr'>ln</span> <span class='ocrx_word' id='word_1_597' title='bbox 1414 5177 1550 5248; x_wconf 87' lang='lat' dir='ltr'>patientia</span> <span class='ocrx_word' id='word_1_598' title='bbox 1576 5187 1668 5238; x_wconf 84' lang='lat' dir='ltr'>vestra</span> <span class='ocrx_word' id='word_1_599' title='bbox 1689 5179 1872 5253; x_wconf 89' lang='lat' dir='ltr'>possidebitis</span> <span class='ocrx_word' id='word_1_600' title='bbox 1889 5185 2005 5242; x_wconf 87' lang='lat' dir='ltr'>animas</span> 
     </span>
     <span class='ocr_line' id='line_1_52' title="bbox 347 5241 2004 5324; baseline 0.008 -26"><span class='ocrx_word' id='word_1_601' title='bbox 347 5257 437 5315; x_wconf 86' lang='lat' dir='ltr'>vapor</span> <span class='ocrx_word' id='word_1_602' title='bbox 451 5241 578 5300; x_wconf 90' lang='lat' dir='ltr'>diutinus</span> <span class='ocrx_word' id='word_1_603' title='bbox 592 5243 709 5300; x_wconf 87' lang='lat' dir='ltr'>Decoxit</span> <span class='ocrx_word' id='word_1_604' title='bbox 728 5252 858 5302; x_wconf 88' lang='lat' dir='ltr'>exustum</span> <span class='ocrx_word' id='word_1_605' title='bbox 876 5247 961 5313; x_wconf 88' lang='lat' dir='ltr'>latus,</span> <span class='ocrx_word' id='word_1_606' title='bbox 979 5247 1056 5304; x_wconf 84' lang='lat' dir='ltr'>Ultro</span> <span class='ocrx_word' id='word_1_607' title='bbox 1071 5262 1145 5306; x_wconf 90' lang='lat' dir='ltr'>eca-</span> <span class='ocrx_word' id='word_1_608' title='bbox 1201 5253 1321 5305; x_wconf 85' lang='lat' dir='ltr'>vestras.</span> <span class='ocrx_word' id='word_1_609' title='bbox 1338 5248 1468 5320; x_wconf 81' lang='lat' dir='ltr'>benique</span> <span class='ocrx_word' id='word_1_610' title='bbox 1482 5249 1598 5307; x_wconf 86' lang='lat' dir='ltr'>damma</span> <span class='ocrx_word' id='word_1_611' title='bbox 1610 5259 1700 5318; x_wconf 90' lang='lat' dir='ltr'>ustus,</span> <span class='ocrx_word' id='word_1_612' title='bbox 1712 5250 1762 5308; x_wconf 91' lang='lat' dir='ltr'>sed</span> <span class='ocrx_word' id='word_1_613' title='bbox 1778 5255 1917 5324; x_wconf 89' lang='lat' dir='ltr'>patientia</span> <span class='ocrx_word' id='word_1_614' title='bbox 1929 5262 2004 5312; x_wconf 82' lang='lat' dir='ltr'>tran·</span> 
     </span>
     <span class='ocr_line' id='line_1_53' title="bbox 347 5311 2004 5398; baseline 0.008 -29"><span class='ocrx_word' id='word_1_615' title='bbox 347 5317 420 5370; x_wconf 87' lang='lat' dir='ltr'>tasta</span> <span class='ocrx_word' id='word_1_616' title='bbox 442 5311 568 5385; x_wconf 82' lang='lat' dir='ltr'>jndicem</span> <span class='ocrx_word' id='word_1_617' title='bbox 584 5313 749 5396; x_wconf 56' lang='lat' dir='ltr'>geompellat</span> <span class='ocrx_word' id='word_1_618' title='bbox 778 5315 866 5373; x_wconf 89' lang='lat' dir='ltr'>allatu</span> <span class='ocrx_word' id='word_1_619' title='bbox 893 5316 983 5374; x_wconf 88' lang='lat' dir='ltr'>brevi.</span> <span class='ocrx_word' id='word_1_620' title='bbox 1008 5319 1149 5376; x_wconf 86' lang='lat' dir='ltr'>Converte</span> <span class='ocrx_word' id='word_1_621' title='bbox 1202 5318 1305 5391; x_wconf 86' lang='lat' dir='ltr'>quillus</span> <span class='ocrx_word' id='word_1_622' title='bbox 1321 5332 1328 5374; x_wconf 93' lang='lat'>:</span> <span class='ocrx_word' id='word_1_623' title='bbox 1344 5319 1418 5388; x_wconf 84' lang='lat' dir='ltr'>lam,</span> <span class='ocrx_word' id='word_1_624' title='bbox 1434 5319 1534 5392; x_wconf 85' lang='lat' dir='ltr'>inquit,</span> <span class='ocrx_word' id='word_1_625' title='bbox 1555 5326 1667 5380; x_wconf 87' lang='lat' dir='ltr'>coctum</span> <span class='ocrx_word' id='word_1_626' title='bbox 1683 5329 1744 5391; x_wconf 89' lang='lat' dir='ltr'>est;</span> <span class='ocrx_word' id='word_1_627' title='bbox 1761 5322 1837 5394; x_wconf 89' lang='lat' dir='ltr'>quod</span> <span class='ocrx_word' id='word_1_628' title='bbox 1859 5335 2004 5398; x_wconf 81' lang='lat' dir='ltr'>superest,</span> 
     </span>
     <span class='ocr_line' id='line_1_54' title="bbox 347 5385 2006 5466; baseline 0.008 -26"><span class='ocrx_word' id='word_1_629' title='bbox 347 5391 457 5456; x_wconf 88' lang='lat' dir='ltr'>partem</span> <span class='ocrx_word' id='word_1_630' title='bbox 479 5397 608 5466; x_wconf 80' lang='lat' dir='ltr'>corporis</span> <span class='ocrx_word' id='word_1_631' title='bbox 629 5385 704 5442; x_wconf 82' lang='lat' dir='ltr'>Satis</span> <span class='ocrx_word' id='word_1_632' title='bbox 727 5394 883 5444; x_wconf 89' lang='lat' dir='ltr'>crematam</span> <span class='ocrx_word' id='word_1_633' title='bbox 905 5387 1022 5460; x_wconf 82' lang='lat' dir='ltr'>jugiter.</span> <span class='ocrx_word' id='word_1_634' title='bbox 1045 5391 1080 5446; x_wconf 88' lang='lat' dir='ltr'>Et</span> <span class='ocrx_word' id='word_1_635' title='bbox 1103 5388 1149 5447; x_wconf 87' lang='lat' dir='ltr'>lac</span> <span class='ocrx_word' id='word_1_636' title='bbox 1202 5397 1315 5446; x_wconf 89' lang='lat' dir='ltr'>versate</span> <span class='ocrx_word' id='word_1_637' title='bbox 1336 5404 1394 5458; x_wconf 88' lang='lat' dir='ltr'>mc,</span> <span class='ocrx_word' id='word_1_638' title='bbox 1418 5397 1447 5446; x_wconf 90' lang='lat' dir='ltr'>et</span> <span class='ocrx_word' id='word_1_639' title='bbox 1475 5391 1656 5448; x_wconf 86' lang='lat' dir='ltr'>manducate.</span> <span class='ocrx_word' id='word_1_640' title='bbox 1673 5413 1684 5443; x_wconf 73' lang='grc' dir='ltr'><strong><em>ι</em></strong></span> <span class='ocrx_word' id='word_1_641' title='bbox 1703 5393 1785 5462; x_wconf 81' lang='lat' dir='ltr'>ilinc,</span> <span class='ocrx_word' id='word_1_642' title='bbox 1804 5393 1843 5452; x_wconf 78' lang='lat' dir='ltr'>in.</span> <span class='ocrx_word' id='word_1_643' title='bbox 1867 5397 2006 5454; x_wconf 86' lang='lat' dir='ltr'>secundis</span> 
     </span>
    </p>
   </div>
   <div class='ocr_carea' id='block_1_10' title="bbox 260 5455 2003 5532">
    <p class='ocr_par' dir='ltr' id='par_1_12' title="bbox 260 5455 2003 5532">
     <span class='ocr_line' id='line_1_55' title="bbox 260 5455 2003 5532; baseline 0.011 -23"><span class='ocrx_word' id='word_1_644' title='bbox 260 5499 263 5509; x_wconf 88' lang='lat'>.</span> <span class='ocrx_word' id='word_1_645' title='bbox 385 5455 495 5522; x_wconf 84' lang='lat' dir='ltr'>riclam,</span> <span class='ocrx_word' id='word_1_646' title='bbox 509 5469 576 5525; x_wconf 85' lang='lat' dir='ltr'>quta</span> <span class='ocrx_word' id='word_1_647' title='bbox 594 5462 659 5512; x_wconf 89' lang='lat' dir='ltr'>tuus</span> <span class='ocrx_word' id='word_1_648' title='bbox 674 5457 820 5515; x_wconf 86' lang='lat' dir='ltr'>Vulcanus</span> <span class='ocrx_word' id='word_1_649' title='bbox 835 5455 939 5516; x_wconf 87' lang='lat' dir='ltr'>ardens</span> <span class='ocrx_word' id='word_1_650' title='bbox 951 5460 1053 5532; x_wconf 88' lang='lat' dir='ltr'>egerit.</span> <span class='ocrx_word' id='word_1_651' title='bbox 1070 5463 1145 5518; x_wconf 84' lang='lat' dir='ltr'>Prsa-</span> <span class='ocrx_word' id='word_1_652' title='bbox 1202 5459 1337 5532; x_wconf 87' lang='lat' dir='ltr'>vesperis</span> <span class='ocrx_word' id='word_1_653' title='bbox 1356 5461 1431 5518; x_wconf 84' lang='lat' dir='ltr'>Festi</span> <span class='ocrx_word' id='word_1_654' title='bbox 1444 5462 1472 5519; x_wconf 90' lang='lat' dir='ltr'>S.</span> <span class='ocrx_word' id='word_1_655' title='bbox 1494 5463 1639 5521; x_wconf 88' lang='lat' dir='ltr'>Laurentii</span> <span class='ocrx_word' id='word_1_656' title='bbox 1654 5464 1731 5522; x_wconf 89' lang='lat' dir='ltr'>canit</span> <span class='ocrx_word' id='word_1_657' title='bbox 1746 5464 1873 5524; x_wconf 85' lang='lat' dir='ltr'>Ecclesia</span> <span class='ocrx_word' id='word_1_658' title='bbox 1890 5484 1897 5525; x_wconf 93' lang='lat'>:</span> <span class='ocrx_word' id='word_1_659' title='bbox 1914 5470 2003 5528; x_wconf 81' lang='lat' dir='ltr'>Assa·</span> 
     </span>
    </p>
   </div>
   <div class='ocr_carea' id='block_1_11' title="bbox 358 5525 1718 5620">
    <p class='ocr_par' dir='ltr' id='par_1_13' title="bbox 358 5525 1718 5620">
     <span class='ocr_line' id='line_1_56' title="bbox 358 5525 1718 5620; baseline 0.007 -36"><span class='ocrx_word' id='word_1_660' title='bbox 358 5533 439 5584; x_wconf 87' lang='lat' dir='ltr'>ectus</span> <span class='ocrx_word' id='word_1_661' title='bbox 455 5525 559 5582; x_wconf 88' lang='lat' dir='ltr'>inverti</span> <span class='ocrx_word' id='word_1_662' title='bbox 569 5525 746 5598; x_wconf 77' lang='lat' dir='ltr'>jubetlunc</span> <span class='ocrx_word' id='word_1_663' title='bbox 759 5527 821 5586; x_wconf 89' lang='lat' dir='ltr'>ille:</span> <span class='ocrx_word' id='word_1_664' title='bbox 833 5529 949 5586; x_wconf 79' lang='lat' dir='ltr'>coctum</span> <span class='ocrx_word' id='word_1_665' title='bbox 964 5529 1147 5601; x_wconf 88' lang='lat' dir='ltr'>est,devora;</span> <span class='ocrx_word' id='word_1_666' title='bbox 1202 5537 1261 5589; x_wconf 88' lang='lat' dir='ltr'>tum</span> <span class='ocrx_word' id='word_1_667' title='bbox 1278 5537 1331 5601; x_wconf 88' lang='lat' dir='ltr'>est,</span> <span class='ocrx_word' id='word_1_668' title='bbox 1344 5531 1403 5604; x_wconf 78' lang='lat' dir='ltr'>iam</span> <span class='ocrx_word' id='word_1_669' title='bbox 1420 5547 1513 5602; x_wconf 87' lang='lat' dir='ltr'>versa,</span> <span class='ocrx_word' id='word_1_670' title='bbox 1527 5541 1555 5591; x_wconf 84' lang='lat' dir='ltr'>et</span> <span class='ocrx_word' id='word_1_671' title='bbox 1568 5533 1718 5620; x_wconf 81' lang='lat' dir='ltr'>manduca.</span> 
     </span>
    </p>
   </div>
   <div class='ocr_carea' id='block_1_12' title="bbox 227 5595 1148 5672">
    <p class='ocr_par' dir='ltr' id='par_1_14' title="bbox 227 5595 1148 5672">
     <span class='ocr_line' id='line_1_57' title="bbox 227 5595 1148 5672; baseline 0.007 -17"><span class='ocrx_word' id='word_1_672' title='bbox 227 5621 234 5626; x_wconf 97' lang='lat'>·</span> <span class='ocrx_word' id='word_1_673' title='bbox 346 5598 383 5656; x_wconf 78' lang='lat' dir='ltr'>Et</span> <span class='ocrx_word' id='word_1_674' title='bbox 396 5595 625 5672; x_wconf 82' lang='lat' dir='ltr'>experimentum</span> <span class='ocrx_word' id='word_1_675' title='bbox 641 5611 722 5670; x_wconf 89' lang='lat' dir='ltr'>cape,</span> <span class='ocrx_word' id='word_1_676' title='bbox 739 5598 777 5654; x_wconf 89' lang='lat' dir='ltr'>sit</span> <span class='ocrx_word' id='word_1_677' title='bbox 788 5597 906 5657; x_wconf 87' lang='lat' dir='ltr'>crudum</span> <span class='ocrx_word' id='word_1_678' title='bbox 921 5615 956 5658; x_wconf 88' lang='lat' dir='ltr'>an</span> <span class='ocrx_word' id='word_1_679' title='bbox 970 5615 1065 5660; x_wconf 91' lang='lat' dir='ltr'>assum</span> <span class='ocrx_word' id='word_1_680' title='bbox 1086 5617 1148 5660; x_wconf 86' lang='lat' dir='ltr'>sua-</span> 
     </span>
    </p>
   </div>
   <div class='ocr_carea' id='block_1_13' title="bbox 0 0 2096 6405">
    <p class='ocr_par' dir='ltr' id='par_1_15' title="bbox 0 0 2096 6405">
     <span class='ocr_line' id='line_1_58' title="bbox 0 0 2096 6405; baseline 0 0"><span class='ocrx_word' id='word_1_681' title='bbox 0 0 2096 6405; x_wconf 95' lang='lat' dir='ltr'> </span> 
     </span>
    </p>
   </div>
  </div>
 </body>
</html>
