4226 6406
142 263 207 324 429

142 418 277 478 celibem
290 420 379 478 vitam
394 429 523 496 egentes,
539 421 641 482 eodem
657 425 703 484 die
717 425 802 484 ambo
822 425 940 486 feliciter

144 507 185 565 ad
197 508 351 567 Dominum
364 509 560 584 migraverant
571 512 620 584 (Ι).

405 674 611 766 rnornmn't
628 708 677 766 xr.

206 833 441 910 Simpuluritatem
460 845 485 898 et
504 841 675 913 bppoerisim
694 843 725 898 in
743 842 882 914 Relipioso

324 929 430 986 malam
448 943 506 986 esse
523 933 549 988 et
564 931 761 1001 perniciosam.

183 1061 282 1119 Frater
306 1059 423 1134 quidam
446 1070 517 1133 erat,
543 1071 680 1136 quantum
706 1065 832 1123 exterius
858 1064 936 1122 vidc-

646 269 754 330 PARS
779 270 947 340 QUINTA.
963 301 1003 318 ·-
1022 275 1286 338 PROPHE'I'IAE.

1727 283 1787 342 430

992 431 1071 502 iaxta
1089 435 1181 490 sancti
1204 435 1256 492 viri
1277 433 1454 507 prophetiam
1478 435 1506 491 ln
1527 433 1612 493 iureis
1637 437 1740 494 misere
1759 446 1787 494 et

902 515 904 520 ’
994 519 1098 591 tupiter
1112 520 1188 578 diem
1200 523 1303 580 clausit
1315 530 1472 580 extremum
1486 525 1537 598 (i).

1130 671 1162 728 Β.
1183 673 1213 729 Ρ.
1238 673 1424 734 FRANClSCl
1450 676 1663 734 Pammenia.

1029 785 1164 856 liapnnm
1176 786 1206 842 in
1222 787 1350 843 Ecclesia
1365 788 1486 846 soliisma
1500 793 1525 846 et
1538 789 1750 848 tribulationem

1319 874 1460 943 suturam.

1029 977 1117 1034 Paulo
1133 983 1198 1034 ante
1213 985 1334 1036 mortem
1349 982 1514 1038 convocatis
1530 979 1670 1051 iratribus,
1686 983 1722 1040 dc
1743 984 1788 1041 tri·

994 1063 1185 1122 halationibus
1200 1065 1300 1124 iuturis
1315 1082 1365 1124 eos
1380 1067 1537 1138 admonuit,
1553 1069 1668 1128 dicens:
1688 1073 1784 1130 rViri·

141 1149 244 1220 batur‚
264 1151 414 1208 sanctitate
438 1154 602 1224 praelarus,
627 1155 844 1212 conversatione
868 1155 937 1211 insi·
993 1151 1057 1210 liter
1072 1153 1159 1226 agite,
1176 1153 1287 1226 iratres,
1310 1154 1520 1226 confortemini,
1532 1165 1559 1214 ct
1575 1161 1711 1216 sustinete
1730 1163 1785 1218 Dc·

143 1240 224 1312 gnis,
247 1246 345 1296 tamen
363 1239 515 1306 admodum
538 1241 702 1315 singularis,
718 1243 939 1316 omnitempore
994 1241 1113 1298 minum.
1128 1243 1233 1315 Magna
1248 1242 1438 1301 tribulationis
1461 1252 1489 1302 et
1511 1245 1671 1304 afflictionis
1687 1247 1788 1306 adessa
1847 1299 1850 1306 .

142 1327 272 1384 orationi
285 1343 403 1398 vacans,
425 1337 503 1387 tanta
525 1329 700 1389 districtione
724 1331 867 1389 silentium
887 1331 936 1388 cb·
995 1325 1129 1386 iastinant
1142 1337 1281 1403 tempora,
1295 1331 1324 1387 in
1340 1332 1442 1403 quibas
1457 1335 1651 1406 temporaliter
1661 1343 1689 1392 et
1703 1336 1786 1407 spin-

143 1414 290 1486 servabat‚
307 1415 382 1488 qnod
401 1425 592 1476 consueverat
606 1433 662 1475 non
682 1417 776 1476 verbis
799 1415 850 1475 scd
869 1417 939 1475 nati·
994 1417 1107 1474 tualiter
1131 1420 1332 1492 perplexitates
1357 1427 1385 1477 et
1410 1420 1575 1480 discrimina
1601 1423 1788 1492 inundabunt,

143 1501 200 1559 bus
213 1503 352 1561 confiteri.
377 1505 487 1563 Accidit
502 1513 595 1565 antem
618 1513 748 1565 sanctum
775 1509 887 1564 Patrem
903 1504 938 1563 ad
993 1507 1099 1564 caritas
1119 1507 1270 1564 maltorum
1294 1507 1471 1582 reirigescet,
1493 1518 1523 1567 et
1548 1511 1790 1584 superabundabit

142 1591 240 1649 iocum
263 1593 381 1663 venire,
406 1593 503 1652 videre
527 1593 652 1665 iratrem,
678 1605 706 1653 et
731 1595 766 1654 de
788 1595 849 1668 ipsa
873 1610 939 1652 cum
993 1594 1609 1670 malornminiquitas.Daemcnnmpotcstas
1628 1600 1690 1674 plns
1705 1601 1788 1658 sclito

143 1679 211 1739 aliis
225 1679 332 1740 babere
354 1697 528 1742 sermonem.
552 1683 822 1744 commendantibus
843 1691 938 1742 antem
993 1683 1127 1751 solvetur,
1139 1691 1244 1740 nostra
1260 1685 1417 1758 Religionis
1430 1694 1459 1743 et
1474 1687 1592 1744 aliarum
1609 1687 1717 1759 puritas
1732 1689 1786 1746 im·

142 1769 280 1828 omnibus
298 1778 328 1829 et
348 1773 601 1846 magnificantibus
619 1773 708 1843 illum,
734 1773 881 1846 respondit
897 1774 939 1830 vir
993 1771 1135 1828 maculata
1163 1770 1382 1842 deformabitur,
1415 1775 1445 1830 in
1474 1782 1583 1832 tantam
1614 1776 1689 1848 quod
1720 1792 1789 1834 vero

142 1858 196 1916 Dei
212 1873 245 1915 :t
267 1860 367 1930 Sinite,
391 1869 418 1919 et
440 1869 547 1935 tacete,
568 1861 680 1932 iratres,
705 1877 742 1920 ne
763 1861 833 1919 mihi
854 1863 884 1918 in
903 1877 938 1919 eo
993 1859 1111 1916 Summo
1125 1859 1256 1918 Pontifici
1277 1869 1305 1918 et
1325 1861 1460 1919 Ecclesia
1475 1863 1611 1920 Romame
1625 1865 1789 1936 pancissimi

141 1945 284 2006 diabolica
298 1948 432 2022 figmenta
443 1949 572 2009 laudetis.
587 1953 619 2008 ln
629 1953 746 2010 veritate
756 1953 852 2010 sciatis
863 1951 938 2024 qnod
992 1962 1027 2004 ex
1043 1947 1210 2006 Christianis
1222 1963 1290 2006 vera
1306 1949 1392 2006 eorda
1405 1959 1433 2007 et
1447 1951 1564 2008 caritate
1580 1951 1704 2024 perlecta
1725 1952 1790 2009 cbe-

140 2033 284 2094 diabaliea
303 2040 423 2096 tentatio
447 2047 499 2109 est,
522 2048 551 2097 et
570 2039 701 2113 deceptio
716 2039 903 2098 iraudulenta.
924 2061 934 2092 ι
992 2033 1091 2092 dient:
1112 2036 1221 2108 Aliquis
1239 2051 1296 2093 non
1321 2038 1460 2094 cononice
1475 2035 1593 2106 electus,
1617 2040 1647 2096 in
1671 2040 1789 2097 articulo

141 2127 220 2183 Dure
235 2123 291 2184 hoc
306 2135 478 2200 acceperunt
502 2126 612 2198 iratres,
633 2137 780 2202 tamqnam
802 2129 936 2202 impossi-
993 2121 1183 2186 tribulationis
1198 2125 1272 2181 illins
1295 2123 1329 2180 ad
1349 2127 1487 2197 Papatnm
1503 2134 1676 2198 assumptus,
1693 2129 1789 2186 nrultis

139 2212 199 2271 bile
226 2213 403 2288 judicantes,
434 2217 509 2290 quad
537 2225 578 2275 tot
613 2217 796 2292 perlectionis
824 2217 937 2275 indiciis
993 2218 1113 2267 mortem
1129 2212 1172 2268 sui
1188 2213 1292 2270 erroris
1307 2215 1465 2286 sagacitate
1478 2216 1630 2286 propinare
1646 2216 1785 2274 molietur.

140 2299 252 2358 itandis
271 2317 303 2359 se
323 2311 485 2361 commenta
511 2303 663 2363 fuscarent,
677 2307 783 2366 Verum
802 2321 858 2362 non
873 2312 937 2379 post
992 2301 1071 2358 Tullo
1087 2301 1347 2374 multiplicabuntur
1366 2301 1512 2372 scandala,
1536 2310 1638 2394 nostra(
1647 2304 1787 2362 dividetur

140 2390 250 2447 maltos
273 2391 345 2460 dies,
372 2406 407 2449 eo
427 2393 606 2466 Religionem
631 2409 766 2467 egresso,
790 2394 937 2452 evidenter
993 2389 1114 2461 Religio,
1123 2389 1217 2460 plures
1230 2404 1265 2445 ex
1281 2389 1343 2448 aliis
1355 2388 1657 2463 omninoirangentnr‚
1667 2408 1702 2449 co
1712 2393 1786 2464 quad

140 2479 286 2552 apparuit,
300 2489 404 2552 quanta
422 2481 575 2540 luculentia
598 2483 741 2540 interioris
756 2483 874 2542 intuitus
893 2485 936 2542 vir
992 2491 1048 2533 ¹¹0ss
1071 2477 1276 2548 0001l8dl⁰0ss12
1306 2475 1356 2535 ⁸0⁴1
1377 2479 1557 2536 ⁰0ss80¹¹ss⁰¹11
1578 2478 1676 2537 ⁰f1'0rl·
1695 2484 1786 2538 Erunt

139 2569 195 2626 Dei
207 2567 303 2626 cordis
318 2570 381 2642 ejus
391 2577 499 2630 secreta
513 2574 657 2647 perspexit
671 2572 721 2644 (l).

395 2777 600 2838 PROPHETlA
617 2779 682 2837 XII.

173 2909 356 2969 cardinalem
370 2912 521 2969 Ostiensem
533 2913 564 2968 in
577 2914 686 2986 Papam
696 2914 904 2972 assumendum.

175 3053 330 3112 Dominum
352 3055 537 3128 lingendum,
559 3055 734 3115 cardinalem
761 3057 933 3126 Ostiensem,

138 3154 206 3198 cum
222 3155 279 3214 quo
297 3149 361 3200 eret
384 3159 497 3201 summa
521 3144 731 3202 necessitudine
754 3145 933 3218 conjunctus,

140 3229 272 3302 predixit
291 3232 434 3290 multoties
453 3233 483 3290 in
506 3235 646 3307 Papatnm
666 3234 887 3304 sublimandum,
904 3235 933 3291 in

138 3319 274 3378 omnbus
287 3321 427 3390 litterulis,
440 3336 511 3395 qaas
523 3322 559 3380 ad
574 3338 638 3380 enm
649 3322 799 3397 dirigebat,
809 3324 934 3396 prescri-

139 3408 242 3468 bens:
270 3411 376 3468 Fntaro
402 3411 479 3468 Patri
503 3412 644 3481 Gentium,
675 3419 704 3469 et
725 3412 879 3470 venerabili
904 3412 933 3469 in

139 3497 252 3557 Christo
277 3499 403 3557 Antistiti
418 3500 503 3557 totius
528 3499 637 3568 mundi,
660 3507 728 3570 ete,
756 3501 830 3574 quod
849 3503 933 3558 atrei

139 3585 322 3644 confirmavit
331 3595 462 3658 eventus,
479 3603 545 3646 nam
559 3589 684 3647 Honorio
699 3591 749 3658 ΙΙΙ,
770 3591 800 3646 in
814 3589 929 3647 Pontid-

138 3681 204 3733 cata
217 3677 365 3747 successit,
377 3683 405 3734 et
421 3677 576 3750 Gregorius
594 3679 635 3736 IX
650 3686 693 3735 est
705 3679 862 3750 appellatus
878 3677 930 3752 (3).

382 3883 588 3942 Pnornnmn
608 3885 687 3942 xlii.

272 4015 413 4073 ordiinum
424 4020 567 4087 apostatas
581 4017 655 4075 nmle
668 4017 795 4075 iraterire.

172 4161 243 4219 Cum
267 4173 318 4232 per
332 4159 464 4231 Apuliam
482 4165 664 4234 peragrarat,
690 4160 806 4218 obviam
834 4159 932 4219 babuit

137 4247 292 4324 qnamdam
315 4249 360 4306 sui
381 4247 494 4306 Ordinis
515 4256 685 4321 apostatam,
712 4251 759 4321 qai
784 4248 819 4308 ad
840 4252 931 4308 sancti

138 4337 192 4394 viri
207 4337 295 4411 pedes
307 4351 339 4394 se
363 4336 492 4410 projecit,
511 4345 540 4394 et
561 4339 712 4410 apostasia
726 4339 841 4396 veniam
854 4340 933 4412 petiit

137 4425 293 4485 humiliter.
305 4425 355 4485 Cui
365 4425 464 4484 beatus
474 4427 557 4484 Pater
569 4425 663 4484 iaceas
675 4441 691 4483 e
702 4427 820 4500 regione
829 4429 857 4485 in
870 4429 932 4486 loeo

137 4513 262 4589 quodam
277 4514 458 4572 eminentiori
470 4515 577 4589 positas
587 4513 810 4584 ostendens,ait:
826 4517 933 4576 «nodo

136 4603 278 4662 ailensam
290 4603 366 4660 bane
376 4602 425 4660 tibi
438 4602 580 4673 condono,
593 4601 628 4660 ad
642 4603 820 4677 Religionem
832 4620 929 4680 regre-

136 4693 221 4764 dere3
236 4691 286 4750 sed
306 4705 376 4750 cave
390 4691 440 4749 tibi
457 4708 463 4748 :
485 4691 599 4748 sienim
618 4692 721 4749 iterum
738 4691 865 4752 habitum
886 4709 930 4752 re·

133 4781 249 4856 jeceris,
265 4779 458 4839 antOrdinem
470 4779 585 4849 exieris,
601 4780 631 4836 in
642 4778 729 4837 iureis
740 4781 795 4838 illis
810 4797 929 4854 snspen-

136 4870 223 4930 deris.
252 4891 263 4921 s
281 4869 324 4928 Ad
349 4868 483 4926 Ordinem
508 4866 591 4925 rediit
616 4875 755 4941 apostata,
769 4868 820 4926 sed
841 4871 869 4928 in
885 4872 932 4927 illo

134 4959 216 5018 brevi
231 4959 368 5017 remansit
383 4975 390 5015 :
404 4959 451 5015 cai
466 4957 564 5030 paucis
577 4955 676 5014 diebus
687 4965 837 5030 postquam
853 4959 930 5016 vale-

134 5046 215 5117 dixit,
242 5045 377 5103 delictum
401 5043 515 5117 aliquod
540 5044 692 5115 commisit,
718 5051 832 5118 propter
858 5045 933 5119 qaod

189 5190 202 5244 Ι
237 5189 320 5256 non,
337 5184 417 5256 ibid,
434 5193 499 5260 post
517 5184 593 5243 med.

184 5260 201 5316 Ξ
234 5261 317 5327 Bon,
342 5257 393 5328 ib,
412 5271 513 5330 parum
534 5265 599 5316 ante
625 5257 728 5328 linem;
755 5261 785 5315 Ι).
812 5259 929 5328 Antan„

134 5331 177 5389 111
211 5372 230 5400 .,
245 5330 331 5398 illst,
347 5331 389 5386 tit.
405 5329 451 5398 23,
467 5343 492 5385 c.
507 5329 532 5395 2,
547 5329 562 5402 g
578 5331 602 5385 Ι.

172 5347 208 5472 (R
230 5401 338 5469 lisam,
349 5399 398 5482 lib.
410 5402 448 5463 ΙΙ,
465 5399 609 5471 Consorm.
626 5399 651 5457 d.

171 5473 201 5542 (li
230 5472 340 5540 Pisae,
355 5471 404 5527 bb.
421 5472 457 5538 ll,
470 5471 550 5542 Cous.
563 5471 590 5527 6.

185 5544 214 5612 5)
231 5542 306 5600 Psal.
324 5541 369 5610 36,
386 5543 430 5600 lt.

172 5545 213 5682 Ab)
228 5613 362 5681 Pisan.,l.
376 5614 414 5682 ΙΙ,
428 5613 508 5682 conl.
523 5612 539 5668 6
546 5612 661 5681 ‚·Rlarc.,
676 5614 686 5669 Ι
701 5611 873 5684 p.,lib.ll,c.
885 5614 928 5670 27.

991 2565 1141 2638 opiniones
1168 2573 1198 2623 et
1222 2566 1377 2624 schismata
1393 2575 1434 2625 tot
1457 2574 1486 2623 et
1513 2575 1590 2625 tanta
1621 2570 1648 2624 in
1669 2570 1784 2642 populo,

990 2661 1019 2711 et
1044 2654 1072 2711 in
1096 2654 1249 2728 religiosis,
1276 2662 1306 2712 et
1329 2656 1358 2711 in
1377 2655 1492 2725 clerico,
1511 2657 1587 2729 qnod
1608 2657 1663 2714 nisi
1683 2657 1783 2715 abbre-

990 2744 1134 2801 viarentur
1166 2743 1227 2800 dies
1256 2741 1296 2801 illi
1326 2745 1405 2816 juxta
1431 2743 1552 2802 verbum
1578 2747 1784 2820 Evangelicum

991 2831 1033 2905 (si
1053 2831 1114 2890 irari
1134 2832 1246 2907 posset)
1273 2834 1302 2889 in
1329 2848 1454 2890 errorem
1477 2833 1677 2892 inducerentur
1700 2836 1785 2894 etiam

989 2919 1082 2989 electi,
1096 2921 1150 2978 nisi
1165 2921 1193 2976 in
1208 2928 1286 2978 tanto
1309 2920 1422 2978 turbine
1446 2936 1481 2978 ex
1503 2923 1643 2980 immensa
1667 2924 1778 2980 miseri-

989 3008 1085 3066 cordia
1100 3009 1152 3066 Dei
1167 3016 1343 3083 regerentur.
1361 3010 1470 3082 Regula
1485 3017 1514 3067 et
1524 3012 1582 3067 vita
1605 3019 1700 3068 nostra
1718 3020 1785 3069 tunc

989 3111 1005 3154 a
1032 3097 1202 3171 quibusdam
1227 3099 1364 3156 acerrime
1393 3098 1618 3171 impugnabitur.
1639 3100 1781 3174 Superve-

989 3187 1068 3244 nient
1082 3187 1254 3244 tentationes
1269 3186 1428 3243 immensa.
1444 3187 1496 3256 Qui
1513 3193 1579 3244 tnnc
1594 3185 1697 3245 inerint
1717 3204 1782 3262 pro·

988 3274 1055 3345 bati,
1071 3274 1210 3348 accipient
1223 3289 1359 3332 coronam
1371 3274 1446 3332 vitae.
1464 3277 1514 3332 Vae
1539 3282 1632 3332 autem
1657 3276 1720 3346 illis,
1736 3278 1784 3350 qui

988 3361 1023 3420 de
1038 3363 1097 3421 sola
1110 3379 1160 3436 spe
1176 3363 1323 3436 religionis
1337 3362 1438 3420 confisi
1453 3371 1611 3436 tepescens,
1628 3379 1685 3422 non
1696 3367 1781 3422 resis-

988 3456 1049 3509 tent
1072 3458 1236 3508 constanter
1263 3449 1487 3522 tentationibus,
1516 3451 1552 3508 ad
1584 3453 1782 3524 probationem

987 3539 1142 3597 electorum
1156 3539 1312 3612 permissis.
1327 3539 1379 3608 Qui
1394 3554 1462 3596 vero
1477 3541 1578 3612 spiritu
1596 3539 1738 3598 lerventes
1749 3558 1783 3598 en

987 3628 1105 3685 caritate
1118 3634 1147 3684 et
1165 3627 1226 3685 zela
1244 3629 1371 3684 veritatis
1391 3626 1580 3684 adheredant
1593 3629 1701 3700 pietati,
1718 3637 1780 3686 tan·

987 3730 1072 3788 quam
1088 3715 1286 3772 inobedientes
1301 3723 1328 3772 et
1342 3714 1517 3772 schismatici
1527 3717 1740 3786 persecutiones
1754 3726 1782 3775 at

987 3803 1106 3877 injurias
1120 3803 1309 3860 sustiuebuut.
1326 3804 1399 3861 Nam
1413 3811 1618 3874 persequentes
1631 3819 1705 3862 cosa
1718 3820 1778 3862 ma·

986 3893 1074 3965 lignis
1088 3891 1233 3964 spiritibus
1249 3892 1359 3964 agitati,
1379 3905 1517 3962 magnum
1533 3907 1598 3949 esse
1613 3893 1781 3966 obsequium

986 3980 1039 4038 Dei
1051 3979 1156 4050 dicent,
1173 3987 1231 4038 tam
1250 3979 1416 4054 pestilentes
1429 3979 1561 4037 homines
1580 3982 1739 4040 interlicere
1754 3993 1782 4040 et

986 4067 1081 4126 delere
1094 4067 1130 4126 de
1145 4075 1229 4126 terra.
1242 4069 1303 4126 Erit
1322 4076 1418 4126 autem
1433 4075 1501 4125 tnnc
1516 4068 1658 4142 reiuginm
1670 4069 1782 4130 aidictia

987 4159 1136 4228 Dominus,
1148 4165 1177 4215 ct
1185 4157 1373 4226 salvabiteos,
1381 4158 1640 4231 qniasperavernnt
1648 4161 1677 4216 in
1687 4162 1781 4234 eald).

987 4249 1021 4303 Et
1033 4254 1064 4303 ut
1074 4261 1126 4305 suo
1134 4247 1220 4319 capiti
1234 4245 1459 4315 coniormentnr,
1467 4246 1635 4306 fiducialiter
1645 4258 1743 4324 agent,
1755 4259 1784 4308 et

987 4342 1182 4407 permortem,
1196 4335 1284 4392 vitam
1308 4343 1470 4392 mercantes
1491 4343 1639 4406 eternam,
1666 4339 1782 4397 obedire

989 4427 1048 4483 lieo
1061 4425 1155 4497 magis
1172 4437 1258 4496 quam
1281 4423 1445 4480 bominibus
1459 4423 1582 4497 eligent3
1607 4433 1635 4483 ct
1649 4435 1781 4496 mortem,

988 4514 1117 4570 nolentes
1139 4511 1301 4569 consentire
1317 4509 1430 4570 ialsitati
1452 4518 1482 4568 et
1500 4512 1636 4584 perildiae,
1661 4513 1780 4572 nullate·

987 4616 1042 4659 nus
1056 4599 1258 4658 iormidabunt.
1271 4601 1384 4660 Veritas
1398 4609 1466 4656 tnnc
1485 4616 1501 4656 a
1523 4601 1692 4672 quibasdam
1708 4617 1780 4674 prra-

987 4688 1160 4746 dicetoribas
1172 4689 1314 4761 operietur
1330 4688 1455 4755 silentiu,
1476 4686 1512 4745 ab
1532 4688 1595 4744 aliis
1615 4690 1781 4748 conculcata
1868 4680 1871 4688 ⁴

988 4777 1149 4850 negabitur.
1166 4778 1238 4835 Vita
1252 4776 1391 4833 sanctitas
1405 4790 1421 4832 a
1437 4776 1496 4831 suis
1510 4774 1717 4847 proiessoribus
1729 4778 1780 4835 ba·

987 4866 1098 4924 bebitur
1112 4864 1141 4922 in
1157 4863 1293 4932 derisum,
1316 4877 1405 4935 quare
1420 4861 1540 4935 dignum
1556 4878 1612 4920 non
1626 4873 1781 4936 pastorem,

987 4951 1038 5011 sed
1063 4953 1315 5011 exterminatorem
1336 4952 1429 5008 mittet
1451 4951 1507 5008 illis
1533 4953 1672 5011 Dominus
1699 4957 1782 5013 lesus

987 5042 1139 5101 Christus»
1162 5041 1216 5114 (6).

988 5185 1086 5240 Plures
1099 5181 1134 5240 de
1155 5181 1210 5240 bac
1225 5181 1375 5254 Propbetia
1401 5189 1532 5250 tractant,
1550 5183 1623 5241 intcr
1640 5200 1711 5258 qnos
1724 5203 1780 5244 nan

987 5261 1109 5323 constat,
1131 5267 1167 5310 an
1180 5253 1240 5326 jam
1253 5254 1393 5324 completa
1406 5255 1452 5322 sit,
1467 5269 1503 5310 an
1519 5269 1585 5311 vero
1601 5255 1694 5313 adbuc
1707 5271 1783 5315 cam·

988 5325 1100 5398 pienda.
1116 5326 1228 5382 Marcus
1241 5324 1455 5396 Ulyssipcnens.
1464 5326 1511 5381 cit.
1522 5333 1550 5380 ct
1562 5325 1620 5395 alii,
1630 5326 1674 5382 bis
1688 5331 1781 5386 vcrbis

988 5395 1153 5469 praedixisse
1164 5396 1256 5451 virum
1266 5396 1476 5452 lleivuluntrnn
1503 5397 1645 5453 n‘nrmillnd
1655 5398 1780 5456 schisma

987 5467 1182 5597 qnodigygnit
1209 5475 1271 5538 post
1296 5467 1464 5524 electionem
1514 5467 1594 5524 rbnni
1616 5471 1663 5536 Vl,
1677 5469 1711 5526 ad
1727 5485 1776 5525 arr-

987 5553 1055 5596 num
1143 5581 1148 5592 .
