4184 6410
319 623 465 856 S.
543 613 1150 854 ANTONH
1246 616 1894 858 PADUANI

711 1099 1092 1267 OPERA

1174 1099 1545 1270 OMNIA

865 1835 1068 1962 PARS
1113 1837 1391 1965 PRIMA.

759 2289 1071 2378 expostulo
1117 2292 1183 2379 IN
1228 2221 1503 2386 PSALMOS:

900 2492 978 2544 Juxta
989 2491 1128 2544 hrrceuror
1141 2493 1203 2544 edit.
1215 2508 1276 2546 anu.
1290 2495 1359 2549 llll.

337 2687 427 2748 Primi,
439 2692 465 2738 et
478 2686 583 2738 alterius
592 2686 620 2738 in
630 2687 740 2752 priorem
752 2686 883 2738 Psalmum
897 2687 1031 2746 sermonis,
1042 2701 1100 2738 cum

306 2773 411 2832 uterqm
429 2767 457 2816 in
476 2767 649 2831 autographo,
669 2772 699 2816 ut
718 2765 840 2824 diximus,
859 2765 1024 2824 desideretur,
1047 2765 1102 2818 sols

306 2851 443 2911 supersunt
453 2851 612 2910 argumenta,
622 2846 650 2896 in
660 2847 727 2896 cales
737 2845 849 2908 ejusdem
861 2845 960 2896 tiodiem
969 2845 1099 2906 distincte,

305 2931 333 2975 et
345 2923 460 2976 ordinate
471 2923 604 2992 dispositu,
614 2939 672 2990 que
683 2923 724 2974 hic
735 2923 893 2974 exhibemus.

579 3157 791 3219 SERMONIS
813 3157 838 3217 1.

612 3291 793 3329 incursuro!-

308 3391 461 3464 Detripliei
483 3391 558 3450 nrala
581 3392 732 3465 sapientia,
744 3392 852 3449 scilieet
870 3391 979 3462 mundi,
992 3393 1097 3462 carnis,

342 3480 462 3551 diaholi;
478 3478 513 3538 (le
524 3481 598 3538 mala
615 3481 662 3538 via
679 3487 778 3538 contra
789 3480 935 3551 Prolatos,
947 3479 1021 3539 etde
1035 3495 1097 3539 ma·

343 3569 401 3628 litia
411 3575 571 3641 corumret
579 3569 615 3626 do
627 3567 711 3626 honis
724 3568 862 3626 Prelatis.

563 3731 776 3792 SERMONIS
803 3731 844 3791 ΙΙ.

613 3863 794 3902 incoluntur.

306 3976 512 4050 irreligiosos
526 3971 561 4032 de
575 3974 651 4032 bono
666 3973 756 4048 ligno,
768 3975 797 4031 in
819 3989 874 4047 quo
892 3981 1026 4033 notantur
1034 3975 1100 4048 tria,

339 4065 446 4123 scilieet
459 4063 638 4133 sustentatio,
655 4063 826 4133 constantia,
840 4071 869 4120 et
885 4062 1056 4122 fecunditas.

592 4235 732 4295 suello
761 4233 818 4294 ΙΙΙ.

358 4362 402 4423 hd
417 4363 558 4438 praelatos,
575 4361 610 4421 de
624 4363 825 4421 constitutione
846 4363 914 4422 honi
926 4363 1044 4436 praelati.

305 4489 713 4569 Euocutcmcouotttutee
724 4505 801 4552 eum
814 4504 883 4552 rem
891 4491 932 4552 ah
944 4503 984 4551 eo
993 4503 1100 4564 super

344 4588 592 4651 Sioemontcm
616 4586 776 4650 sanctum
795 4589 881 4660 ejus,
902 4589 1099 4662 proculcans

342 4687 557 4762 preceptum
571 4688 656 4757 ejus.
670 4682 775 4763 (Psal.
786 4685 817 4756 2,
831 4680 879 4763 6.)

345 4836 509 4908 Quoniam
519 4849 635 4896 versus
645 4833 709 4896 iste
721 4833 875 4896 cantatur
891 4833 932 4894 de
946 4833 1101 4910 martyri·

304 4932 378 5006 bus,
402 4935 435 4995 et
456 4930 715 5004 consessoribus,
732 4931 807 4993 idco
822 4931 857 4991 in
873 4929 1098 5008 praelaturam,

304 5030 338 5092 et
352 5029 387 5090 in
403 5030 590 5106 praelaturae
605 5027 751 5090 cilicium
762 5028 1033 5090 constitutionem
1052 5027 1101 5088 is·

303 5129 372 5188 tam
391 5127 627 5202 intelligamus.
653 5129 726 5202 Ego
751 5127 869 5188 autem
894 5125 1100 5187 constitutus

1155 2693 1241 2768 quod
1255 2693 1324 2755 ait:
1341 2697 1554 2760 construetur
1573 2715 1663 2772 oum,
1681 2717 1758 2775 non,
1775 2703 1947 2778 constitui,

1155 2791 1322 2864 notantur,
1338 2794 1372 2854 et
1385 2795 1618 2872 reprobantur,
1635 2799 1692 2876 qui
1707 2801 1834 2878 seipsos
1849 2817 1952 2864 cons-

1154 2886 1288 2959 tituunt,
1305 2889 1338 2950 et
1352 2889 1393 2950 ab
1406 2891 1483 2952 aliis
1509 2907 1576 2954 nou
1592 2895 1849 2970 constituuntur,
1866 2913 1951 2960 cou-

1154 2983 1204 3044 tra
1218 2983 1303 3045 illud
1317 2986 1358 3046 ad
1383 2987 1564 3052 Hebraeos:
1589 2993 1694 3054 Nemo
1720 2993 1783 3054 sihi
1799 2999 1949 3057 assumat

1154 3079 1313 3144 honorem
1323 3082 1381 3164 (1),
1395 3085 1451 3146 sed
1461 3087 1516 3164 qui
1527 3091 1665 3151 vocatur
1676 3106 1695 3151 a
1707 3093 1774 3152 Deo
1788 3093 1949 3170 tanquam

1153 3181 1276 3240 Aaron.
1293 3182 1497 3246 Constitutus
1523 3201 1590 3247 non
1606 3187 1724 3264 pretio,
1739 3189 1825 3251 sicut
1843 3192 1949 3254 Jason

1152 3273 1194 3335 ah
1209 3277 1372 3339 Antiocho
1384 3275 1443 3358 (2),
1456 3297 1520 3357 quo
1533 3285 1696 3346 vendente
1711 3286 1947 3362 sacerdotium,

1153 3372 1320 3436 extinctus
1335 3377 1385 3438 est
1399 3377 1487 3452 ignis
1503 3381 1672 3456 sacrificii,
1702 3383 1759 3460 qui
1784 3384 1819 3445 in
1843 3387 1944 3462 puteo

1152 3471 1310 3532 extiterat
1331 3489 1391 3548 per
1418 3475 1629 3554 septuaginta
1653 3479 1736 3541 duos
1760 3497 1867 3543 annos
1883 3481 1945 3562 (3).

1153 3567 1228 3629 Non
1242 3569 1350 3644 rapui,
1368 3571 1403 3632 ut
1417 3573 1548 3646 coritae,
1568 3575 1626 3652 qui
1644 3578 1867 3641 sacerdotium
1882 3596 1947 3642 ra-

1153 3667 1430 3744 perevoluerunt;
1445 3672 1478 3732 ct
1490 3670 1565 3732 ideo
1578 3675 1759 3749 perierunt.
1768 3677 1948 3739 Nonusur·

1152 3764 1242 3838 pavi,
1252 3765 1287 3826 ut
1299 3766 1407 3839 Ozias,
1421 3767 1536 3830 etideo
1545 3769 1696 3833 infrenis
1702 3787 1880 3848 percussus
1894 3777 1948 3840 est

1154 3859 1257 3936 lepra,
1271 3863 1304 3924 et
1327 3878 1347 3923 a
1372 3878 1475 3940 regno
1498 3868 1623 3942 ejectus
1638 3870 1738 3930 alteo
1759 3867 1819 3949 (a).
1835 3873 1909 3933 Non
1926 3888 1947 3935 a

1154 3957 1382 4032 sanguinent
1406 3975 1466 4036 per
1488 3963 1644 4032 Micham,
1674 3965 1714 4028 de
1738 3982 1802 4044 quo
1822 3968 1948 4044 legitur

1152 4054 1946 4135 Judicum,quiimplevitmanumuniusflliorum

1154 4165 1301 4226 suorum,
1317 4153 1442 4216 etfacit
1460 4171 1536 4217 eum
1561 4159 1771 4223 Sacerdotem
1787 4160 1847 4241 (5).
1870 4163 1946 4224 Non

1154 4263 1214 4324 per
1227 4249 1354 4324 regiam
1367 4251 1574 4327 potestatem,
1592 4271 1653 4332 per
1663 4273 1762 4334 quam
1774 4261 1944 4322 constitu-

1153 4344 1207 4405 tus
1220 4346 1270 4406 est
1283 4345 1440 4421 Alcimus,
1458 4349 1494 4412 ut
1505 4348 1629 4427 legitur
1640 4353 1676 4414 in
1690 4355 1797 4432 primo
1811 4357 1946 4420 Macha-

1153 4440 1299 4504 haeorum
1307 4441 1351 4522 (7,
1359 4442 1404 4523 9),
1415 4446 1447 4507 et
1456 4446 1696 4526 iuterpretatur
1711 4449 1820 4514 luctus
1834 4453 1942 4518 tortis.

1154 4540 1365 4603 Corretitutus
1396 4557 1476 4606 eum
1504 4547 1546 4606 al>
1573 4560 1628 4620 ec,
1657 4548 1786 4612 scilicet
1824 4551 1942 4625 torma,

1153 4651 1219 4713 qua
1240 4639 1389 4714 sequitur
1401 4662 1408 4700 ε
1420 4644 1529 4706 Fetus
1542 4657 1640 4706 meuc
1652 4659 1689 4708 ea
1702 4648 1750 4722 tu,
1764 4662 1826 4724 eoo
1846 4653 1945 4712 noete

1151 4737 1256 4810 genui
1271 4735 1315 4798 te.
1330 4738 1423 4800 Tunc
1437 4738 1525 4800 enim
1543 4741 1701 4817 praelatus
1717 4746 1942 4818 constituitur,

1154 4831 1420 4896 cumordinatur.
1435 4835 1527 4898 Tunc
1542 4835 1613 4898 dics
1623 4841 1777 4902 natalitia
1792 4845 1865 4919 ejus
1875 4847 1941 4906 estc

1153 4927 1232 4989 tunc
1246 4931 1439 5005 generatur.
1460 4933 1580 4996 Videat
1608 4950 1698 5012 ergo,
1722 4953 1764 4999 ns
1789 4939 1856 5001 dici
1871 4955 1944 5017 pos-

1154 5024 1197 5086 sit
1234 5024 1317 5087 illud
1350 5029 1533 5090 Ezechielis
1553 5029 1622 5110 (16,
1647 5031 1685 5112 t)
1709 5055 1717 5094 ε
1740 5038 1783 5097 Ie
1805 5039 1860 5100 dte
1879 5053 1942 5100 or-

1155 5121 1210 5182 tus
1224 5122 1276 5184 tut
1298 5139 1367 5184 con
1390 5127 1440 5187 est
1458 5130 1629 5199 precisus
1650 5133 1830 5194 umbilicus
1850 5135 1941 5196 tuus.

303 5237 401 5284 sum:
417 5225 500 5284 Ecce
511 5223 715 5286 constitutio.
731 5225 936 5286 Praedicator
949 5235 1101 5297 proecep-
1154 5219 1219 5278 Per
1244 5219 1436 5281 umbilicum
1458 5223 1604 5286 carnalis
1626 5228 1784 5302 junctura
1811 5229 1854 5291 ad
1880 5247 1943 5308 pa·

304 5321 379 5382 tum
403 5323 501 5392 aium:
516 5322 599 5382 Ecce
628 5319 786 5382 officium.
815 5323 880 5382 Per
901 5319 964 5381 hoe
987 5323 1099 5380 autem

340 5469 381 5596 gl)
401 5468 481 5595 WZ'
505 5468 565 5526 Nee
593 5469 744 5541 quisquam
765 5469 851 5526 sumit
874 5467 928 5526 sihi
948 5467 1097 5539 honorem,

306 5543 563 5684 Hostiliillaehah.
578 5609 604 5677 ln,
618 5610 643 5678 7,
654 5607 688 5665 ad
701 5609 742 5665 ll.

1153 5315 1263 5376 rentes
1277 5317 1485 5393 intelligitur,
1495 5335 1570 5396 quae
1583 5321 1678 5385 dehet
1692 5325 1828 5401 praecidi
1839 5327 1874 5388 in
1889 5327 1943 5388 dia

1202 5463 1230 5532 3)
1242 5465 1326 5521 Num.
1338 5465 1381 5534 lo,
1398 5467 1424 5536 i,
1441 5466 1477 5524 ad
1491 5467 1535 5526 35.

1190 5535 1231 5681 ll
1245 5535 1503 5676 annuum
1520 5538 1556 5596 u
