4152 6388
336 257 397 320 210

338 431 439 479 meus
449 416 531 478 novt
544 409 762 482 Testamenti,
772 413 831 484 qut
838 423 904 484 pro
914 411 1008 470 vobis
1018 409 1052 470 et
1064 422 1131 484 pro

339 515 457 576 multis
471 512 668 587 effundetur
677 512 715 571 ta
728 510 969 570 remissionem
977 506 1132 580 peccato·

340 627 422 673 rum
442 609 674 688 (Matt.,xxv1,
696 603 761 684 27).
788 603 914 666 Deinde
936 603 1047 666 oravit
1065 606 1132 664 Pa-

340 711 436 778 trem,
451 705 565 766 dicens
580 727 588 765 :
602 705 714 766 Pater
726 721 737 764 .·
747 705 778 764 st
792 703 871 774 fieri
882 703 1005 774 potest,
1027 702 1130 762 troa-

340 805 449 868 soatc
469 818 525 865 me
547 806 640 864 calix
659 803 735 862 istc.
760 802 805 860 nt
825 801 938 873 scotris
954 800 1006 861 cst
1026 800 1133 860 sudor

339 905 425 975 ejus,
438 901 527 962 sicot
539 900 647 975 putto
658 899 840 973 scopatam
853 896 1132 958 decorantem

338 995 852 1074 perterram(uatt,uv1,as;
869 995 1056 1065 Luc.,xx11,
1066 989 1131 1069 44).

342 1094 459 1156 Posuit
482 1093 595 1154 tamen
609 1091 814 1152 voluntatem
836 1105 931 1150 suam
950 1089 986 1150 in
1009 1088 1133 1152 volun-

341 1185 1132 1260 tatePatris,dioenstPcter,ltotootuntostric,

342 1303 412 1349 noa
426 1286 515 1348 meat
530 1300 591 1361 eqo
607 1290 692 1356 voto,
709 1283 872 1345 sedeloci
887 1284 925 1344 tu
939 1285 992 1343 cis
1012 1280 1132 1360 (Matt,

342 1400 436 1455 xxvi,
458 1385 498 1444 42
519 1382 552 1443 et
566 1383 623 1454 39;
641 1380 749 1452 Isaiae,
768 1396 816 1447 lx,
836 1378 882 1456 6).
901 1381 1001 1455 Cuius
1025 1378 1134 1439 Patris

229 1467 235 1480 “
343 1480 422 1543 talis
437 1479 499 1541 rura
517 1479 681 1548 voruntas,
699 1477 735 1538 ut
755 1476 861 1537 silius
882 1479 955 1554 ejus
974 1475 1134 1538 nonense-

343 1580 397 1640 tus
411 1577 444 1638 et
458 1577 635 1652 gloriosus,
652 1590 749 1650 quem
762 1572 853 1634 dedit
867 1573 974 1644 nobie,
991 1574 1024 1634 et
1038 1573 1136 1634 natus

344 1673 407 1738 suit
426 1689 487 1752 pro
508 1671 614 1744 nobis,
632 1671 778 1747 seipsum
794 1685 852 1747 por
871 1669 1042 1747 proprium
1058 1686 1138 1730 san-

343 1772 477 1848 guinem
504 1785 611 1840 suum,
644 1767 847 1828 sacrificium
876 1767 909 1828 et
934 1766 1077 1828 hostiam
1101 1766 1137 1826 in

343 1885 404 1931 ara
419 1867 528 1930 crucis
550 1865 696 1936 offerret,
722 1879 789 1925 non
810 1879 870 1942 pro
889 1879 937 1937 se,
959 1879 1019 1941 per
1040 1879 1137 1941 quem

344 1966 522 2028 factasunt
536 1963 660 2033 omnia,
677 1960 734 2022 sed
750 1975 809 2038 pro
833 1961 979 2038 peccatis
1000 1962 1136 2030 nostris,

343 2062 536 2139 relinquens
560 2060 747 2136 exemplum
771 2059 879 2131 nobie,
903 2059 938 2120 ut
960 2074 1138 2136 sequamur

344 2158 486 2234 vestigia
500 2159 582 2233 ejus.
599 2156 718 2217 Etvult
729 2156 1138 2231 utomnessalvemurper

271 2316 277 2326 ,
344 2271 432 2328 eum,
453 2257 485 2318 et
510 2253 711 2330 recipiamus
730 2253 839 2328 ipsum
863 2267 946 2328 puro
973 2251 1139 2320 condect

344 2354 435 2416 casto
460 2367 608 2429 corpore.
635 2349 699 2412 Sed
723 2350 821 2425 pauci
842 2350 930 2420 sunt,
957 2349 1013 2426 qui
1033 2348 1139 2411 velint

344 2451 495 2528 recipere
511 2466 597 2520 eum,
622 2449 655 2510 et
673 2447 758 2509 salvi
780 2463 854 2508 esse
875 2462 935 2524 por
955 2462 1043 2518 eum,
1061 2447 1139 2509 licet

345 2553 420 2627 eJus
430 2553 547 2626 jugum
558 2561 660 2608 suave
676 2547 731 2615 sit,
747 2550 780 2607 ot
794 2561 879 2606 onus
891 2544 976 2606 levo.

385 2645 447 2718 Qui
462 2645 580 2706 nolunt
593 2644 728 2719 gustare
738 2657 836 2718 quam
848 2642 962 2704 suavis
974 2643 1018 2704 sit
1031 2641 1140 2704 Domi·

345 2759 420 2814 nus,
437 2744 470 2804 et
490 2741 634 2817 diligunt
657 2737 813 2801 tenebras
834 2740 942 2814 magis
965 2754 1065 2816 quam
1085 2738 1140 2799 lu-

346 2855 419 2902 cem
429 2838 579 2901 nolentes
587 2836 770 2914 adimplere
780 2835 936 2897 mandata
951 2836 1022 2908 Dei,
1033 2835 1138 2898 male-

346 2937 426 3000 dicti
446 2936 543 3008 sunt;
564 2934 604 2996 de
625 2933 744 3012 quibus
766 2933 888 2995 dicitnr
911 2949 970 3010 per
994 2933 1140 3011 propho-

348 3037 440 3098 tam:
463 3033 637 3096 Maledictt
658 3035 716 3106 qur
739 3031 911 3092 declinant
926 3047 949 3091 a
965 3031 1140 3092 mndctts

346 3135 426 3196 tuis.
443 3132 507 3194 Sed
533 3131 568 3192 et
580 3129 759 3200 contrario,
791 3143 889 3206 quam
915 3127 1081 3189 benedicti
1106 3129 1141 3190 et

344 3229 435 3292 beati
461 3229 548 3299 aunt,
575 3227 632 3304 qui
667 3226 703 3286 in
728 3225 848 3302 spiritu
869 3223 904 3285 ot
928 3223 1069 3286 veritate
1089 3222 1140 3302 (ut

345 3324 488 3404 oportet)
508 3339 584 3385 eum
608 3321 767 3383 adoranti
788 3323 943 3382 Dicamus
967 3321 998 3381 ei
1025 3320 1139 3383 laudes

345 3425 379 3486 et
396 3423 565 3484 orationes
586 3419 639 3480 die
654 3420 831 3496 noctuque,
847 3417 988 3480 dicendo
1005 3438 1013 3477 :
1030 3418 1140 3480 Pater

347 3522 477 3591 nostem
486 3522 544 3593 qut
553 3532 591 3580 es
602 3521 640 3578 la
649 3519 754 3588 coctis,
766 3515 928 3592 etc.,quia
939 3516 1070 3592 oportet
1079 3531 1140 3577 nos

309 3603 316 3618 ’
347 3632 478 3696 semper
491 3629 599 3688 orare,
612 3616 644 3676 et
656 3627 836 3691 numquam
846 3613 1000 3675 deiicere.

386 3715 549 3777 Debemus
563 3712 725 3790 siquidem
736 3711 888 3773 confiteri
897 3710 1063 3773 sacerdoti
1074 3725 1140 3772 om-

347 3815 405 3876 nia
426 3813 562 3890 peccata
586 3811 700 3872 nostra
716 3830 725 3870 :
739 3813 776 3870 ut
797 3808 998 3886 recipiamus
1019 3823 1139 3885 corpus

346 3913 381 3974 et
399 3909 596 3986 sanguinem
619 3906 751 3970 Domini
773 3905 880 3968 nostri
901 3908 981 3968 iesu
1002 3906 1137 3978 Christi,

224 4031 228 4040 ’
346 4009 388 4071 ob
414 4008 492 4079 hoc,
515 4005 602 4088 quod
623 4005 682 4082 qui
705 4020 772 4066 non
804 4003 982 4066 manducat
1005 4019 1139 4065 carnem

346 4121 453 4177 suam,
466 4105 500 4166 et
509 4103 593 4164 bibit
611 4118 708 4162 suum
728 4101 937 4177 sanguinem,
950 4115 1017 4162 non
1033 4103 1141 4178 potest

346 4205 474 4265 intrare
495 4202 529 4261 in
545 4215 686 4274 regnum
698 4198 769 4260 Dei.
786 4199 892 4273 Digne
907 4200 1018 4259 tamen
1036 4213 1141 4258 unus-

347 4300 487 4377 quisquo
498 4295 675 4358 manducet
684 4297 717 4358 et
727 4295 926 4368 ninamqota
935 4297 1140 4372 quitatione

346 4393 712 4467 manduccljudicium
724 4397 790 4455 sibl
801 4393 988 4456 manducat
999 4392 1033 4453 et
1047 4394 1137 4474 diota
1155 4448 1159 4458 ‚

346 4487 1137 4568 aonddudtccnscorpusbomtai(lGor.,11,29).

386 4590 564 4653 Faciamus
588 4588 725 4665 insuper
750 4587 879 4648 fructus
894 4585 1011 4661 dignos
1031 4585 1140 4662 poeni-

345 4689 471 4760 tentiae,
488 4685 666 4763 diligamns
684 4685 866 4761 proximos,
888 4682 973 4744 sicut
987 4685 1138 4746 nosmet·

347 4788 437 4864 ipsos
454 4807 462 4846 ι
479 4782 556 4846 etsi
571 4781 645 4859 quis
660 4795 727 4843 non
742 4781 814 4842 vult
839 4795 896 4841 eos
920 4795 1034 4842 amare
1054 4779 1140 4844 sicut

347 4884 506 4960 seipsum,
523 4879 640 4942 saltem
664 4894 731 4940 non
750 4877 874 4940 inierat
895 4877 943 4938 eis
962 4877 1062 4950 mala,
1080 4877 1138 4940 sed

346 4977 556 5041 faciatbona.
1058 5013 1060 5020 ,

374 5076 450 5148 ‚Qui
462 5075 573 5136 autem
585 5072 782 5152 potestatem
794 5071 914 5152 judicii
928 5071 1137 5150 receperunt,

342 5173 507 5251 judicium
533 5185 608 5232 cum
635 5167 865 5230 misericordia
887 5184 1019 5245 semper
1036 5183 1138 5232 exer-

347 5269 455 5341 ceant,
472 5269 558 5330 sicut
582 5267 648 5344 ipsi
665 5267 791 5328 vellent
805 5281 825 5327 a
840 5267 980 5328 Domino
1003 5265 1139 5326 miseri-

347 5367 495 5431 cordiam
530 5362 690 5426 obtinere.
719 5365 896 5426 Judtctum
930 5365 1025 5424 enim
1064 5365 1139 5424 stac

346 5463 589 5528 misericordia
606 5459 677 5520 ortt
698 5462 756 5532 titt,
775 5463 834 5534 qul
847 5473 917 5520 noa
931 5460 1015 5532 facit
1028 5463 1138 5520 mtre-

347 5563 536 5626 rlcordtcm
552 5555 693 5637 (Jacob,
711 5571 747 5625 u,
773 5554 838 5634 13).
866 5555 1055 5619 Habeamus
1075 5550 1139 5618 ita-

766 251 798 310 s.
821 247 1042 310 nansciscr
1069 220 1295 310 nssrsurrs
1321 249 1553 309 oruscunn.

1931 249 1994 308 220

1185 423 1249 486 que
1271 407 1444 470 caritatem
1469 409 1501 470 et
1522 407 1756 480 humilitatem,
1781 409 1816 470 et
1830 407 1993 470 eleemo-

1186 521 1287 584 synas
1303 505 1483 580 iaciamus3
1502 505 1581 582 quia
1604 505 1687 582 ipsa
1709 506 1826 568 lavant
1853 507 1995 566 animas

1187 604 1317 666 nostras
1346 619 1366 664 a
1388 602 1543 664 sordibus
1568 605 1805 681 peccatorum:
1830 603 1995 666 homines

1186 699 1275 760 enim
1288 700 1401 761 omnia
1415 700 1567 777 perdunt,
1579 717 1652 777 quae
1668 701 1703 762 in
1716 701 1779 762 hoc
1790 701 1922 762 mundo
1938 717 1996 760 re-

1187 795 1359 874 linquunt,
1395 811 1507 858 secum
1533 799 1645 858 tamen
1671 799 1807 874 portant
1833 798 1996 859 caritatis
2049 841 2050 848 ,

1187 893 1385 966 mercedem,
1406 895 1439 955 et
1464 895 1695 972 eleemosynas
1716 911 1800 972 quas
1820 895 1993 965 feceruut,

1187 990 1228 1052 de
1243 991 1390 1068 quibusa
1402 991 1542 1053 Domino
1553 993 1800 1069 consequentur
1809 993 1996 1068 praemium

1188 1090 1221 1150 et
1235 1089 1369 1164 dignam
1383 1087 1581 1150 mercedem.

1229 1184 1391 1247 Debemus
1411 1189 1579 1264 jejunare,
1602 1187 1673 1248 eta
1695 1187 1788 1249 vitiis
1802 1185 1994 1256 abstinere,

1190 1283 1225 1342 in
1240 1283 1330 1344 omni
1346 1283 1431 1360 quod
1446 1283 1606 1344 inducere
1619 1283 1727 1360 potest
1741 1283 1781 1344 ad
1798 1285 1995 1360 peccatum,

1190 1395 1251 1440 nec
1266 1395 1332 1441 non
1345 1382 1379 1442 et
1392 1395 1412 1442 a
1423 1395 1631 1458 quacumque
1644 1380 1879 1456 superfluitate
1895 1397 1994 1440 usim.

1190 1477 1230 1538 nt
1252 1477 1353 1538 eliam
1374 1476 1531 1539 catholici
1551 1477 1727 1539 ecclesiam
1750 1477 1895 1539 visitare
1919 1477 1994 1538 sre-

1190 1576 1341 1651 quenter,
1355 1574 1602 1636 ecclesiasticos
1619 1575 1775 1636 venerari
1790 1575 1825 1636 et
1835 1575 1995 1635 revereri

1192 1671 1232 1731 ob
1259 1687 1374 1733 eorum
1406 1671 1569 1744 osticium,
1598 1672 1631 1733 et
1661 1671 1994 1733 administrationem

1192 1769 1396 1830 sanctissimi
1419 1769 1569 1846 corporis
1593 1770 1626 1830 et
1650 1769 1824 1845 sanguinis
1849 1768 1992 1838 Christi,

1192 1865 1278 1944 quod
1293 1865 1496 1936 sacrificant,
1518 1865 1552 1928 et
1575 1865 1750 1942 recipiunt,
1771 1868 1805 1928 et
1823 1865 1906 1927 aliis
1924 1866 1993 1926 mi-

1193 1963 1345 2025 nistrant.
1371 1964 1411 2024 at
1431 1963 1572 2025 tirmiter
1586 1963 1732 2024 sciamus
1753 1978 1887 2034 omnes,
1902 1963 1993 2040 quod

1192 2075 1289 2121 nemo
1302 2059 1428 2122 salvari
1448 2062 1557 2136 potest
1570 2061 1637 2121 nisi
1658 2077 1718 2138 per
1740 2062 1857 2122 sancta
1873 2060 1992 2124 verba.

1192 2158 1227 2219 et
1244 2159 1441 2233 sanguinem
1454 2158 1586 2218 Domini
1612 2158 1719 2219 nostri
1742 2160 1823 2220 Jesn
1847 2159 1990 2228 Christi,

1192 2271 1266 2332 quae
1281 2254 1395 2316 clerici
1411 2255 1534 2326 dicunt,
1552 2255 1763 2327 annuntiant,
1778 2255 1993 2316 etadminis-

1192 2353 1292 2424 trani,
1309 2353 1343 2413 et
1354 2351 1419 2429 ipsi
1433 2351 1497 2413 soli
1512 2352 1703 2414 ministrare
1718 2351 1851 2414 debent.

1234 2449 1430 2526 Speoialiter
1443 2451 1554 2511 autem
1568 2450 1730 2528 religiosi,
1742 2451 1775 2512 et
1786 2451 1843 2526 qui
1865 2449 1993 2510 saeculo

1193 2547 1479 2620 renuntiaverunt,
1505 2547 1663 2609 tenentur
1685 2547 1782 2624 plura
1803 2547 1837 2608 et
1858 2549 1992 2623 majora

1194 2644 1315 2715 iacere,
1329 2645 1362 2705 et
1376 2659 1417 2704 ea
1432 2643 1598 2708 dimittere
1613 2643 1733 2722 quibus
1745 2660 1813 2705 non
1827 2643 1882 2705 est
1894 2661 1990 2721 opus,

1194 2740 1227 2802 et
1241 2740 1316 2802 odio
1332 2740 1456 2802 habere
1471 2756 1612 2818 corpora
1629 2745 1743 2804 nostra
1758 2758 1833 2804 cum
1847 2742 1947 2802 vitiis
1961 2745 1994 2802 et

1193 2839 1348 2918 peccatis,
1363 2839 1442 2915 quia
1456 2839 1616 2900 Dominus
1629 2839 1711 2901 dicit
1730 2839 1765 2899 in
1781 2837 1990 2914 Evangelio:

1194 2935 1311 2998 Omnia
1325 2935 1414 2997 mala
1436 2953 1456 2998 a
1481 2937 1581 2998 corde
1606 2938 1740 2999 exeunt.
1756 2936 1910 3012 Diligere
1927 2935 1993 2995 ini·

1193 3034 1298 3094 micos
1314 3036 1457 3105 nostros,
1480 3035 1513 3096 et
1535 3033 1619 3095 bene
1642 3034 1752 3096 facere
1775 3033 1829 3094 his
1854 3033 1992 3111 quinos

1194 3127 1658 3211 oderunt(Lucae,xv1,27).
1686 3131 1875 3194 Observare
1902 3147 1994 3208 prae-
2049 3203 2050 3206 Ἴ

1194 3230 1300 3305 cepta,
1315 3229 1348 3290 et
1368 3229 1509 3290 consilia
1524 3229 1754 3307 Redemptoris
1775 3231 1895 3300 nostri,
1912 3245 1994 3290 nos-

1194 3325 1725 3404 metipsosabnegare,etcorpora
1737 3329 1852 3389 nostra
1863 3341 1990 3404 ponere

1194 3421 1348 3499 subjugo
1364 3423 1535 3485 servitutis
1548 3426 1581 3486 et
1596 3424 1804 3486 obedientiae.
1822 3427 1862 3486 nt
1876 3424 1990 3484 nullus

1194 3521 1325 3582 tenetur
1336 3520 1377 3580 ad
1393 3519 1616 3582 obedientiam
1629 3521 1664 3583 in
1677 3537 1727 3594 eo,
1741 3521 1798 3582 ubi
1814 3521 1990 3582 committi·

1194 3619 1248 3680 tur
1263 3616 1420 3679 delictum
1435 3619 1487 3680 vel
1503 3620 1691 3696 peccatum
1708 3619 1787 3696 quia
1802 3619 1936 3684 tantum
1949 3618 1988 3679 ad

1194 3713 1228 3775 id
1252 3713 1415 3788 venimus,
1435 3716 1471 3777 ut
1499 3715 1659 3778 salvando
1684 3717 1815 3778 animas
1840 3719 1987 3787 nostras,

1193 3811 1355 3873 bonorum
1369 3828 1505 3889 operum
1516 3814 1593 3874 aliis
1603 3813 1755 3891 exempla
1765 3813 1987 3891 praebeamus

1234 3909 1293 3970 Cui
1321 3911 1431 3972 autem
1461 3909 1649 3973 obedientia
1685 3911 1912 3989 impendenda
1941 3913 1990 3974 est

1194 4007 1227 4068 et
1254 4007 1442 4080 commissa,
1460 4007 1493 4070 et
1521 4009 1578 4085 qui
1598 4024 1657 4086 pro
1679 4011 1807 4086 majore
1834 4009 1988 4076 nabetur,

1193 4103 1306 4165 videat
1333 4105 1369 4166 nt
1396 4105 1505 4166 minor
1526 4105 1593 4178 liat,
1615 4108 1648 4168 et
1676 4106 1818 4168 aliorum
1847 4105 1988 4167 matrum

1194 4216 1322 4272 servus,
1339 4201 1372 4262 et
1393 4201 1427 4262 in
1448 4201 1597 4278 singulos
1620 4203 1768 4265 subditos
1788 4203 1986 4264 misericor-

1194 4297 1282 4358 diam
1304 4299 1471 4374 operetur,
1496 4301 1655 4376 qnantam
1682 4299 1745 4360 sibi
1770 4300 1885 4367 vellet,
1912 4316 1986 4360 cum

1194 4397 1282 4457 esset
1295 4395 1462 4472 subditus,
1478 4413 1541 4459 nec
1554 4412 1598 4458 ex
1621 4396 1741 4459 delicto
1761 4395 1876 4458 fratris
1897 4398 1985 4458 iras-

1193 4492 1289 4553 catur
1303 4493 1337 4553 in
1352 4492 1500 4562 fratrem,
1516 4493 1574 4556 sed
1598 4493 1689 4556 omni
1706 4495 1866 4571 patientia
1883 4496 1917 4556 et
1930 4495 1987 4554 hu-

1194 4589 1335 4650 militate
1345 4590 1453 4666 ipsum
1467 4589 1611 4668 benigno
1621 4591 1777 4668 corrigat,
1795 4593 1941 4662 moneat,
1956 4593 1986 4652 et

1195 4685 1374 4762 supportet.

1233 4783 1308 4843 Non
1327 4797 1441 4846 sumus
1464 4784 1645 4845 secundum
1664 4799 1799 4847 carnem
1819 4785 1985 4862 sapientes

1194 4880 1292 4958 atquo
1316 4879 1507 4956 prudentes,
1538 4880 1595 4942 sed
1623 4881 1803 4958 simplices,
1828 4881 1984 4956 humiles,

1194 4978 1226 5039 et
1240 4977 1327 5054 puri.
1344 4979 1384 5040 nt
1397 4976 1580 5039 habeamus
1596 4994 1736 5056 corpora
1752 4979 1867 5041 nostra
1883 4981 1918 5040 in
1933 4997 1987 5057 op·

1194 5073 1363 5152 probrium
1387 5076 1421 5136 et
1447 5073 1652 5175 despectqm3
1682 5077 1761 5154 quia
1788 5093 1905 5138 omnes
1928 5094 1986 5153 per

1194 5171 1325 5248 culpam
1344 5172 1492 5233 nostram
1515 5187 1629 5233 sumus
1649 5173 1825 5244 miseriei
1847 5175 1980 5251 putridi,

1194 5269 1279 5330 sicut
1303 5269 1463 5330 Dominus
1484 5269 1565 5332 dicit
1588 5285 1648 5347 per
1669 5271 1870 5348 Prophetam
1890 5292 1898 5332 :
1915 5277 1985 5350 Duo

1192 5367 1310 5428 cutem
1330 5381 1409 5428 sum
1432 5371 1574 5438 aaronis,
1594 5369 1628 5429 ct
1647 5373 1846 5430 mondoum.
1869 5367 1983 5447 (Psal,

1193 5475 1264 5535 xxr,
1280 5461 1327 5542 7.)
1341 5463 1518 5542 Nunquam
1534 5463 1690 5526 debemus
1708 5463 1900 5526 desiderare
1914 5481 1983 5527 esse

1194 5574 1294 5636 super
1315 5559 1411 5630 alios,
1426 5561 1482 5622 sed
1508 5561 1617 5638 potius
1642 5561 1821 5624 subditam
1847 5563 1982 5641 subjecti
