4158 6380
318 285 357 345 51
757 280 811 340 Ab
834 279 972 341 OPERA
994 279 1026 338 S.
1049 277 1270 342 FRANCISCI
1293 279 1522 342 Asslsml'ls
1927 280 1969 342 52
2070 337 2071 358 2

320 441 427 518 ipsius
446 440 557 513 dooet;
575 437 632 500 uhi
651 438 742 499 illius
757 437 944 514 inspiratio,
970 439 1004 498 et
1022 436 1114 498 illius

320 539 434 599 unctio
450 555 515 599 non
532 537 591 608 θεῖ,
609 535 794 596 forinsecus
807 535 952 596 inaniter
965 537 1113 610 perstre-

321 638 404 712 punt
416 635 528 696 verha.

361 734 448 792 Leve
469 745 548 805 ergo
570 729 821 791 tundamentum
836 728 887 790 est
907 727 949 790 ad
968 728 1114 806 proban-

320 829 397 890 dum
413 828 627 889 Franciscum
638 828 777 888 omnino
787 825 923 886 idiotam
936 824 1051 896 fuisse,
1066 824 1114 885 di·

318 940 396 986 cere
409 925 577 999 Magistris
590 924 727 984 multam
738 938 873 1000 operam
885 937 951 983 non
962 922 1110 982 dedisse:

318 1039 395 1084 nam
409 1023 437 1082 si
451 1021 601 1097 Magistri
615 1023 683 1086 tam
696 1035 812 1097 parum
825 1022 974 1097 prosunt,
987 1019 1023 1080 ut
1033 1033 1112 1080 vere

317 1119 403 1182 nihil
416 1135 475 1196 per
495 1135 531 1180 se
550 1119 680 1196 possint
694 1118 814 1180 docere
826 1117 949 1193 absque
964 1115 1024 1176 illo
1039 1117 1113 1176 Ma-

318 1217 422 1292 gistro
439 1216 603 1286 interiori,
620 1231 639 1276 a
655 1231 720 1292 quo
740 1213 907 1285 docemur,
931 1212 1111 1274 secundum

318 1312 556 1389 Augustinum3
575 1312 740 1389 reliquum
751 1312 812 1383 est,
829 1311 973 1371 humano
986 1309 1112 1384 Magis-

318 1414 371 1472 tro
382 1409 542 1480 caruisse,
556 1425 622 1470 non
637 1425 710 1469 esse
722 1408 823 1480 aliud,
835 1421 934 1483 quam
945 1406 1004 1468 illo
1017 1407 1113 1466 exto-

317 1507 401 1568 riori
417 1506 527 1567 indice
546 1506 711 1580 caruisse3
728 1519 792 1582 quo
806 1505 887 1566 licet
906 1504 1111 1564 monstrante

318 1603 451 1664 lacilius
465 1619 519 1664 res
534 1602 789 1678 cognoscantur,
802 1600 976 1662 deficiente
987 1599 1109 1672 tamen,

318 1701 476 1778 possibile
494 1701 545 1762 θεῖ
562 1699 729 1775 cognosci,
745 1699 930 1775 praesertim
946 1713 1021 1774 cum
1036 1714 1055 1757 a
1070 1697 1110 1758 ad

317 1813 463 1858 «veram
492 1797 691 1873 sapientiam
717 1813 784 1856 non
818 1811 886 1856 una
910 1795 964 1855 via
992 1809 1111 1870 perve-

317 1895 452 1966 «nitur,
470 1895 591 1972 quippe
606 1909 665 1970 pro
681 1908 740 1954 sua
758 1893 896 1969 quisque
915 1892 1056 1952 sanitate
1071 1907 1110 1952 ac

316 2009 335 2052 a
351 1991 507 2053 firmitate
522 1990 771 2067 comprehendit
787 1989 872 2050 illud
885 1989 1056 2063 singulare
1071 2003 1110 2049 ac

315 2105 335 2148 e
349 2088 559 2150 verissimum
570 2086 704 2148 bonum.
717 2088 790 2147 Lux
800 2087 850 2147 est
860 2085 1011 2162 quaedam
1023 2085 1111 2146 inel-

315 2184 460 2246 ‹iahilis
488 2187 522 2246 et
547 2183 893 2262 incomprehensibilis
919 2183 1108 2244 mentium:

315 2299 334 2343 c
349 2281 408 2342 lux
422 2283 485 2343 ista
498 2281 647 2358 vulgaris
663 2297 723 2342 nos
739 2281 855 2342 doceat
869 2283 1028 2357 quantum
1044 2296 1108 2357 po-

315 2381 423 2450 «test,
445 2379 608 2455 quomodo
628 2378 709 2439 illud
730 2393 765 2438 se
781 2377 911 2438 habeat.
931 2379 1016 2438 Nam
1032 2379 1110 2438 sunt

315 2493 335 2537 c
349 2476 501 2538 nonnulli
513 2476 601 2538 oculi
611 2476 678 2537 tam
694 2476 767 2536 sani
780 2477 813 2536 et
825 2475 944 2550 vegeti,
962 2475 1019 2550 qui
1032 2490 1110 2535 mox

1167 437 1253 500 tolos
1281 438 1316 499 ln
1338 437 1478 499 instanti
1501 437 1624 508 docuit,
1651 437 1700 499 slc
1721 437 1905 515 Baptistam
1930 439 1966 500 ln

1168 536 1284 596 matris
1304 536 1409 606 utero,
1434 534 1482 595 sic
1498 535 1692 610 Prophetas,
1710 535 1758 595 sic
1779 536 1928 606 saulum,
1947 552 1966 598 θ

1168 633 1263 708 cujus
1275 632 1381 692 oculis
1392 631 1583 692 ceciderunt
1593 647 1738 707 squamae
1750 631 1963 706 ignorantiae.

1168 728 1313 790 Proinde
1336 727 1497 804 optimum
1521 729 1610 789 hunc
1633 728 1829 803 Magistrum
1854 728 1962 790 bonus

1167 827 1201 886 et
1225 824 1404 901 primarius
1427 824 1485 885 ille
1511 824 1694 901 discipulus
1717 826 1836 886 Petrus
1858 827 1966 887 relin-

1167 937 1270 998 quere
1289 922 1406 993 noluit,
1433 935 1494 982 nec
1516 921 1749 982 recedentibus
1769 923 1823 994 iis,
1847 925 1903 999 qui
1928 925 1965 984 in

1167 1017 1290 1078 Christi
1301 1018 1452 1079 doctrina
1464 1018 1786 1089 scandalizabantur,
1800 1022 1940 1082 recessit
1953 1043 1961 1080 ι

1167 1115 1457 1190 interrogatusque
1492 1130 1535 1176 an
1572 1130 1646 1176 cum
1683 1116 1761 1176 aliis
1795 1117 1964 1192 apostolis

1166 1210 1259 1272 abire
1273 1210 1386 1280 vellet,
1407 1211 1599 1287 respondit:
1623 1215 1779 1283 bootae,
1795 1216 1840 1273 ad
1860 1227 1963 1286 errem

1166 1309 1310 1370 ibimus?
1329 1312 1435 1370 verba
1456 1311 1538 1369 ottae
1557 1310 1700 1369 α’ῖθνηιθ
1714 1312 1817 1370 habes
1835 1309 1962 1389 (ioan,

1166 1403 1227 1481 vi),
1245 1405 1276 1464 id
1300 1404 1351 1466 est
1371 1404 1658 1482 doctrinamque
1678 1405 1835 1466 advitam
1858 1409 1962 1468 aeter-

1166 1516 1243 1562 nam
1258 1501 1359 1568 ducit,
1384 1503 1417 1564 et
1437 1501 1551 1573 verba,
1568 1518 1641 1578 quae
1663 1503 1770 1590 ippam
1790 1503 1965 1566 continent

1165 1599 1280 1660 uitam.
1301 1599 1375 1659 Non
1391 1600 1444 1660 est
1463 1599 1552 1660 alius
1567 1598 1627 1660 tibi
1651 1599 1771 1659 similis
1789 1601 1961 1676 Magister,

1166 1695 1207 1756 ad
1223 1710 1319 1772 quem
1339 1695 1508 1756 declinare
1529 1695 1709 1772 possimus3
1734 1711 1800 1758 non
1822 1699 1882 1768 est,
1904 1698 1962 1775 qui

1165 1792 1212 1852 ita
1227 1792 1371 1869 perlecta
1386 1792 1503 1852 doceat
1517 1791 1603 1852 alius
1616 1795 1816 1870 Praeceptor.
1825 1811 1843 1852 a
1852 1797 1899 1854 Da
1913 1796 1964 1856 in·

1165 1904 1183 1947 c
1198 1890 1269 1966 quit
1279 1889 1320 1950 ad
1331 1889 1497 1950 Christum
1509 1889 1599 1950 Petri
1612 1891 1746 1952 nomine
1755 1892 1963 1967 Augustinus

1164 2002 1183 2045 ‹
1198 1987 1341 2047 alterum
1356 1988 1399 2058 te,
1417 1987 1450 2047 et
1464 1986 1585 2047 ibimus
1600 1986 1642 2048 ad
1662 2003 1737 2048 eum
1753 1986 1813 2067 (2),
1831 2006 1849 2048 ε
1864 1991 1962 2065 quasi

1165 2083 1263 2153 dicat,
1277 2083 1468 2144 nullatenus
1478 2085 1634 2146 recedere
1645 2083 1765 2146 debere
1776 2085 1962 2162 discipulos

1165 2195 1184 2240 a
1199 2181 1343 2248 Christo,
1360 2181 1436 2242 dum
1452 2197 1517 2241 non
1533 2181 1578 2243 sit
1595 2181 1714 2242 aliusa
1736 2183 1866 2245 Christo
1882 2186 1961 2244 Ma-

1164 2277 1278 2352 gister,
1295 2278 1352 2355 qui
1370 2278 1456 2355 quod
1476 2278 1626 2339 Christus
1641 2279 1786 2350 instruit,
1802 2280 1959 2354 edoceat;

1164 2389 1225 2436 nec
1240 2375 1326 2452 quod
1342 2376 1483 2451 inspirat
1498 2375 1659 2446 Christus,
1674 2377 1836 2439 ostendat.

1203 2471 1443 2534 Excellentiam
1459 2473 1569 2534 autem
1584 2472 1684 2549 hujus
1697 2473 1857 2535 doctrinae
1870 2474 1961 2536 didi-

314 2573 505 2651 «utaperti
525 2573 710 2644 luerint,in
728 2573 836 2649 ipsum
859 2587 895 2632 se
916 2570 1019 2632 solem
1037 2571 1109 2630 sine
1164 2569 1250 2630 cisse
1278 2569 1493 2632 Franciscum
1526 2585 1546 2630 a
1576 2569 1718 2642 Christo,
1754 2571 1869 2647 paucis
1897 2573 1961 2634 tihi

314 2670 416 2731 «ulla
440 2669 663 2746 trepidatione
695 2668 915 2730 convertant:
935 2669 1013 2728 sunt
1036 2667 1106 2738 alii,
1164 2665 1367 2738 monstrabo,
1384 2667 1462 2729 licet
1479 2682 1609 2744 possem
1625 2667 1749 2728 multis.
1766 2671 1870 2730 Breve
1885 2685 1961 2730 ma-

316 2783 335 2826 «
351 2766 472 2843 quibus
488 2767 537 2828 sol
550 2767 647 2828 initio
662 2768 857 2842 conspectus
869 2765 978 2826 visum
994 2763 1109 2825 obtun·
1163 2763 1335 2839 gisterium
1347 2763 1470 2825 Christi
1483 2765 1543 2836 est,
1557 2766 1626 2826 toto
1639 2766 1738 2827 corde
1750 2767 1853 2826 Deum
1864 2769 1957 2828 omni

318 2863 444 2924 «deret
460 2861 641 2942 (1).»Non
661 2879 740 2939 ergo
759 2861 912 2924 omnibus
935 2876 1020 2922 unus
1039 2861 1109 2922 dis-
1163 2861 1321 2936 tempora
1331 2861 1402 2922 sive
1410 2861 1633 2923 blandientem
1643 2862 1957 2937 sivehagellantem‚

315 2960 412 3021 cendi
439 2961 581 3021 modus:
607 2961 686 3038 quia
713 2960 799 3020 sicut
819 2961 855 3021 in
879 2959 975 3021 domo
999 2959 1107 3020 Patris
1163 2957 1300 3018 laudare
1321 2955 1382 3037 (3),
1412 2961 1550 3035 ejusque
1574 2959 1735 3020 extollere
1760 2959 1956 3036 bonitatem,

313 3057 505 3120 mansiones
522 3058 644 3130 multae,
665 3059 712 3120 ita
732 3057 843 3118 multra
865 3057 945 3130 viae;
969 3058 1001 3118 et
1022 3055 1108 3117 sicut
1163 3055 1366 3118 etcontinuo
1383 3056 1527 3117 orationi
1542 3056 1707 3118 insistere.
1724 3059 1849 3118 llocan
1864 3060 1957 3120 recte

313 3154 447 3216 diversa
471 3155 558 3216 bona
574 3153 651 3234 (tent
672 3159 765 3217 onim
789 3156 893 3216 datur
914 3155 1106 3230 prophetia,
1163 3150 1317 3214 didicerit
1348 3153 1558 3224 Franciscus,
1589 3153 1725 3214 consule
1753 3153 1955 3231 discipulum

313 3255 392 3314 altis
406 3254 561 3323 scientia,
575 3256 792 3326 otitspeoera
804 3254 1015 3327 zinaniorum,
1029 3253 1107 3312 aliis
1162 3251 1235 3324 ejus
1250 3249 1413 3310 dicentem
1426 3271 1433 3309 :
1446 3267 1464 3308 a
1479 3248 1660 3310 ambulans
1672 3251 1706 3312 ct
1720 3251 1851 3323 sedens,
1864 3253 1956 3314 intus

312 3349 431 3422 pratia
453 3347 689 3425 curationum)
719 3348 866 3426 (Ephes,
897 3363 943 3419 11,
969 3348 1002 3409 θῖ
1029 3345 1106 3408 lad
1162 3348 1229 3407 «et
1247 3346 1339 3416 ioris,
1361 3348 1395 3407 et
1418 3345 1574 3407 laborans
1599 3349 1632 3408 et
1654 3363 1788 3419 vacans,
1810 3349 1956 3409 orationi

317 3446 405 3516 Cor„
419 3444 483 3524 ΧΠ)
498 3446 546 3506 sio
560 3445 684 3506 diversi
697 3445 796 3517 modi,
808 3444 978 3506 breviores
994 3445 1026 3506 et
1039 3444 1108 3506 lon·
1160 3459 1179 3502 a
1194 3442 1277 3503 adeo
1298 3444 1370 3503 erat
1393 3442 1551 3513 intentus,
1575 3444 1611 3504 ut
1631 3443 1682 3504 illi
1697 3443 1866 3504 videretur
1887 3461 1956 3505 nou

312 3542 435 3616 giores,
452 3542 658 3618 adipiscendi
671 3542 742 3604 haec
757 3542 844 3603 dona
857 3541 1036 3603 secundum
1050 3557 1107 3603 uo-
1161 3555 1179 3600 c
1195 3537 1300 3598 solum
1321 3539 1478 3616 quidquid
1498 3539 1619 3600 eratin
1641 3555 1681 3600 eo
1702 3539 1811 3601 cordis
1826 3542 1858 3601 et
1873 3556 1953 3602 cor-

314 3638 475 3700 luntatem
501 3639 572 3708 hei,
602 3639 659 3716 qui
688 3639 800 3700 omnia
825 3639 1005 3716 prudenter
1036 3639 1106 3699 dis·
1160 3653 1178 3695 a
1194 3637 1295 3712 poris,
1309 3651 1424 3697 serum
1440 3637 1539 3698 eiiam
1555 3637 1666 3712 operis
1681 3640 1714 3698 et
1728 3637 1886 3714 temporis
1901 3637 1957 3700 de·

312 3737 416 3812 ponit,
444 3737 625 3798 secundum
663 3737 855 3812 qualitatem
889 3738 922 3799 et
949 3743 1103 3798 naturam
1160 3733 1320 3795 «dicasse
1331 3732 1593 3812 (ltrboctrina
1607 3734 1731 3795 Christi
1745 3735 1817 3796 est:
1837 3737 1956 3798 Tollite

312 3834 517 3910 accipientis.
535 3835 604 3895 Nec
627 3850 787 3910 negamus
806 3849 867 3895 nos
889 3833 1104 3895 Franciscum
1152 3834 1279 3908 jugum
1302 3845 1420 3892 mcum
1437 3845 1544 3905 super
1563 3846 1634 3902 vos,
1651 3833 1685 3892 et
1705 3833 1826 3893 discite
1844 3847 1867 3892 α
1885 3847 1953 3904 nac,

92 3940 101 3957 ⁸
186 3929 187 3934 ’
310 3929 467 3992 habuisse
491 3932 697 4007 Magistrum,
719 3935 752 3993 et
770 3933 910 4008 tempus
934 3933 968 3992 et
990 3930 1104 3992 modos
1159 3931 1241 4002 quio
1262 3929 1470 3999 mitiacum,
1493 3927 1952 4006 ctlrnmtltacorde.(Matt.‚

308 4025 519 4100 addiscendi;
545 4027 612 4086 imo
634 4026 775 4087 dicimus
797 4025 954 4086 habuisse
976 4025 1104 4100 Magis·
1159 4024 1237 4104 ΧΗ.)
1267 4025 1447 4087 Videamus
1483 4041 1526 4087 an
1553 4025 1707 4087 didicerit
1734 4027 1806 4088 haec
1840 4029 1955 4089 noster

308 4124 397 4182 trum
412 4123 591 4194 Christum,
616 4123 673 4199 qui
688 4138 747 4198 per
767 4123 926 4198 Spiritum
947 4125 1104 4182 Sanctum
1160 4123 1381 4184 Franciscus:
1404 4123 1439 4183 in
1464 4123 1652 4186 humilitate
1671 4124 1717 4186 ita
1740 4123 1890 4200 proiecit,
1917 4127 1956 4187 ut

308 4218 403 4279 illum
419 4218 541 4290 docuit,
558 4220 721 4289 eomodo,
738 4235 777 4280 eo
790 4221 950 4294 tempore,
964 4234 1004 4280 eo
1017 4218 1101 4290 loce,
1159 4219 1339 4280 humiliora
1354 4219 1481 4282 iaciens
1501 4221 1715 4282 fundamenta
1734 4221 1868 4282 aedillcii
1884 4223 1949 4294 sui,

308 4315 428 4391 quihus
450 4315 522 4391 ipse
540 4315 653 4386 voluit,
675 4319 731 4376 cui
745 4318 863 4376 omnio
882 4315 1104 4376 constrator
1157 4316 1194 4377 in
1212 4317 1344 4389 altiora,
1366 4333 1440 4394 quae
1459 4317 1622 4394 superbus
1641 4318 1775 4379 Lucifer
1793 4319 1948 4395 perdidit,

307 4415 345 4472 in
359 4427 497 4474 manus.
513 4411 636 4491 (ioan,
654 4427 718 4473 xrn
732 4413 764 4472 θῖ
778 4409 864 4490 xvi.)
885 4411 970 4472 Huic
990 4412 1102 4474 nullus
1158 4413 1319 4476 fabricam
1341 4415 1502 4477 extulisse
1527 4417 1646 4476 merito
1668 4415 1824 4476 credatur
1844 4437 1853 4476 ε
1873 4433 1892 4475 (ι
1914 4419 1953 4476 ln

308 4509 388 4570 ordo
402 4510 627 4585 praescriptus,
643 4508 756 4569 nullus
767 4509 870 4580 locus,
885 4509 1013 4570 nullum
1023 4511 1103 4570 tem·
1158 4529 1175 4572 c
1191 4513 1326 4589 propria
1337 4513 1469 4589 quidem
1480 4513 1689 4589 reputatione
1702 4513 1787 4573 nihil
1801 4514 1874 4574 arat
1886 4513 1953 4574 nisi

306 4623 384 4683 pus;
412 4608 519 4684 potest
547 4606 713 4667 mediante
742 4606 901 4682 Magistro
926 4607 1102 4684 temporali
1157 4611 1356 4686 «peccator,
1374 4626 1447 4670 cum
1463 4609 1498 4670 in
1516 4611 1657 4672 veritate
1672 4610 1842 4686 speculum
1863 4611 1953 4672 esset

306 4704 436 4776 dooere,
453 4721 528 4765 cum
550 4719 592 4765 ex
607 4706 677 4781 jam
697 4704 793 4765 dictis
816 4719 947 4781 semper
969 4706 1012 4766 sit
1030 4705 1100 4777 ille,
1156 4709 1223 4768 «et
1249 4707 1405 4784 splendor
1425 4707 1622 4768 omnimodae
1645 4708 1832 4769 sanctitatis
1848 4706 1907 4788 (5).
1934 4727 1952 4770 >>

307 4801 363 4878 qui
376 4801 517 4862 interius
531 4801 641 4876 docet;
659 4802 766 4878 potest
783 4803 816 4862 et
830 4802 902 4863 sine
917 4802 1026 4864 medio
1043 4819 1102 4879 per
1158 4807 1264 4880 Super
1287 4803 1373 4865 hanc
1395 4804 1520 4866 studuit
1544 4805 1711 4866 aedificare
1734 4805 1892 4882 seipsum,
1917 4808 1954 4869 ut

307 4899 468 4974 seipsum.
496 4899 694 4960 Hominibus
721 4899 821 4971 enim,
850 4899 906 4977 qui
938 4901 1101 4962 humanas
1157 4902 1290 4978 sapiens
1316 4901 1519 4962 architectus
1547 4901 1798 4964 fundamentum
1825 4905 1951 4980 praeja-

304 4997 394 5058 artes
409 4997 616 5072 profitentur,
631 4997 743 5058 datum
758 4999 809 5058 est
823 4999 956 5074 operari
974 4999 1102 5060 iustru-
1156 4999 1259 5069 ciens,
1283 4998 1368 5074 quod
1394 5013 1415 5058 a
1441 4999 1572 5059 Christo
1594 4998 1767 5060 didicerat.
1793 5001 1953 5062 Doctrina

196 5109 201 5120 ·
309 5095 430 5154 mentis
446 5093 579 5169 mediis;
602 5097 688 5156 Deus
703 5095 826 5166 autem,
844 5096 942 5171 prout
960 5096 1041 5167 vult,
1058 5111 1101 5156 ex
1156 5095 1280 5156 Christi
1295 5097 1368 5157 est:
1390 5099 1428 5157 St
1446 5099 1499 5156 oia
1516 5097 1691 5170 perfectas
1710 5112 1795 5169 esso,
1814 5100 1954 5160 undeet

304 5193 423 5252 natura
440 5207 500 5252 sua
514 5193 622 5268 potest
637 5193 782 5269 operari,
799 5207 860 5252 nec
882 5191 1010 5268 indiget
1023 5193 1098 5252 ins-
1155 5195 1263 5255 occide
1282 5196 1409 5265 omnio,
1431 5209 1508 5267 quw
1530 5197 1648 5266 habes,
1667 5195 1701 5255 ct
1723 5208 1868 5268 sequere
1883 5211 1950 5256 me.

302 5289 483 5361 trumento,
501 5291 579 5366 quia
594 5293 681 5351 Deus
696 5293 824 5350 naturae
838 5293 898 5352 est.
921 5289 975 5350 Sic
989 5294 1099 5366 Apos—
1156 5293 1195 5352 Et
1210 5312 1217 5350 :
1232 5293 1312 5352 Nisi
1324 5294 1400 5363 quis
1417 5293 1674 5354 reacuntiooerit
1684 5295 1857 5364 uerticibus,
1873 5307 1952 5368 quw

354 5439 380 5510 l)
396 5439 484 5512 Aug„
501 5437 549 5496 lib.
563 5441 585 5509 l,
599 5440 723 5512 Soliloq„
738 5453 763 5496 c.
781 5438 825 5495 lii.

341 5511 382 5653 (Ξό
397 5511 640 5653 &griffinus
658 5581 687 5637 in
701 5579 777 5638 Psoi.
792 5593 885 5638 ostiu.

1192 5439 1221 5510 (l
1249 5439 1367 5508 Bonan,
1381 5439 1410 5495 in
1422 5440 1533 5510 Leaen,
1548 5455 1574 5496 c.
1592 5441 1636 5498 l0.

1191 5511 1221 5582 (5
1250 5512 1369 5578 Bonan,
1383 5511 1412 5566 in
1427 5510 1537 5581 iopen,
1551 5525 1577 5568 c.
1593 5511 1620 5580 o,
1637 5510 1783 5569 ubimulta
1796 5511 1861 5568 alia.
