4158 6380
141 236 179 298 lt
675 232 1000 296 Phoenoomnlln.
1023 262 1064 279 -
1084 231 1245 294 nhools.
1422 231 1429 236 ’
1741 233 1779 294 18

139 390 418 462 vulnerationem,
430 389 465 454 ln
478 361 588 465 corde,
602 407 663 470 per
672 391 934 456 macerationem
988 390 1075 471 qued
1099 391 1259 456 scribitur
1281 387 1323 454 de
1347 385 1535 464 Abraham
1557 403 1624 453 non
1646 386 1698 453 est
1718 389 1776 452 in-

139 491 174 551 in
209 490 300 562 cute,
336 503 397 567 per
433 488 629 565 stigmatum·
666 488 931 566 impressionem.
987 487 1105 550 ventus
1121 486 1242 548 similis
1259 485 1310 548 llli
1329 485 1365 548 in
1380 485 1488 562 gloria
1506 483 1555 564 (3)
1572 505 1580 546 =
1598 484 1676 562 quia
1690 484 1779 546 inter
1900 521 1903 528 -

140 585 255 666 (ibid.)
987 599 1100 646 omnes
1117 586 1256 647 sanctos
1273 583 1386 646 nullus
1405 582 1584 650 invenitur,
1599 582 1654 644 cui
1667 581 1710 644 sit
1728 581 1778 642 sie
1828 603 1833 614 ’

179 685 227 745 14.
235 686 342 746 idem.
352 682 502 745 Christus
513 683 603 746 dedit
612 686 648 745 Β.
657 684 836 746 Francisco
849 684 933 759 stig·
987 681 1159 744 evidenter
1180 682 1343 758 impressa
1366 681 1462 742 Bulla
1485 680 1611 742 Summi
1633 678 1777 741 Pontifi-

137 783 238 852 mata‚
269 781 426 856 tanquam
454 795 547 843 arma
569 796 642 854 sua,
662 781 787 844 vexilla
810 797 883 852 suu,
899 782 934 843 et
986 779 1035 842 cis
1046 776 1107 858 (1),
1118 779 1151 840 et
1161 778 1217 855 qui
1229 777 1264 838 in
1275 792 1413 854 corpore
1428 793 1489 840 suo
1499 777 1547 838 sic
1557 776 1659 840 ferret
1668 775 1778 838 vexil-

138 877 328 939 testimonia
356 892 416 938 sua
429 897 437 936 ε
451 877 522 952 ipsa
549 893 691 954 namque
726 876 799 939 erat
834 877 931 940 miles
986 876 1054 938 lum
1070 875 1197 937 Summi
1219 875 1332 950 Regis,
1349 874 1436 936 sicut
1449 874 1657 937 fecitheatus
1670 876 1778 936 Fran-

138 973 273 1045 Christi,
291 973 431 1052 signifer
445 974 580 1047 Christi,
597 975 727 1050 legatus
744 974 879 1047 Christi,
899 976 933 1036 et
986 974 1106 1036 ciscus.
1126 969 1241 1052 (ibid.)

140 1085 250 1148 praeeo
265 1069 398 1132 Christi.
417 1068 533 1150 (ibid.)

178 1168 229 1230 15.
251 1171 360 1230 Idem.
384 1167 468 1241 Quia
487 1168 559 1231 erat
578 1183 687 1244 praeco
706 1169 777 1242 Dei,
794 1169 885 1232 dedit
898 1169 931 1230 ei
984 1168 1774 1240 Pethortusarnemeatoar,Ordtntrhdtnorum.

137 1264 304 1341 stigmata,
329 1265 489 1343 tanquam
517 1265 625 1342 signa,
656 1267 711 1328 vel
738 1267 929 1330 testimonia

135 1377 219 1422 sua:
241 1364 277 1424 ut
300 1362 342 1424 ab
361 1362 514 1424 omnihus
533 1379 643 1440 preco
667 1364 727 1428 Dei
748 1379 931 1440 cognosce-
1022 1337 1073 1398 20·
1092 1336 1229 1414 Signum
1251 1352 1408 1412 magnum
1428 1335 1461 1398 θῐ
1481 1334 1662 1412 Sinsslflfllfls
1686 1334 1777 1396 omni

135 1460 241 1532 retur,
257 1461 290 1522 et
304 1460 407 1522 verba
424 1459 529 1534 illius,
547 1461 642 1538 quasi
658 1475 701 1524 ex
722 1477 781 1525 ore
796 1463 856 1524 hei
868 1475 932 1524 re-
983 1434 1200 1496 V⁰¹¹⁰l2fi0110
1214 1434 1350 1510 dignum
1367 1455 1374 1494 =
1393 1433 1503 1509 utpote
1516 1431 1620 1508 digito
1633 1429 1693 1493 bei
1706 1430 1776 1538 risi

134 1554 337 1633 sperentur,
355 1554 472 1637 (Μ)
983 1529 1148 1607 descripta
1176 1530 1287 1605 imago
1306 1529 1475 1601 crucifixi,
1506 1543 1573 1590 non
1597 1528 1634 1589 in
1654 1526 1777 1589 tahuhs

983 1626 1134 1702 lapideis,
1165 1626 1222 1688 sed
1246 1626 1389 1697 carneis,
1417 1625 1480 1686 hoc
1503 1625 1564 1696 est,
1584 1624 1618 1684 in
1638 1637 1777 1700 corpore

982 1721 1071 1785 beati
1086 1722 1272 1784 Francisci.
1295 1722 1330 1782 Si
1345 1723 1434 1783 enlm
1447 1724 1466 1784 J
1469 1719 1555 1782 udaei
1568 1719 1778 1782 veneraban-

980 1820 1036 1882 tur
1051 1822 1178 1892 Mosen,
1204 1822 1238 1881 et
1251 1818 1382 1881 tabulas
1397 1819 1433 1879 in
1448 1817 1567 1896 quihus
1582 1817 1685 1892 digito
1701 1817 1774 1890 Dei,

980 1917 1035 1980 vel
1062 1917 1252 1978 ministerio
1278 1915 1439 1992 Angelico
1477 1915 1643 1991 descripta
1680 1915 1777 1975 arant

237 1773 412 1834 Hernicus
432 1774 474 1833 de
492 1775 678 1845 Vrtmorto,
695 1775 834 1836 Ordinis

276 1867 517 1931 Erernttarum
533 1871 569 1932 S.
584 1871 780 1946 subrutam.

174 2021 226 2080 16.
249 2021 322 2097 Ipse
337 2019 425 2080 enim
445 2018 563 2082 habuit
578 2021 646 2083 tres
665 2020 789 2094 radios,
808 2019 927 2099 quihus
981 2014 1148 2092 praecepta
1174 2013 1330 2090 Deoalogi
1346 2011 1395 2092 (5)
1413 2034 1420 2073 ε
1438 2013 1562 2091 quanto
1583 2011 1691 2087 magis
1717 2009 1777 2072 de-

132 2116 404 2178 totummundum
413 2116 635 2181 illuminavit:
649 2119 727 2195 quia
739 2117 835 2180 radio
848 2118 928 2180 doo-
981 2112 1096 2175 bemus
1122 2127 1183 2174 nos
1207 2112 1364 2173 venerari
1388 2109 1521 2172 beatum
1547 2108 1794 2179 Franciscum,

28 2251 31 2258 «
131 2214 232 2276 trinae
258 2213 461 2276 illuminavit
483 2213 663 2290 obscuros3
691 2215 785 2277 radio
808 2215 927 2278 beato·
981 2209 1017 2271 in
1042 2213 1137 2287 cujus
1153 2223 1254 2272 earne
1275 2209 1591 2286 ipseChristnatam
1605 2204 1775 2267 mirabili-

35 2977 41 2987 ’
129 2987 251 3065 tepidis
274 2987 402 3063 fugavit
425 2987 679 3064 negligentiam
703 2991 736 3050 et
754 2989 849 3051 radio
863 2990 928 3052 mi·

130 2325 206 2371 rum
222 2312 452 2388 exemplorum
463 2311 776 2387 excitavittepidos;
790 2314 823 2373 st
833 2312 927 2374 radio
981 2307 1034 2368 ter
1047 2306 1224 2382 descripsit
1241 2320 1377 2366 suorum
1393 2304 1569 2366 vulnerum
1580 2302 1773 2378 imaginem,

130 2407 372 2469 miraculorum
394 2407 575 2469 illustravit
598 2408 631 2469 et
645 2408 807 2470 convertit
822 2408 929 2471 obsti·
982 2403 1024 2465 ad
1049 2403 1229 2466 salutarem
1257 2401 1434 2465 utilitatem
1468 2401 1570 2464 totius
1604 2398 1773 2462 Ecclesia.

130 2506 242 2566 natos.
272 2505 313 2566 nt
349 2503 424 2567 ideo
452 2502 493 2565 de
519 2503 593 2580 ipso
614 2505 809 2567 verificatur
841 2505 927 2582 quod
983 2497 1250 2580 (Sarmens,
1264 2496 1457 2578 Frartcisc.)

131 2599 295 2662 scribitur
321 2599 358 2661 in
387 2599 621 2662 Ecclesiastico
639 2621 647 2660 :
663 2601 853 2678 Tripliciter
879 2601 926 2681 (l)

130 2696 181 2758 sol
201 2711 349 2784 exurens
375 2697 515 2769 mentae,
535 2696 649 2758 radios
667 2697 784 2774 igneos
808 2698 926 2760 emni-
1189 2697 1388 2758 Ateccander
1398 2709 1492 2772 popo
1506 2697 1567 2756 IV.

131 2793 230 2866 flans,
258 2795 292 2855 et
318 2793 500 2870 refulgens.
529 2794 614 2855 Nam
641 2794 738 2855 radio
767 2795 926 2858 doctrinae

130 2889 262 2967 fugavit
275 2890 520 2966 ignorantiam
543 2891 639 2952 radio
654 2892 880 2969 exemplorum
891 2893 927 2954 in
1019 2845 1070 2907 2¹·
1088 2845 1166 2906 Hm
1186 2845 1291 2921 'gau'
1304 2859 1389 2906 Μ
1410 2845 1445 2906 θῗ
1463 2844 1585 2907 d0⁰⁰f³
1603 2858 1700 2906 ¹¹⁰Vae
1716 2843 1775 2906 (Ῑθ-

981 2941 1234 3004 monstrationis
1259 2942 1395 3013 indicia,
1413 2957 1542 3017 magnae
1566 2933 1687 3002 debent
1700 2955 1774 3002 esse

981 3039 1160 3109 devotioni,
1168 3039 1293 3101 divitiae
1302 3039 1512 3111 Christianis,
1523 3036 1774 3100 inaestimabiles

980 3137 1154 3213 religionis
1178 3136 1319 3205 deliciae,
1340 3137 1375 3198 in
1395 3134 1626 3213 spiritualibus
1654 3133 1772 3198 convi-

980 3234 1044 3296 viis
1059 3233 1217 3296 Ecclesiae
1238 3231 1444 3295 orthodoxae.
1460 3231 1512 3312 (ln
1527 3232 1619 3294 bulla
1631 3232 1774 3308 destin-

130 3084 323 3146 raeulorum
348 3083 477 3160 fugavit
504 3084 761 3148 obstinationem
782 3087 815 3148 et
833 3087 927 3149 duri-

129 3181 223 3244 tiam.
239 3179 364 3260 (serm.
380 3183 410 3254 3,
424 3185 465 3244 de
478 3183 597 3244 sancto
611 3181 825 3264 Fractaisoo.)

169 3281 221 3340 17.
244 3282 351 3340 idem.
377 3281 442 3340 Per
456 3279 520 3341 hoc
543 3279 633 3342 enim
658 3279 927 3344 conformabatur

129 3377 197 3436 Deo
219 3374 314 3448 vivo,
331 3377 416 3453 quod
437 3377 592 3453 stigmata
615 3379 695 3440 Jesu
714 3378 850 3451 Christi,
866 3395 927 3456 per

128 3471 301 3534 biennium
315 3473 351 3534 in
371 3489 509 3551 corpore
526 3475 661 3552 proprio
676 3476 832 3552 portavit,
852 3492 925 3554 quaa

129 3567 214 3632 hene
237 3572 334 3632 erant
352 3571 483 3647 signum
503 3572 562 3632 Dei
576 3573 645 3635 vivi
662 3588 670 3634 ε
685 3573 763 3650 quia
779 3590 839 3650 per
853 3574 925 3636 haec

130 3667 281 3730 Christus
295 3667 441 3729 ostendit
464 3668 649 3745 discipulis,
670 3686 796 3734 severe
811 3672 924 3734 vivere

129 3766 923 3849 postpassionemsuam,oumdicerat:Videte(2)

129 3877 249 3924 manus
267 3877 369 3934 meas,
392 3863 426 3924 et
446 3861 547 3938 pedes
563 3877 665 3934 meos,
682 3864 759 3941 quia
774 3880 835 3940 ego
852 3866 924 3942 ipse

130 3973 214 4032 sum,
226 3959 312 4036 quod
326 3959 459 4037 quidem
472 3958 604 4034 signum
622 3961 695 4032 Dei,
719 3960 755 4022 in
770 3961 833 4024 hoc
852 3963 925 4024 evi-

87 4109 90 4114 .
128 4055 246 4118 denter
269 4055 435 4133 apparuit,
462 4056 548 4133 quod
582 4056 699 4119 beatus
724 4059 923 4122 Franciseus

129 4152 191 4215 fuit
217 4153 384 4230 sigillatus
409 4153 500 4215 hulla
528 4155 650 4216 summi
678 4156 860 4230 Pontificis,
890 4159 924 4220 et

129 4251 346 4328 consignatus
367 4251 503 4324 vexillo,
524 4254 557 4315 et
583 4253 777 4315 charactere
802 4257 923 4317 summi

126 4350 226 4424 regis,
246 4364 306 4427 per
324 4349 578 4426 impressionem
604 4350 714 4412 deidei
742 4351 920 4428 stigmatis.

129 4442 244 4526 (ibid.)

167 4545 216 4605 18.
233 4547 343 4606 Idem.
368 4545 446 4606 Fuit
470 4545 558 4626 enim
581 4545 677 4609 miles
701 4548 734 4609 et
754 4548 924 4610 vexillifer

128 4639 234 4716 ipsius
249 4641 395 4702 Christi:
412 4646 444 4704 et
463 4641 539 4703 ideo
556 4645 728 4718 praecessit
743 4646 849 4708 aciem
861 4661 924 4708 ex·

128 4738 313 4815 peditorurn
331 4739 485 4810 militum,
506 4739 646 4802 fratrum
666 4742 805 4815 scilicet,
827 4760 922 4806 suam

127 4835 229 4898 vitam
264 4837 297 4898 et
329 4835 491 4911 Regulam
520 4839 750 4913 sequentium,
786 4843 922 4917 portans

127 4933 286 4994 vexillum
296 4933 538 5010 summiliegis,
551 4949 616 5010 quo
635 4937 816 5012 potestates
825 4955 922 5002 aereae

127 5029 296 5106 fugantur,
312 5031 346 5092 et
366 5031 489 5093 Christi
505 5031 628 5094 milites
642 5033 678 5093 in
702 5034 830 5097 actibus
845 5035 920 5098 hel-

127 5126 201 5190 licis
212 5128 461 5190 confirmantur.
480 5128 595 5209 (ibid.)
1013 5135 1066 5196 21.
1082 5136 1151 5210 Ego
1166 5135 1321 5210 stigmata
1341 5133 1473 5195 Domini
1486 5135 1567 5196 Jesu
1582 5133 1616 5194 in
1631 5148 1776 5210 corpore

173 5225 221 5285 19.
245 5225 286 5286 Et
303 5224 378 5286 ideo
397 5223 482 5287 bene
501 5227 656 5304 congruit
670 5231 707 5290 Β.
728 5231 919 5304 Francisco,
976 5247 1049 5294 meo
1065 5231 1171 5310 porto.
1188 5235 1268 5294 Haec
1281 5229 1383 5294 rerba
1399 5233 1432 5294 s.
1445 5232 1568 5294 Paulus
1582 5231 1618 5292 in
1633 5231 1768 5308 propria

980 3333 1129 3394 mutibus
1154 3333 1186 3394 S.
1217 3332 1349 3403 Franc„
1375 3331 1430 3393 cui
1451 3331 1775 3407 initium2Bentprtc

980 3431 1107 3491 dtotnoe
1145 3430 1300 3503 operatio
1329 3429 1527 3502 coleritatis,
1559 3431 1596 3491 tn
1618 3430 1771 3502 rtmnnm.

981 3527 1088 3588 tetum
1104 3527 1235 3598 ordin„
1249 3527 1334 3603 part.
1348 3526 1401 3607 11.)

1018 3625 1070 3685 22.
1093 3624 1226 3686 Grande
1239 3639 1278 3686 ac
1291 3623 1461 3699 singulare
1480 3622 1689 3695 miraculum,
1706 3637 1771 3700 quo

979 3720 1113 3783 beatum
1139 3722 1365 3792 Franciscum,
1400 3721 1548 3783 omnium
1575 3720 1772 3781 Sanctorum

980 3817 1147 3896 splendor,
1170 3820 1202 3880 et
1220 3817 1339 3893 gloria,
1361 3818 1520 3878 Dominus
1538 3820 1636 3880 Jesus
1657 3815 1773 3877 Chris-

978 3916 1031 3976 tus
1046 3913 1246 3976 mlrabillter
1257 3914 1438 3975 decoravit.
1456 3911 1572 3993 (ibid.)

1016 4013 1067 4072 23.
1089 4014 1196 4073 Idem.
1224 4011 1380 4096 Extremo
1397 4013 1468 4088 jam
1490 4011 1634 4072 instante
1656 4009 1772 4070 'saeculi

979 4108 1159 4170 senectutis
1172 4108 1323 4176 interitu,
1338 4107 1483 4170 intendit
1497 4123 1655 4170 excessus
1667 4105 1769 4183 regis,

977 4206 1127 4278 militem,
1153 4205 1257 4282 regiis
1276 4205 1476 4268 militaribus
1495 4204 1691 4281 insignitum
1714 4203 1773 4265 :ut

976 4305 1066 4381 regis
1080 4305 1185 4366 aciem
1204 4306 1274 4381 jam
1290 4301 1469 4377 labentem3
1483 4305 1619 4381 jamque
1634 4301 1675 4364 ah
1688 4302 1771 4364 hos·
1801 4297 1802 4305 ’

976 4401 1065 4464 tibus
1091 4401 1272 4478 fugientem
1302 4400 1510 4473 defenderet,
1544 4401 1577 4462 et
1603 4400 1772 4462 carmmen

977 4499 1193 4561 victoriosum
1210 4497 1469 4574 triumphatoris
1489 4497 1636 4574 superni,
1659 4496 1771 4558 verbis

977 4600 1010 4658 et
1033 4595 1173 4667 actibus,
1197 4594 1348 4656 hostibus
1363 4592 1632 4670 aggredientibus
1646 4593 1772 4670 predi-

976 4695 1098 4754 catum.
1124 4690 1232 4772 (Apud
1250 4695 1283 4752 S.
1299 4691 1576 4768 Bernardinuma
1597 4691 1704 4763 Senis,
1719 4694 1771 4753 De

976 4793 1110 4867 Eueno.
1126 4791 1262 4862 ceteras,
1279 4803 1378 4850 serm.
1390 4790 1440 4861 60,
1458 4803 1531 4865 cap.
1547 4786 1668 4867 arti.)

960 4985 1161 5059 ⁸Dtonpstus
1174 4998 1198 5046 o
1211 4985 1371 5058 Rtbetttn,
1385 4983 1523 5046 Ordinis
1535 4981 1767 5045 carthusiani.

166 5387 339 5460 (librales,
349 5407 443 5450 xxxiv.
1012 5399 1053 5468 (lt
1074 5401 1152 5458 Bulla
1165 5402 1205 5458 De
1217 5398 1311 5470 rtipm.
1327 5397 1367 5458 Cf.
1382 5399 1446 5456 infr.
1463 5399 1625 5460 Alexander
1640 5401 1688 5460 lv.

162 5464 204 5532 (ἲ)
224 5463 317 5545 buca,
331 5477 406 5521 xlllv.
1011 5471 1053 5546 (5)
1074 5469 1175 5540 tired,
1188 5485 1281 5528 xxxiv.
1294 5473 1319 5530 ll
1336 5471 1411 5540 Con,
1425 5483 1465 5527 ln.

165 5534 205 5610 ti)
222 5534 320 5600 licata,
336 5547 412 5590 surr.
