4114 6396
109 267 189 334 1105

88 427 330 490 -summitatem
343 427 443 505 hujus
455 427 559 504 virgae
573 425 633 507 (1),
648 427 784 490 babebit
796 425 896 505 qnid-

106 525 186 603 quid
223 525 370 601 petierit:
410 524 495 586 idest
529 525 585 602 qui
616 525 765 588 imitatus
797 524 898 587 inerit

105 621 231 684 Christi
253 622 440 698 passionem
460 637 563 699 usque
582 621 623 683 ad
648 623 758 694 tinem,
783 622 839 698 qui
864 623 898 682 et

104 719 210 780 dixit:
228 719 511 780 consummatum
525 721 577 781 est
592 717 653 800 (2),
669 720 748 781 tunc
762 716 897 779 babebit

102 814 265 894 quidquid
280 815 458 876 desiderat.

142 915 226 976 Sion
240 912 478 988 interpretatur
499 913 646 988 specula,
665 913 699 974 61
714 911 810 989 virga
830 911 895 978 ista

100 997 246 1080 elicitur,
261 1009 333 1070 sive
348 1008 511 1070 emittitur
524 1025 567 1070 ex
581 1010 730 1086 specula,
747 1009 832 1071 idest
847 1023 897 1070 se-

100 1107 271 1167 cretosum
281 1105 465 1181 majestatis
476 1121 535 1183 per
544 1106 722 1168 adventum
735 1105 774 1166 16
782 1120 894 1177 carne,

101 1207 136 1264 et
149 1217 209 1278 per
227 1202 555 1279 contemplationem:
577 1204 664 1264 unde
685 1203 782 1266 Isaiae
796 1202 861 1282 (21,
877 1205 897 1262 8

100 1299 136 1361 61
149 1298 202 1378 9):
220 1317 240 1359 6
257 1303 364 1376 Super
383 1301 553 1376 speculam
573 1301 704 1362 Domini
727 1316 789 1377 ego
809 1315 893 1372 sum,

101 1397 195 1458 stans
206 1397 333 1473 jngiter
347 1411 406 1473 per
420 1397 530 1459 diem:
548 1400 582 1459 et
595 1413 696 1474 super
710 1397 895 1460 custodiam

99 1509 209 1554 meam
224 1509 286 1570 ego
306 1508 391 1566 sum,
417 1495 508 1556 stans
532 1495 612 1556 totis
639 1494 896 1557 66611166.»Ιο

99 1588 283 1650 subditur:
306 1607 326 1651 c
349 1593 433 1652 Ecce
454 1591 517 1653 1616
539 1591 631 1654 venit
659 1606 818 1654 ascensor
841 1591 895 1652 vir

98 1685 186 1762 bigae
198 1687 344 1763 equitum
355 1688 484 1759 166161,
499 1690 532 1750 et
547 1689 667 1752 cameli
679 1687 739 1768 (3),
752 1704 770 1748 a
783 1688 896 1749 61666·-

98 1783 226 1861 ponuat,
248 1783 281 1844 et
299 1783 408 1845 arnt:
430 1767 568 1857 cecilii,
591 1785 712 1846 cecum
732 1784 891 1862 Babylon,

97 1881 134 1942 et
155 1879 267 1954 omnia
291 1880 459 1957 6661611116
483 1884 555 1958 ejus
582 1882 723 1944 contrita
756 1882 834 1943 sunt
858 1880 893 1941 in

95 1977 268 2039 terram.»
287 1979 372 2055 1666,
397 1979 454 2056 qui
483 1979 558 2051 stat,
588 1977 678 2040 videt
703 1978 889 2039 Dominum.

98 2076 207 2151 Super
217 2075 385 2152 speculam
399 2076 530 2136 Domini
543 2074 696 2136 standum
710 2076 761 2136 661
766 2075 894 2152 jugiter

9 2203 10 2206 π
96 2185 158 2247 per
172 2171 259 2233 diem
273 2171 443 2244 virtutum,
464 2175 498 2234 et
514 2171 677 2234 bonorum
689 2187 841 2248 operum,
859 2172 892 2232 61

94 2268 176 2329 16116
202 2267 355 2330 noctibus
390 2283 493 2345 super
515 2268 711 2340 custodiam,
743 2268 822 2344 quia
850 2267 892 2328 de

94 2365 194 2426 nocte
221 2363 312 2426 iures
339 2365 516 2428 intendunt
542 2364 689 2442 diripere
715 2364 833 2441 spolia,
859 2364 893 2425 61

94 2460 264 2522 daemones
287 2461 466 2523 intendunt
491 2461 587 2524 nobis
612 2461 758 2539 diripere
782 2461 890 2537 spolia

96 2558 270 2619 virtutum.
291 2558 372 2620 Tota
386 2557 542 2620 61161616
564 2557 686 2620 dicitur
706 2573 785 2630 nox,
812 2557 890 2634 quia

97 2654 198 2731 61666
212 2656 263 2718 661
274 2654 388 2717 multis
400 2655 669 2727 adversitatibus,
686 2657 719 2718 et
730 2655 887 2716 miseriis.

95 2750 360 2827 Ascensorbigae
373 2751 472 2824 asini,
484 2754 518 2814 et
529 2751 647 2813 cameli
662 2752 812 2814 Christus
825 2753 886 2824 est,

91 2847 152 2924 qui
167 2863 234 2909 non
249 2849 399 2910 ascendit
419 2863 522 2927 equos
541 2848 718 2926 superbiae.
739 2853 805 2911 Per
818 2851 889 2910 asi-

94 2961 176 3006 num
194 2944 373 3020 ignobiles:
394 2961 455 3022 per
468 2947 631 3008 camelum
651 2947 792 3018 nobiles,
808 2945 886 3024 quia

90 3041 136 3104 de
151 3041 200 3102 eis
215 3041 312 3103 electi
327 3043 415 3114 6661,
432 3043 465 3104 61
483 3044 635 3106 conversi
655 3045 734 3105 sunt
751 3044 793 3104 ad
809 3059 888 3120 por-

89 3137 230 3200 tandum
252 3141 370 3216 jugum
394 3139 517 3202 Christi
541 3161 549 3200 ε
576 3156 643 3202 666
672 3140 819 3218 superbi,
845 3139 886 3201 de

87 3234 212 3312 quibus
226 3235 400 3312 sequitur:
422 3235 559 3310 0661011,
581 3237 702 3300 cecidit
719 3237 883 3314 Babylon:

89 3329 127 3393 in
142 3347 206 3408 quo
228 3333 363 3394 notatur
381 3333 505 3409 duplex
525 3334 636 3402 ruina,
659 3334 789 3396 scilicet
809 3349 886 3396 cor-

88 3428 194 3506 poris,
207 3430 241 3490 et
250 3430 382 3500 animm,
395 3429 472 3506 quia
484 3431 520 3490 16
535 3431 676 3506 utroque
686 3432 882 3507 punientur:

88 3525 179 3586 6606
201 3527 356 3588 teremise
379 3523 444 3604 (17,
468 3525 521 3604 18)
543 3543 586 3586 :a
607 3527 738 3603 Duplici
759 3527 886 3590 contri-

87 3621 182 3683 tione
196 3625 331 3684 contere
344 3637 413 3694 eos,
427 3639 447 3682 r
461 3622 600 3684 Domino
616 3625 703 3684 Deus
718 3625 842 3686 noster.

129 3720 275 3780 Emittet
288 3723 457 3781 Dominus
471 3733 518 3781 em
531 3722 631 3792 stom
647 3719 735 3781 unde
748 3719 784 3780 in
797 3723 885 3782 Deu-

88 3815 277 3878 teronomio
299 3813 363 3895 (33,
383 3813 417 3893 2)
434 3836 441 3876 ε
459 3833 478 3876 c
493 3819 580 3876 Deus
601 3816 642 3877 de
666 3815 759 3877 Sinai
779 3817 882 3889 venit,

485 268 593 332 Plus
623 268 768 332 PRIMA.
784 297 825 314 -
843 267 1062 330 expositio
1090 267 1136 330 IN
1163 267 1366 332 assultus.

1666 272 1744 336 tlte

950 427 1227 505 compunctionis,
1249 427 1322 504 ipso
1343 424 1541 506 1666166616
1564 428 1611 493 Do
1632 429 1745 496 monte
1834 455 1840 463 ·

951 525 1097 595 Pharan,
1114 525 1200 602 quod
1215 525 1455 602 interpretatur
1473 525 1580 600 ieron,
1601 527 1747 590 161166-

951 621 1207 696 6116610661οο
1229 622 1428 684 excellentia
1448 621 1644 686 ferocitatis.
1667 627 1747 688 Haec

951 720 1002 780 est
1027 717 1183 780 ferocitas
1204 718 1338 790 fertilis,
1364 720 1398 780 et
1421 719 1585 792 iracunda,
1615 720 1658 782 06
1681 736 1746 798 qua

951 817 1089 893 apparet
1108 815 1280 886 Dominus,
1297 815 1355 876 illa
1370 815 1510 891 scilicet,
1532 816 1580 878 06
1591 833 1656 894 qua
1671 817 1745 895 ipse

951 912 1032 974 dicit
1046 933 1053 972 :
1069 915 1108 974 St
1122 915 1199 985 6616
1213 911 1308 974 uenit
1323 915 1369 974 60
1383 927 1449 983 me,
1466 913 1499 974 61
1519 928 1590 975 666
1604 915 1675 976 6011
1688 929 1748 988 66·

951 1011 1170 1076 tremscum,
1193 1009 1395 1070 6161616666
1417 1010 1651 1085 6666166166,
1674 1024 1744 1072 aton

951 1103 1333 1184 66166016666016616,
1347 1106 1395 1177 14,
1404 1107 1461 1181 26;
1474 1106 1603 1179 matth,
1617 1108 1666 1179 10,
1677 1104 1743 1186 37).

1210 1381 1350 1441 SERMO
1372 1380 1478 1441 CCIX.

950 1516 1032 1586 Quod
1045 1515 1181 1576 sacerdos
1202 1516 1287 1576 debet
1303 1517 1455 1576 assimilari
1468 1515 1678 1577 Melchisedech
1693 1533 1744 1592 per

1100 1604 1207 1673 omnis,
1223 1610 1254 1661 ut
1268 1602 1464 1662 hereditatem
1479 1603 1594 1663 habeat.

947 1737 1089 1799 Iuravit
1103 1741 1283 1813 Dominus,
1306 1739 1341 1799 61
1361 1753 1431 1800 666
1448 1739 1628 1813 6666116111
1641 1753 1743 1800 eum:

988 1837 1037 1895 111
1058 1848 1095 1895 66
1117 1837 1279 1895 sacerdos
1301 1837 1340 1895 01
1362 1834 1535 1895 eternum
1554 1837 1742 1896 secundum

987 1933 1146 1992 craterem
1159 1933 1412 1993 Melchisedech.
1430 1928 1533 2010 (Ρ661.
1552 1932 1622 2002 100,
1638 1928 1685 2011 4.)

987 2072 1050 2144 061
1071 2071 1280 2134 assimilatur
1299 2071 1545 2134 Melchisedech
1565 2071 1601 2133 in
1623 2087 1740 2134 sacer-

947 2167 1049 2241 dotio,
1066 2169 1117 2230 illi
1127 2169 1268 2241 jurave
1285 2172 1466 2242 Dominae,
1488 2169 1522 2230 et
1539 2184 1610 2231 666
1625 2173 1742 2244 66661-

947 2265 1028 2328 16611
1042 2279 1133 2338 eum,
1151 2265 1193 2326 de
1207 2265 1394 2326 sacerdotio
1409 2263 1574 2327 habendo.
1596 2268 1633 2326 16
1652 2265 1741 2328 Μ61-

946 2362 1126 2424 chisedech
1147 2362 1424 2424 considerandum
1449 2363 1501 2423 est
1521 2377 1637 2439 genus,
1661 2363 1741 2441 quia

945 2458 986 2521 de
1012 2459 1118 2535 patre,
1144 2459 1198 2520 vel
1221 2459 1262 2520 de
1288 2459 1394 2520 matre
1417 2461 1490 2535 ejus
1519 2475 1585 2521 non
1618 2459 1743 2536 legitur

946 2555 1061 2635 (Hebr.
1076 2560 1108 2626 7,
1121 2555 1168 2634 3),
1187 2555 1339 2633 quamvis
1355 2555 1510 2618 habuerit
1523 2553 1583 2635 (5).
1609 2557 1664 2619 Sic
1683 2571 1741 2618 sa·-

944 2651 1062 2714 cerdos
1075 2652 1171 2716 dehet
1184 2668 1260 2714 6666
1275 2652 1347 2714 6166
1361 2667 1496 2728 genere.
1514 2657 1551 2714 16
1563 2653 1738 2716 Melchise-

944 2750 1028 2811 dech
1040 2749 1274 2812 consideratur
1291 2765 1397 2824 genus
1412 2771 1419 2810 ι
1436 2752 1547 2812 06666
1567 2752 1678 2812 autem
1693 2749 1738 2812 il-

943 2847 1009 2908 1166
1024 2849 1074 2909 661
1092 2847 1167 2908 6166
1185 2861 1320 2924 genere.
1340 2847 1396 2908 Sic
1414 2861 1520 2922 gentis
1542 2847 1737 2920 sacerdotis,

943 2945 1000 3021 qui
1026 2945 1099 3006 vult
1124 2959 1198 3005 esse
1217 2945 1340 3004 similis
1362 2943 1619 3016 Melchisedech,
1643 2944 1741 3006 debet
1810 3005 1817 3030 ,Ι

942 3057 1016 3103 6666
1034 3042 1108 3102 6166
1125 3056 1259 3118 genere,
1282 3043 1318 3104 ut
1337 3042 1435 3118 patri,
1457 3042 1489 3103 61
1508 3041 1607 3103 matri
1628 3041 1736 3104 dicat:

942 3139 1738 3215 NesciovospropterDeum3undeinDeutarono·

940 3235 1007 3298 mio
1024 3233 1088 3315 (33,
1098 3238 1119 3298 0
1128 3237 1161 3298 61
1174 3235 1225 3314 10)
1239 3257 1246 3296 :
1258 3253 1277 3296 c
1290 3236 1352 3308 Qui
1364 3236 1450 3297 dixit
1462 3236 1560 3313 patri,
1575 3237 1608 3298 et
1620 3235 1734 3297 matri:

940 3333 1062 3394 Nescio
1072 3343 1150 3406 uos;
1164 3334 1198 3396 61
1211 3332 1369 3394 iratribus
1381 3333 1470 3394 suis:
1482 3334 1689 3408 Ignorovos3
1702 3332 1736 3395 61

941 3431 1133 3492 6666166661
1144 3430 1232 3492 illios
1249 3445 1339 3491 suos.
1355 3429 1399 3490 Hi
1415 3429 1646 3492 custodierunt
1666 3429 1740 3492 616-

940 3527 1054 3602 quium
1070 3527 1176 3598 tuum,
1195 3526 1228 3588 61
1247 3529 1379 3603 pactum
1393 3526 1487 3588 tuum
1502 3529 1732 3589 seruauerunt.

939 3622 1071 3684 Judicla
1085 3624 1155 3692 166,
1172 3621 1320 3692 otacob,
1344 3623 1377 3682 et
1398 3622 1506 3697 legem
1519 3623 1623 3695 tuam,
1640 3637 1659 3684 o
1681 3625 1735 3684 Is-

940 3718 1009 3780 rael
1035 3739 1043 3778 :
1064 3717 1194 3780 Ponant
1213 3717 1396 3794 thymiama
1419 3717 1456 3778 in
1475 3716 1588 3780 lurore
1609 3718 1677 3792 tuo,
1703 3719 1737 3781 61

939 3815 1170 3878 holocaustum
1184 3827 1285 3890 super
1297 3813 1405 3876 altare
1416 3813 1522 3876 tuum.
1541 3831 1560 3874 s
1574 3816 1658 3876 11666
1672 3831 1733 3876 66-

89 3912 125 3975 61
146 3912 187 3974 06
209 3912 283 3974 Seir
304 3914 396 3975 ortus
423 3913 474 3974 661
494 3912 590 3974 nobis
612 3933 621 3974 ι
643 3915 678 3975 61
703 3913 745 3974 06
772 3915 884 3975 monte
935 3912 1081 3990 jusmodi
1106 3910 1249 3974 debeant
1270 3925 1343 3972 esse
1365 3909 1569 3984 sacerdotes,
1588 3912 1622 3973 61
1645 3912 1732 3990 quod

84 4008 223 4074 Ph'aran
239 4009 424 4087 apparuit»
438 4007 545 4070 nobis.
562 4011 609 4072 De
622 4009 728 4084 Sinai,
745 4009 832 4071 idest
843 4010 883 4072 06
937 4025 1044 4085 penus
1063 4022 1190 4078 eorum,
1211 4007 1340 4069 scilicet
1358 4007 1395 4068 ut
1414 4007 1482 4070 sint
1502 4007 1575 4070 sine
1591 4023 1730 4085 genere:

86 4106 255 4178 mandato,
282 4106 370 4168 idest
395 4106 436 4168 de
464 4106 678 4169 obseruantia
703 4106 882 4170 mandato·
938 4107 1017 4184 quia
1039 4105 1103 4168 hoc
1125 4103 1224 4167 debet
1245 4121 1320 4166 6666
1345 4119 1452 4181 genus
1476 4105 1672 4178 6666606116,
1698 4107 1735 4170 61

85 4217 162 4262 rum
177 4202 237 4263 Dei
251 4204 358 4279 venit:
383 4203 470 4265 uude
491 4203 527 4266 in
552 4203 727 4266 Parabolis
745 4203 790 4282 (0,
805 4204 880 4283 23):
934 4219 1004 4264 -non
1016 4201 1140 4264 sentiat
1152 4201 1458 4264 carnales'affectus
1471 4217 1551 4279 erga
1564 4203 1732 4279 parentes.

85 4299 296 4360 Mandatum:
324 4299 456 4361 Domini
485 4306 627 4364 1666666
652 4301 705 4363 661
728 4300 789 4381 (4),
820 4308 883 4365 tae:
937 4302 1020 4363 Item
1038 4292 1602 4375 61616116606611616161111166116,
1625 4301 1735 4362 etso-

86 4393 883 4470 6116161616666601661611616.0636066166
936 4398 998 4460 ciis
1026 4399 1099 4475 etus
1127 4395 1351 4458 esurientibus
1375 4411 1515 4471 partem,
1551 4398 1734 4460 61616666

85 4489 882 4573 66166016,66601616666616166111661066,6616
936 4492 1115 4572 (066.,14,
1135 4491 1200 4572 18).
1227 4494 1283 4556 Sic
1304 4493 1402 4555 debet
1425 4496 1458 4555 61
1478 4493 1634 4554 sacerdos
1657 4507 1734 4555 6666

84 4587 122 4648 16
145 4588 255 4647 mente
281 4587 425 4647 contrita
443 4588 551 4649 oritur
576 4591 663 4650 Deus
686 4592 727 4653 de
751 4593 881 4668 spineto
935 4591 1085 4654 imitator
1099 4593 1182 4668 ejus,
1199 4591 1277 4668 quia
1297 4591 1369 4668 ipse
1386 4589 1543 4652 sacerdos
1564 4588 1662 4651 debet
1675 4589 1731 4651 oi·
1794 4578 1797 4587 ⁴

87 4681 374 4759 compunctionis:
395 4683 483 4746 6606
499 4681 604 4762 (Ρ661.
619 4687 670 4758 31,
688 4685 742 4766 4);
761 4705 779 4750 e
795 4691 882 4752 066-
935 4687 1023 4750 terre
1047 4689 1231 4750 doctrinam
1254 4686 1496 4762 esurientibus:
1524 4687 1612 4748 unde
1636 4686 1732 4750 166166

83 4795 204 4842 versus
219 4797 292 4842 sum
307 4780 343 4842 in
360 4794 510 4843 arumna
526 4797 612 4855 mea,
633 4781 712 4844 dum
733 4785 878 4862 contigi·
935 4785 1001 4864 (21,
1016 4783 1068 4863 14)
1080 4807 1088 4845 2
1100 4802 1119 4846 e
1132 4784 1194 4858 Qui
1207 4783 1366 4846 habitatis
1378 4785 1502 4846 terram
1515 4783 1642 4856 Austri,
1657 4799 1731 4846 cum

83 4877 219 4942 turrin
232 4877 341 4940 mente
353 4892 428 4940 mea
441 4877 538 4957 spina
550 4880 794 4954 conversionis,
808 4883 881 4945 sive
935 4881 1077 4962 panibus
1091 4881 1257 4944 occurrite
1277 4880 1465 4958 rugienti.»
1486 4883 1552 4942 Per
1571 4881 1730 4942 Austrum

120 5071 160 5140 (l)
175 5069 268 5138 lieth,
284 5071 312 5134 1.
329 5072 374 5128 tl.

120 5142 162 5210 (6)
178 5142 252 5199 103„
290 5141 323 5198 19
350 5142 386 5198 30
934 5076 971 5135 60
990 5077 1145 5150 Evagrium
1165 5075 1312 5149 explicans
1330 5072 1542 5147 1116016661611
1561 5072 1729 5133 0611616111-

934 5147 1051 5216 sedech,
1071 5148 1133 5204 6166
1152 5155 1241 5219 patre,
1265 5147 1328 5204 sine
1350 5147 1526 5212 616116,611;
1544 5164 1556 5194 ι
1573 5146 1636 5202 Nou
1654 5145 1730 5218 quod

104 5211 160 5292 Ι(3)
177 5212 267 5275 Asini,
284 5217 312 5267 61
327 5212 439 5269 cameli.
453 5209 483 5270 10
496 5211 601 5286 legitur
613 5212 641 5270 in
655 5215 795 5287 superiori
808 5231 835 5273 v.
851 5219 878 5288 7,
934 5218 1042 5290 absque
1053 5224 1144 5290 patre,
1156 5225 1184 5274 61
1196 5223 1285 5274 matre
1296 5215 1389 5282 luerit,
1401 5229 1466 5272 cum
1476 5214 1605 5274 Christus
1615 5229 1728 5288 666666

84 5279 212 5362 ejusdem
224 5281 333 5353 66611
349 5283 431 5338 16616
443 5298 480 5364 ³.‘
495 5285 531 5340 111
545 5283 614 5341 vidlt
626 5299 740 5343 currum
756 5285 877 5346 duorum
932 5287 1090 5346 secundum
1111 5296 1260 5359 utramque
1278 5294 1409 5343 naturam
1428 5293 1457 5343 et
1476 5292 1586 5358 patrem
1600 5285 1731 5344 habuerit

83 5359 412 5424 equitanuascensoram
423 5353 505 5420 66161,
513 5362 542 5411 61
550 5369 732 5412 ascensorem
741 5359 876 5415 cameli.»
932 5366 963 5416 61
973 5367 1105 5427 matrem,
1117 5357 1167 5414 sed
1198 5357 1254 5414 660
1269 5357 1362 5414 subito
1377 5356 1572 5415 introducatur
1585 5357 1613 5413 16
1625 5357 1730 5414 Genesi

103 5421 260 5506 ι(4011616.
274 5437 281 5476 :
297 5421 464 5506 blandulum
477 5424 593 5506 lucerna
608 5432 661 5496 est,
676 5433 704 5484 et
717 5427 764 5484 tex
778 5427 835 5498 lux,
850 5437 879 5488 61
931 5431 1091 5488 occurrisse
1105 5373 1250 5486 Abraham
1261 5443 1277 5486 a
1290 5426 1368 5485 6606
1380 5426 1506 5486 hostiurn
1521 5427 1690 5508 revertenti,
1701 5433 1731 5483 61

81 5507 127 5548 ill
143 5499 208 5548 Diffi
222 5492 562 5566 01010110000001111166.
931 5515 986 5558 666
1000 5507 1078 5570 6616,
1093 5514 1146 5559 666
1160 5507 1258 5574 666166
1274 5497 1340 5573 ejus
1356 5513 1462 5556 nomen
1477 5497 1583 5556 teratur
1597 5495 1726 5571 606666-

119 5562 160 5634 (11)
184 5562 320 5630 Quamvis
343 5559 481 5622 habuerit
510 5565 538 5624 S.
571 5566 762 5644 llieronymus
786 5570 875 5645 Epist.
932 5578 1033 5648 tupi.»
