4118 6390
324 285 405 348 1275
933 275 1063 338 INDEX
1084 277 1375 341 Mnueninutltl.
1620 299 1624 306 ·
1905 281 1975 340 7276

326 443 418 502 Serm.
434 441 461 499 6.
487 442 528 499 06
547 453 606 496 666
622 442 756 510 martyre,
776 433 822 491 vel
837 431 1012 504 confessore,
1175 433 1265 491 Serm.
1280 432 1324 489 36.
1339 435 1371 490 16
1388 430 1460 489 16676
1471 432 1558 490 66766
1570 431 1718 515 blartyris3
1735 442 1764 492 et
1778 436 1873 507 66617-

361 513 410 584 667
428 511 529 568 6767767
543 525 592 567 vas
605 507 781 564 admirabile.
1066 503 1120 560 586
1209 510 1253 559 767
1267 517 1318 575 667
1329 502 1531 560 discretionem
1545 511 1620 560 revit
1630 519 1661 562 66
1671 504 1766 576 iustus
1771 520 1780 574 3
1800 521 1875 578 qua·

327 583 418 640 Serm.
436 584 461 639 7.
477 585 519 638 06
533 579 681 652 multiplici
695 575 817 635 lustitia.
1067 575 1120 632 687
1209 575 1272 630 17767
1284 573 1460 642 1166766776,
1478 573 1551 632 76667
1573 543 1720 632 demones
1740 578 1869 634 vincun-

327 653 418 710 Serm.
447 652 474 707 8.
500 651 624 719 Qualiter
653 656 746 705 astare
769 644 906 702 debemus
929 658 1014 701 mane
1210 651 1264 700 tur.
1929 651 1973 706 666

362 722 501 790 0676766;
522 720 600 778 6766
615 718 761 790 multiplici
776 717 936 786 7676677676.
1067 713 1121 770 690
1175 715 1265 771 Serm.
1283 711 1614 785 36066766767616767.
1928 721 1975 777 667

327 793 418 850 Serm.
432 792 459 848 9.
476 793 516 848 06
527 787 884 848 niultamiserieordiaDei.
897 789 937 841 06
949 783 1016 841 667Ι
1175 785 1265 842 Serm.
1280 785 1462 852 annualiter
1479 782 1607 842 06776766
1626 785 1728 842 6767767
1744 789 1872 858 7677676;

361 861 499 930 77676067,
515 861 624 918 676616
648 859 739 916 767666
755 857 838 929 hujus
852 855 975 912 aedilicii.
1067 855 1120 912 693
1210 862 1238 910 et
1248 853 1284 910 de
1299 854 1458 926 ignominia
1474 853 1574 912 mortis
1586 855 1658 927 ejus.
1929 860 1975 916 667

327 933 418 988 Serm.
443 933 485 990 10.
508 935 549 990 06
568 875 671 1002 triplici
684 935 764 986 scuto
782 933 880 984 eontra
897 924 1015 982 insidias
1175 925 1264 982 Serm.
1282 925 1326 1007 38.
1340 925 1442 1006 Contra
1456 925 1600 1007 prelatos,
1615 924 1799 984 6766667667
1812 945 1868 985 su·

361 1002 497 1070 bostium,
1067 995 1121 1052 7796
1210 995 1318 1068 perbis,
1330 995 1450 1064 luxuria,
1466 997 1762 1064 etaaaritiaQualiter
1775 998 1873 1056 06776-

326 1072 417 1130 Serm.
435 1073 478 1129 ll.
499 1074 540 1128 De
556 1072 666 1127 insania
685 1068 853 1141 peccatoris,
866 1075 895 1125 et
909 1066 1014 1124 lurore.
1210 1072 1317 1138 tusper
1330 1064 1456 1122 67667776
1472 1073 1588 1138 peecata
1604 1067 1758 1125 obsidetur.
1924 1071 1973 1128 667

361 1145 402 1202 06
416 1149 557 1200 vetustate
570 1141 689 1215 peccati.
703 1143 744 1196 06
757 1139 858 1211 77761767
874 1138 955 1194 66676
968 1137 1015 1193 66
1176 1137 1266 1193 Serm.
1289 1137 1335 1192 39.
1357 1135 1464 1192 Thema
1488 1138 1518 1192 in
1539 1138 1672 1208 passione
1690 1139 1804 1206 0677677,
1820 1141 1872 1197 761

361 1213 458 1270 minis
1067 1205 1119 1262 699
1210 1207 1351 1278 Martyris,
1368 1207 1552 1279 7666666777
1575 1207 1686 1265 liberari
1702 1218 1870 1281 66667667,

325 1285 417 1342 Serm.
435 1285 478 1341 17.
495 1283 632 1340 0616666
654 1279 777 1347 6766616,
794 1285 823 1335 67
834 1278 871 1334 66
885 1277 1012 1349 6766776·
1210 1277 1348 1358 sciliceta
1364 1275 1482 1344 tramea,
1500 1292 1515 1333 a
1535 1291 1617 1346 cane,
1643 1279 1766 1347 616666,
1786 1282 1873 1337 6766

361 1355 465 1411 tatibus
475 1354 547 1410 e'us.
560 1355 599 1410 06
611 1355 807 1424 perseeutione
822 1349 1013 1406 inimieorum.
1068 1347 1119 1403 601
1209 1361 1354 1414 unicornu
1367 1355 1396 1403 et
1430 1348 1745 1406 nalitertranseundum
1759 1357 1803 1407 est
1815 1366 1872 1422 per

256 1483 263 1494 ,
326 1371 803 1504 86767.177167676677676167677..
902 1490 908 1502 ·
1068 1417 1120 1474 obt
1209 1362 1445 1474 terramdiabo‘fi.
1557 1488 1592 1502 ..
1842 1493 1850 1504 .
1926 1425 1974 1481 676

326 1497 417 1558 serm.
435 1495 478 1551 li.
494 1496 535 1551 06
549 1491 707 1550 admirabili
722 1491 843 1548 Nomine
859 1491 919 1560 067,
936 1496 965 1546 67
978 1486 1014 1546 66
1175 1487 1266 1545 Serm.
1288 1488 1332 1545 lili.
1349 1491 1390 1546 06
1417 1487 1593 1570 quadruplici
1621 1503 1731 1546 mensa.
1753 1493 1794 1547 06
1812 1498 1868 1548 tri-

361 1565 562 1636 tripliciterra,
579 1578 664 1636 quam
682 1562 817 1618 visitavit.
1066 1557 1119 1618 607
1210 1558 1276 1686 filici
1305 1573 1380 1630 pane
1405 1558 1521 1626 diaboii,
1554 1575 1612 1631 666
1641 1561 1732 1617 malos
1761 1561 1867 1620 767677.

325 1637 417 1696 Serm.
436 1636 478 1692 16.
502 1636 543 1692 06
564 1633 674 1690 insidiis
688 1631 803 1698 diaboli,
817 1629 893 1688 etde
908 1629 1012 1702 decep·

361 1707 438 1764 tione
454 1705 572 1778 peccati.
594 1706 635 1762 06
650 1702 798 1786 multipiici
813 1701 880 1771 line,
896 1699 1015 1773 676666
1210 1701 1251 1756 06
1265 1699 1366 1772 77761767
1381 1699 1542 1768 beatudine,
1550 1715 1636 1782 quam
1645 1699 1750 1758 666667
1758 1703 1867 1761 Sancti.
1927 1706 1975 1763 673

325 1791 410 1907 s⁰⁰¹
425 1777 583 1905 ll⁰⁰l⁰ll
596 1773 698 1902 ‘ill‘
711 1774 843 1900 77777..
857 1841 1014 1900 666..
1068 1767 1121 1827 ⁶¹⁰
1176 1770 1375 1898 Β776777
1390 1769 1870 1903 777770677777777

347 1859 1014 1990 θ77171716.17677687777777777,(17766766666677667176
1068 1980 1121 2037 m
1175 1883 1466 2040 8766664017666776761,
1482 1919 1510 1968 67
1523 1859 1865 2042 66663761776717611777711777767.
1924 1919 1974 1975 676

327 1996 476 2115 sewi?
495 2055 620 2124 Qualiter
632 2061 796 2127 peccatores
812 2051 964 2112 bominum
979 2049 1014 2108 i'r·
1195 1995 1419 2136 θ671716677667617,
1429 1995 1619 2111 aetvevnerlitas.¹
1629 1999 1868 2134 οἓρ77ξ7167777677170

362 2129 448 2184 ritant
456 2127 621 2199 patientem,
634 2123 807 2204 exacerbant
815 2123 920 2192 166676,
932 2137 1013 2180 aina·
1210 2122 1263 2181 bus
1277 2129 1449 2206 testimonia,
1465 2129 1709 2206 etnteatanientum
1725 2141 1799 2206 eus.
1922 2130 1973 2186 676

362 2199 454 2254 776667
468 2196 589 2254 6616676.
602 2199 636 2254 Et
646 2194 681 2252 de
696 2195 737 2251 ira
749 2193 887 2266 ejusdem.
1067 2191 1121 2250 ott
1176 2191 1265 2250 Serm.
1290 2193 1333 2250 it.
1351 2196 1391 2250 06
1407 2193 1509 2266 triplici
1525 2194 1678 2263 ablutione,
1695 2198 1806 2254 6677667
1820 2196 1865 2254 76·

325 2269 417 2326 Serm.
429 2269 471 2325 76.
482 2267 583 2326 Contra
597 2280 699 2323 avares
711 2265 824 2337 impios,
835 2265 881 2336 667
895 2277 1015 2335 perata·
1209 2264 1274 2328 ciel.
1300 2264 1376 2333 lecti,
1406 2271 1435 2322 et
1458 2278 1571 2336 manus,
1598 2280 1663 2339 quie
1682 2265 1712 2324 lit
1732 2268 1761 2324 76
1773 2269 1867 2340 poeni·
2047 2303 2048 2312 i

360 2339 453 2396 ritiam
470 2340 560 2394 06676
575 2337 695 2393 irritant.
711 2336 752 2393 06
762 2335 908 2403 667767676,
923 2342 951 2392 67
963 2333 1012 2390 de·
1210 2335 1310 2390 tentia.
1480 2406 1485 2416 Ι
1924 2341 1972 2397 667
2047 2313 2048 2374 l

362 2409 524 2466 lectatione.
1068 2402 1121 2460 610
1175 2403 1265 2462 Serm.
1291 2405 1335 2462 17.
1362 2405 1403 2462 06
1426 2403 1573 2462 obsidione
1599 2405 1705 2465 diaboli
1727 2405 1869 2466 adsersus

325 2479 416 2538 Serm.
433 2479 476 2535 19.
497 2475 577 2546 0666
591 2483 649 2534 7766
662 2482 729 2533 6667
743 2475 870 2534 67676676
886 2473 1013 2534 Ecclesia
1210 2476 1347 2543 animam,
1362 2483 1391 2533 67
1405 2475 1440 2532 66
1453 2473 1619 2533 6616667666
1634 2485 1740 2535 nostra.
1923 2483 1972 2538 683

364 2547 753 2620 06766167667066676666
766 2546 1015 2617 66666767716667·
1175 2545 1266 2602 Serm.
1289 2545 1333 2602 76.
1356 2545 1436 2614 Quod
1455 2546 1503 2617 qui
1524 2547 1594 2618 petit
1617 2549 1795 2620 temporalia,
1820 2550 1862 2606 nil

1250 1636 1311 1685 ntra
1333 1629 1451 1701 indigne
1466 1637 1611 1686 sumentes
1627 1645 1731 1702 corpus
1748 1632 1867 1691 0677677.

360 2705 438 2772 nem,
452 2689 497 2746 vel
511 2687 547 2745 ad
558 2687 789 2770 predicationem
802 2685 949 2744 transferri
957 2700 966 2756 3
979 2688 1014 2770 177
1210 2693 1253 2742 667
1266 2688 1353 2768 Deus,
1367 2685 1455 2743 67667
1470 2687 1622 2770 invenitur.
1640 2691 1675 2746 Et
1693 2619 1868 2762 ffieepliltdeffi

381 2759 428 2817 uid
444 2774 493 2831 per
503 2773 651 2841 passerem
666 2759 858 2830 significatum
872 2760 906 2814 177
921 2756 957 2813 66
973 2771 1013 2813 67·
1209 2755 1410 2814 beatudinibus
1424 2771 1560 2830 corporis.
1923 2763 1973 2820 685

358 2776 398 2891 aa
433 2828 590 2900 passionis;
617 2829 651 2890 Et
693 2829 792 2884 naliter
814 2841 863 2899 per
893 2835 1013 2884 mortem
1175 2825 1265 2883 Serm.
1282 2827 1327 2883 76,
1350 2830 1392 2884 06
1413 2841 1464 2898 spe
1478 2827 1572 2884 cordis
1590 2828 1620 2886 76
1635 2829 1766 2887 Domino.
1783 2831 1868 2898 Quod

362 2900 463 2960 christi
484 2906 615 2972 peccator
627 2843 745 2970 66777667
758 2897 926 2966 vivillcatur,
939 2895 1014 2968 quod
1210 2897 1289 2954 avari
1312 2896 1379 2955 lacti
1406 2903 1472 2954 sunt
1497 2900 1579 2969 quasi
1600 2901 1730 2958 columba
1746 2901 1867 2959 seducta

360 2970 553 3043 significatum
565 2975 609 3026 est
618 2983 668 3041 per
683 2969 755 3026 duos
768 2983 900 3039 passeres
913 2969 942 3024 76
959 2971 1012 3026 Le·
1210 2981 1267 3023 non
1283 2967 1392 3024 habens
1406 2983 1464 3024 cor.
1686 3025 1692 3032 ,
1924 2973 1971 3028 666

360 3043 457 3099 vitice.
1067 3037 1120 3094 dl8
1175 3036 1265 3094 Serm.
1282 3038 1326 3094 77.
1342 3038 1468 3107 Qualiter
1479 3037 1646 3097 cohibendae
1661 3049 1737 3109 sunt,
1753 3049 1782 3098 67
1796 3039 1868 3099 6777-

324 3115 417 3180 Serm,
434 3111 478 3170 70.
496 3111 620 3180 Qualiter
635 3107 719 3167 eorda
736 3117 831 3167 666776
848 3109 1011 3180 761766666·
1209 3105 1310 3164 dende
1336 3109 1466 3166 carnales
1485 3106 1592 3166 delioiae
1619 3125 1635 3168 6
1657 3111 1865 3184 spiritualibus.

360 3189 405 3240 tur
419 3197 436 3238 a
452 3183 521 3239 066.
538 3181 578 3238 06
593 3180 779 3238 diminutione
792 3179 894 3252 triplici
906 3180 1010 3236 uerita·
1209 3177 1250 3234 06
1268 3179 1392 3236 76677766
1407 3179 1457 3236 067
1473 3179 1501 3236 777
1515 3179 1630 3252 judicio.
1924 3183 1969 3239 691

361 3254 436 3309 76776.
453 3254 494 3307 06
509 3251 752 3321 predicatoribus.
1067 3245 1117 3304 077
1174 3247 1264 3304 Serm.
1279 3249 1323 3304 18.
1339 3251 1380 3306 06
1393 3250 1526 3321 prelatis,
1539 3251 1586 3320 667
1600 3265 1650 3320 667
1661 3266 1765 3310 servos
1777 3254 1870 3326 signi-

325 3324 416 3380 Serm.
430 3322 475 3377 71.
495 3322 535 3376 06
551 3319 697 3390 multiplici
712 3319 849 3386 cecitate,
865 3325 893 3374 67
908 3317 1012 3375 illumi·
1208 3317 1337 3374 licentur.
1360 3319 1441 3387 Quod
1466 3321 1571 3392 prelati
1585 3327 1753 3394 protegunt,
1773 3331 1803 3380 et
1816 3323 1866 3380 de·

360 3391 486 3447 natione.
504 3391 543 3445 06
556 3388 657 3460 77161767
672 3388 850 3456 dormitione,
867 3395 895 3446 67
909 3395 1011 3445 766776.
1066 3387 1119 3444 673
1208 3386 1327 3445 7666667
1340 3387 1410 3446 67166
1416 3406 1427 3456 ;
1443 3397 1471 3446 at
1485 3389 1559 3462 quod
1575 3404 1631 3446 non
1643 3392 1741 3448 statim
1755 3391 1864 3450 debent

325 3462 418 3519 Serm.
433 3460 477 3516 77.
492 3460 533 3515 06
552 3457 663 3515 macula
679 3457 798 3530 peceati.
1066 3457 1119 3516 676
1208 3457 1386 3530 reprebendi.
1922 3465 1969 3522 697

325 3531 416 3588 Serm.
438 3531 482 3588 73.
500 3529 674 3600 0661677676,
687 3535 716 3586 et
729 3527 765 3586 de
782 3528 911 3600 portione
925 3525 1013 3586 haere·
1174 3529 1264 3587 Serm.
1280 3529 1325 3585 ta.
1343 3532 1383 3586 06
1409 3527 1513 3602 duplici
1535 3531 1576 3592 ira
1599 3531 1660 3598 067,
1684 3533 1791 3590 scilieet
1806 3549 1866 3606 666

361 3601 455 3660 6776776
470 3613 578 3656 eorum.
1066 3599 1118 3656 670
1208 3597 1405 3670 affligimurin
1426 3601 1569 3672 presenti,
1592 3609 1620 3658 et
1658 3617 1702 3658 ua
1725 3612 1816 3662 restet
1833 3605 1866 3662 iu

323 3671 414 3730 Serm.
428 3671 471 3728 77.
484 3673 525 3728 06
536 3675 636 3726 666676
645 3669 861 3738 Laurentio‚vel
876 3674 1009 3748 martpjre.
1208 3668 1310 3726 767676.
1325 3669 1450 3738 Qualiter
1463 3672 1596 3743 mitigare
1609 3617 1756 3730 66776666.
1923 3675 1971 3732 697

358 3743 400 3800 De
415 3741 580 3813 probatione
594 3740 697 3797 cordis.
715 3743 756 3796 06
767 3739 940 3822 purgatione
955 3754 1013 3812 Jus-
1173 3741 1263 3798 Serm.
1274 3740 1319 3796 60.
1331 3741 1455 3808 Qualiter
1466 3743 1542 3799 0666
1551 3756 1601 3814 per
1611 3741 1763 3800 adventum
1773 3757 1865 3801 suum

359 3819 462 3870 torum.
482 3812 523 3869 De
536 3811 683 3883 iniquitate
695 3809 868 3868 divitiarum.
1065 3809 1115 3867 637
1206 3811 1350 3883 planetum
1372 3817 1514 3880 nostrum,
1531 3827 1616 3883 quem
1636 3815 1864 3872 contraximnsa
2046 3781 2047 3868 7

361 2619 481 2678 busdam
506 2633 522 2674 a
548 2617 788 2688 contemplatione
812 2616 846 2674 ad
871 2617 1012 2689 prelatio·
1210 2616 1288 2688 petit,
1305 2616 1371 2687 6676
1388 2616 1456 2673 67671
1470 2624 1544 2673 6667.
1556 2618 1681 2686 Qualiter

325 3883 416 3940 Serm.
442 3881 485 3939 76.
511 3881 613 3940 066776
628 3882 701 3950 71766,
722 3881 769 3952 661
784 3880 948 3936 deserentes
962 3893 1009 3935 aa·
1206 3881 1306 4019 8776776
1327 3881 1500 3952 perentibus,
1517 3885 1656 3940 convertit
1671 3883 1864 3955 ingaudium.

357 3967 421 4010 eres
441 3951 562 4024 paginas
584 3965 664 4022 spem
687 3957 795 4022 ponunt
815 3950 843 4006 iii
864 3949 1011 4006 lucrativis
1231 3951 1331 4008 ualiter
1346 3953 1422 4007 0667
1437 3967 1486 4024 667
1502 3961 1679 4025 assumptam
1693 3969 1811 4012 6676676
1826 3955 1866 4011 66

358 4023 496 4079 scientiis.
513 4025 553 4079 06
565 4021 667 4094 77761767
682 4021 758 4078 76616
770 4020 863 4089 66616,
880 4027 908 4077 67
922 4019 957 4076 66
967 4035 1012 4076 iu·
1207 4021 1322 4077 inimico
1337 4035 1390 4076 nos
1401 4022 1564 4080 vindicavit.
1924 4029 1972 4084 6777

359 4092 467 4164 667676.
1064 4091 1117 4147 636
1172 4091 1262 4149 Serui.
1278 4092 1322 4148 ei.
1339 4092 1463 4160 Qualiter
1479 4095 1555 4152 0666
1574 4101 1670 4151 666767
1695 4103 1811 4164 retest,
1834 4103 1867 4153 67

324 4163 415 4222 Serm.
429 4162 473 4220 70.
487 4164 528 4220 06
543 4161 648 4232 templo
665 4161 813 4234 spirituali,
833 4159 908 4232 6666
919 4159 1009 4218 766171-
1206 4160 1277 4230 dux;
1295 4167 1323 4218 et
1338 4163 1457 4232 qualiter
1480 4163 1641 4232 666166767,
1657 4171 1685 4222 et
1700 4163 1736 4221 ad
1750 4179 1802 4222 cnr
1812 4181 1867 4238 per

359 4240 438 4289 catur
452 4233 620 4288 7666777676.
1065 4229 1117 4289 637
1205 4233 1476 4303 contemplationem
1491 4233 1623 4304 loquitur.
1921 4239 1971 4295 699

323 4304 415 4362 Serm.
427 4303 471 4359 77.
482 4304 522 4358 06
531 4299 751 4373 poenalitatibus,
762 4307 791 4357 67
803 4301 935 4368 67667776,
947 4315 1011 4372 6676
1172 4304 1262 4361 Serui.
1276 4301 1321 4358 67.
1336 4305 1377 4359 06
1389 4303 1422 4359 777
1445 4303 1490 4360 7767
1502 4303 1672 4374 turbatione,
1688 4305 1799 4363 scilicet
1813 4321 1864 4364 ra·

360 4373 473 4430 indicte
501 4379 567 4428 sunt
594 4370 702 4428 bomini
726 4379 840 4444 propter
862 4379 1011 4444 peccatum
1206 4373 1301 4436 tionis,
1318 4319 1520 4441 666666777666,
1536 4381 1565 4431 67
1580 4377 1734 4432 memoriae.
1926 4378 1972 4435 707

360 4445 442 4516 primi
449 4442 590 4570 parentis.
851 4513 856 4524 Ι
1065 4440 1118 4498 670
1171 4444 1261 4501 Serm.
1283 4441 1473 4526 6706617767
1493 4441 1686 4502 6666166766
1704 4445 1865 4518 adimagi-

324 4515 415 4572 Serm.
431 4513 447 4570 7
469 4557 474 4569 .
492 4515 532 4572 06
547 4520 667 4584 6667667
681 4510 884 4570 766676666176.
1064 4512 1117 4569 677
1206 4527 1283 4580 neni,
1294 4513 1543 4571 etsimilitudinem
1554 4516 1747 4584 0670661667
1759 4517 1861 4589 imago

325 4590 416 4642 serni.
428 4585 472 4640 79.
485 4583 526 4640 06
536 4580 738 4655 7776776776676;
752 4582 1009 4655 scilicetbaplismi,
1207 4586 1258 4640 067
1270 4583 1427 4640 6667767767
1439 4599 1489 4656 667
1503 4584 1658 4642 6667767676
1674 4587 1860 4644 assimilatio·

361 4655 511 4726 Scripturas
521 4661 550 4710 67
561 4654 636 4710 vine.
1063 4651 1116 4709 616
1206 4667 1282 4720 6676,
1296 4652 1342 4710 761
1357 4655 1593 4726 assumptionem.
1925 4661 1974 4718 707

324 4725 415 4781 Serm.
429 4725 531 4781 00.οο
541 4721 734 4780 misericordia
745 4723 806 4780 sive
816 4721 1009 4806 eleemosyna.
1064 4723 1117 4780 677
1171 4724 1262 4782 Serm.
1278 4723 1323 4782 61.
1341 4725 1382 4782 06
1396 4723 1539 4796 superbia,
1554 4732 1584 4782 67
1597 4726 1744 4800 suppliciis
1759 4741 1864 4800 super·

324 4797 416 4852 Serui.
435 4795 479 4851 31.
496 4794 621 4864 Qualiter
636 4791 671 4848 de
687 4793 751 4849 liliis
762 4791 901 4849 elllcimur
914 4795 1009 4850 alieni.
1206 4793 1317 4850 borum.
1927 4801 1975 4856 7777

360 4869 400 4922 06
426 4872 508 4948 pacto
532 4863 608 4946 quod
630 4865 787 4935 rumpimus
807 4864 835 4918 in
856 4863 1009 4936 baptismo,
1171 4865 1261 4922 Serm.
1285 4865 1329 4921 56.
1355 4866 1396 4922 06
1419 4863 1616 4934 confessione,
1632 4873 1660 4923 et
1681 4865 1716 4924 de
1737 4868 1867 4924 circum-

360 4937 404 4994 vel
424 4951 453 4991 in
477 4935 654 5007 poeuitentia.
671 4936 712 4991 De
729 4939 869 4990 vetustate
889 4934 1009 5004 peccati.
1206 4935 1317 4992 67667176
1327 4933 1398 5006 ejus
1928 4941 1976 4998 707

361 5009 403 5064 06
416 5005 624 5063 claudicatione
639 5005 805 5076 peccatoris.
1065 5002 1118 5060 660
1171 5005 1262 5063 Serm.
1286 5005 1331 5062 60.
1348 5005 1496 5074 Quomodo
1517 5005 1711 5064 misericordia
1732 5008 1785 5065 067
1807 5009 1866 5066 cir-

324 5077 413 5132 serm.
430 5077 474 5134 37.
495 5080 532 5134 06
546 5076 700 5133 Nativitate
710 5075 833 5132 Domini.
850 5075 891 5132 06
904 5073 1011 5146 nuptiis
1206 5074 1331 5158 cumdet,
1347 5083 1375 5132 et
1391 5084 1522 5150 protegat
1544 5091 1597 5133 nos
1619 5091 1655 5134 eii
1676 5081 1868 5151 omniparis,

360 5146 473 5214 0677677,
488 5155 517 5202 67
529 5145 674 5203 06616676.
1065 5143 1117 5200 663
1206 5153 1234 5202 67
1249 5152 1359 5202 muniat
1373 5155 1521 5218 sperantes
1536 5145 1564 5202 iii
1577 5162 1654 5204 eum.
1926 5155 1973 5210 777

325 5215 415 5271 Serm.
432 5218 476 5272 ab.
493 5217 532 5274 Ee
545 5216 645 5289 triplici
657 5221 774 5288 peccato
784 5212 957 5287 plangendo.
971 5215 1011 5270 06
1171 5215 1261 5273 Serm.
1276 5216 1322 5272 67.
1339 5219 1379 5272 06
1389 5216 1487 5284 777666,
1502 5231 1565 5287 666
1575 5217 1659 5274 debet
1669 5215 1778 5276 habere
1789 5221 1872 5278 exul-

360 5287 540 5355 corruptione
561 5287 718 5358 peccatoris
740 5300 791 5357 per
807 5285 926 5342 alioruin
946 5299 1008 5342 nia·
1207 5293 1271 5342 tans
1284 5286 1313 5342 in
1329 5287 1460 5344 Domino.
1484 5287 1565 5355 Quod
1580 5288 1696 5358 quidam
1719 5293 1871 5362 accipiunt

359 5356 418 5411 lum
433 5367 513 5408 exem
536 5355 603 5412 lum.
1065 5355 1117 5412 667
1206 5356 1432 5426 abominatam
1449 5357 1495 5412 alii
1513 5359 1629 5428 vinum;
1658 5359 1708 5414 alii
1731 5363 1870 5433 superii·

325 5425 416 5480 Serm.
443 5422 487 5479 37.
568 5426 703 5494 memoria
730 5426 875 5483 Passionis
889 5425 1009 5496 0677677;
1206 5441 1284 5482 num.
1297 5426 1421 5494 Qualiter
1435 5439 1522 5499 opera
1535 5436 1632 5485 nostra
1650 5427 1783 5487 iacienda
1800 5441 1874 5490 sunt

359 5493 522 5619 aitqualiter
535 5507 584 5564 per
599 5509 662 5552 eain
676 5495 813 5554 destruxit
826 5511 930 5568 corpus
942 5511 1008 5568 pec·
1063 5565 1116 5623 659
1206 5511 1270 5553 eum
1285 5496 1467 5566 discretione,
1484 5498 1513 5554 iii
1529 5497 1666 5570 pondere,
1683 5515 1821 5574 numero,
1842 5513 1875 5562 et

359 5577 425 5620 cai.
1207 5581 1350 5625 mensura.
1931 5579 1979 5635 717
