4152 6388
109 364 167 428 lsi

160 594 212 652 De
226 591 383 655 liberatis
396 606 419 654 a
433 594 582 656 diversis
594 594 867 666 infirmitatibus.

149 823 246 900 Apud
273 823 420 885 castrum
454 824 575 896 Plebis,
607 825 744 902 juvenis
778 825 911 904 quidam

107 920 285 983 mendicus
301 921 420 984 surdus
437 925 510 985 erat
521 922 555 984 61
569 923 678 984 mutus
696 939 716 984 a
735 923 910 986 nativitate

108 1033 184 1090 sua,
213 1019 271 1096 qui
295 1019 445 1096 linguam
467 1019 549 1081 adeo
563 1021 692 1081 curtam
708 1020 856 1083 habebat
871 1037 911 1084 ao

105 1118 256 1186 tenuem,
281 1117 368 1194 quod
383 1116 573 1180 multotiens
587 1118 788 1195 exquisitas
803 1119 912 1196 pluri-

106 1213 186 1286 bus,
199 1215 340 1290 praecisa
351 1215 485 1291 penitus
494 1215 674 1278 videretur.
685 1215 745 1277 Vir
759 1215 907 1294 quidam,

106 1313 246 1373 Marcus
260 1312 404 1385 nomine,
421 1313 530 1390 ipsum
547 1314 681 1391 propter
706 1316 809 1374 Deum
831 1330 908 1375 sus-

107 1411 200 1485 cepit
214 1409 358 1486 hospitio
371 1426 379 1471 ε
390 1411 530 1487 quicum
547 1410 611 1472 sibi
626 1405 826 1474 benefacere
837 1427 911 1473 sen·

107 1507 211 1578 tiens,
236 1507 336 1584 coepit
358 1523 434 1568 cum
459 1507 533 1585 ipso
557 1509 714 1570 assiduus
729 1509 907 1578 demorari.

109 1606 196 1666 Sero
209 1605 363 1681 quodam,
388 1620 463 1665 cum
488 1605 666 1682 praedictus
690 1607 743 1668 vir
763 1609 910 1670 coenaret

106 1717 186 1762 cum
212 1704 363 1778 conjuge,
398 1703 529 1765 astante
560 1719 664 1780 puero
699 1719 813 1766 coram
845 1705 906 1773 eis,

107 1797 198 1858 dixit
212 1798 310 1859 uxori
326 1820 333 1858 :
351 1801 420 1859 lloc
435 1813 497 1874 ego
510 1800 693 1863 maximum
708 1801 908 1862 miraculum

105 1897 310 1970 reputarem,
335 1895 364 1958 si
378 1896 495 1957 beatus
517 1897 716 1958 Franciscus
744 1897 823 1959 huic
846 1914 909 1959 au·-

106 1991 213 2053 ditum
236 1991 400 2066 redderet,
426 1993 459 2056 et
485 1995 663 2071 loquelam.
687 1995 727 2056 nt
751 1995 873 2072 adjecit
897 2016 905 2056 1

106 2091 222 2152 Voveo
236 2093 314 2163 Deo,
332 2091 462 2168 quodsi
478 2091 541 2154 boc
555 2091 689 2154 sanctus
709 2094 907 2154 Franciscus

104 2186 300 2263 dignabitur
321 2189 464 2266 operari,
479 2191 613 2266 propter
634 2205 781 2252 amorem
810 2205 906 2250 suum

104 2285 187 2344 huic
202 2299 305 2361 puero
315 2301 479 2363 expensas
490 2286 674 2359 conteram,
689 2287 904 2349 donecvivet.

103 2383 230 2443 Mirum
244 2384 350 2446 certet
370 2383 484 2446 Subito
506 2385 624 2461 lingua
649 2385 765 2458 crevit,
791 2385 824 2469 et
849 2386 905 2446 lo·

105 2483 206 2542 cutus
229 2483 290 2549 661,
316 2481 449 2542 dicens:
476 2481 589 2546 Gloria
615 2469 694 2556 Deo,
724 2484 759 2545 et
791 2484 905 2545 sancto

105 2579 300 2648 Francisco,
325 2579 382 2657 qui
398 2579 480 2641 mihi
504 2579 671 2658 loquelam
692 2580 845 2656 praebuit,
873 2580 906 2644 61

109 2677 272 2738 auditum.

148 2777 185 2835 F.
201 2774 345 2836 lacobus
366 2774 407 2836 16
430 2776 514 2847 1666,
538 2791 613 2838 cum
629 2775 790 2852 puerulus
805 2775 902 2849 esset,

106 2873 143 2932 in
157 2872 254 2932 domo
270 2873 420 2948 paterna,
437 2871 580 2934 incurrit
592 2872 765 2950 rupturam
780 2888 903 2950 corpo-

104 2969 156 3031 ris
186 2969 284 3030 valde
311 2985 458 3045 gravem.
489 2971 640 3046 Superno
668 2985 746 3032 vero
770 2970 903 3032 6116116

108 3066 243 3152 spiritu,
258 3066 336 3129 licet
351 3069 439 3130 esset
449 3068 584 3145 juvenis
599 3069 633 3129 et
655 3068 818 3142 iniirmus,
836 3071 901 3130 Or·

107 3164 221 3225 dinem
237 3166 269 3225 S.
284 3165 455 3229 Francisoi
477 3165 616 3227 devotus
642 3166 794 3241 intravit3
819 3167 902 3227 nulli

104 3263 219 3324 tamen
234 3276 299 3337 qua
315 3261 496 3338 urgebatur
516 3262 742 3325 infirmitatem
765 3263 900 3326 detexit.

106 3360 245 3420 Factum
259 3359 431 3420 astantem
444 3375 519 3420 oum
535 3376 655 3437 corpus
677 3360 903 3422 6616111161-

105 3455 188 3518 cisci
201 3456 440 3518 transferretur
454 3456 495 3518 ad
509 3457 630 3527 locum,
652 3457 710 3518 ubi
736 3459 902 3534 pretiosus

105 3567 279 3614 sacrorum
294 3553 426 3622 ossium
441 3556 514 3631 ejvs
536 3569 625 3616 nunc
646 3554 826 3616 thesaurus
853 3556 903 3618 est

105 3650 277 3723 conditus,
292 3649 409 3723 adluit,
421 3653 455 3712 61
467 3653 546 3712 1116
561 3651 669 3714 116116
681 3651 785 3714 irater
795 3654 903 3714 trans·

104 3745 242 3807 lationis
268 3745 410 3823 gaudiis,
440 3747 476 3807 11
501 3746 679 3822 glorificati
704 3749 774 3824 jam
796 3749 901 3824 patris

104 3844 254 3920 corpori,
284 3843 445 3905 honorem
474 3844 620 3906 debitum
649 3844 832 3906 exhiberet.
863 3845 902 3906 Et

104 3941 378 4019 appropinquans
399 3939 531 4014 tumba,
558 3941 674 4023 inqua
702 3957 779 4002 ossa
804 3957 901 4006 sacra

103 4038 427 4112 merantcollocata,
454 4055 522 4117 prae
549 4039 725 4101 devotione
750 4040 897 4116 spiritus,

104 4151 238 4198 sacrum
252 4137 415 4198 tumulum
440 4137 679 4213 complexatus,
706 4138 738 4199 61
759 4153 834 4198 cum
849 4137 901 4199 la·

104 4235 227 4312 crymis
243 4235 355 4296 multis
368 4249 469 4295 orans
485 4235 604 4307 subito,
629 4235 713 4296 miro
736 4235 833 4298 modo
856 4234 898 4297 ad

104 4333 178 4395 loca
204 4330 315 4394 debita
343 4330 493 4409 partibus
518 4333 695 4405 revocatis,
727 4349 843 4394 sanum
864 4349 899 4394 se

103 4429 220 4501 sensit,
237 4429 495 4490 succinctorium
521 4430 685 4506 deposuit,
702 4429 735 4492 st
759 4445 801 4492 ex
820 4432 899 4493 tunc

102 4529 146 4590 ab
161 4528 251 4589 omni
268 4527 383 4589 dolore
398 4528 567 4605 praeterltc
589 4527 675 4589 liber
689 4528 760 4590 luit.
776 4529 826 4590 Ab
841 4529 897 4589 in-

102 4626 260 4687 firmitate
275 4625 898 4702 1161166616111111,1161611161116116

101 4723 143 4784 de
159 4723 319 4798 bugubic
335 4721 439 4785 irater
449 4723 594 4798 Angelus
609 4723 649 4784 16
664 4724 819 4794 Tuderto,
836 4725 899 4784 Ni-

100 4821 220 4882 colaus
247 4819 403 4881 sacerdos
429 4819 470 4881 16
498 4819 667 4888 Stichano,
683 4822 830 4882 loannes
858 4821 898 4882 de

100 4921 200 4990 Fora,
217 4919 270 4978 vir
284 4917 418 4994 quidam
438 4917 479 4978 de
499 4917 597 4988 Pisis,
615 4918 648 4979 et
662 4917 750 4978 alius
765 4918 805 4978 16
820 4933 897 4979 666-

100 5019 154 5078 116
179 5015 352 5087 (11616116,
372 5016 491 5077 Ρ61116
507 5029 638 5092 quoque
662 5015 703 5076 de
722 5014 848 5087 Sicilia,
866 5015 899 5077 et

99 5114 200 5174 homo
215 5112 348 5189 quidam
363 5113 404 5173 16
420 5113 530 5174 castro
553 5112 656 5191 Spelli
678 5114 776 5189 jnxta
798 5113 897 5174 Assi-

100 5211 199 5282 sium,
214 5212 247 5272 et
262 5209 476 5287 quamplures
490 5209 548 5271 alii
564 5225 624 5287 per
635 5210 695 5271 Dei
711 5209 898 5273 misericor·

98 5416 175 5472 circa
191 5412 247 5470 hoc
262 5419 390 5480 novarat,
407 5419 549 5551 11666816
571 5418 599 5468 61
623 5412 894 5470 excommunicatio·

98 5488 145 5542 nis
168 5485 310 5546 sententia
327 5484 481 5555 obligatus.
522 5484 551 5538 ui
564 5483 657 5541 taliter
680 5482 832 5543 adstrictus
852 5499 897 5542 cc

97 5571 160 5614 ram
210 5555 318 5614 iuribus
343 5554 482 5612 ministris
503 5552 739 5624 provincialibus,
766 5554 896 5625 ejusdem

98 5571 223 5695 01111116,
240 5633 268 5682 61
280 5625 344 5682 aliis
359 5623 458 5700 magni
472 5625 566 5680 meriti
578 5622 719 5708 iratribus,
732 5623 894 5708 affirmavit,

98 5714 131 5756 66
149 5696 274 5765 dudum,
295 5694 389 5754 adhuc
412 5695 579 5752 secularem
594 5701 774 5766 existentem,
790 5695 896 5753 vidisse

674 343 999 434 ruocucounrva
1021 401 1062 421 ·-·
1082 375 1190 436 vrri.

1706 379 1766 440 182

968 529 1338 596 transterremus
1359 534 1479 597 merita
1491 535 1676 599 extiterunt
1698 536 1764 599 mi·

966 627 1119 691 rabiliter
1130 629 1276 692 liberati.

1006 726 1044 789 In
1056 726 1237 800 Maritima,
1251 727 1372 789 mulier
1383 730 1535 806 quaedam
1546 730 1667 793 mentis
1677 731 1763 793 alie-

966 821 1134 884 nationem
1148 839 1208 900 per
1227 823 1491 901 quinquennium
1512 843 1621 905 passa,
1638 828 1715 891 visu
1728 827 1762 890 61

966 919 1083 981 611111
1110 921 1240 997 privata
1264 924 1326 994 est,
1357 923 1550 987 indumenta
1577 925 1762 988 dilaniabat

965 1016 1128 1090 dentibus,
1138 1018 1226 1093 ignis
1240 1019 1273 1080 61
1282 1035 1378 1097 aquae
1389 1022 1572 1097 periculum
1584 1038 1650 1085 non
1662 1023 1762 1085 time-

963 1112 1030 1184 bat,
1047 1116 1080 1176 et
1092 1114 1209 1176 caduci
1221 1116 1327 1177 morbi
1337 1116 1378 1177 61
1393 1133 1558 1179 summum
1571 1120 1761 1184 incurrerat

964 1210 1158 1272 horribilem
1173 1213 1376 1290 passionem.
1387 1216 1491 1280 Nocte
1506 1231 1586 1277 vero
1603 1217 1757 1294 quadam,

963 1323 1039 1372 61116
1053 1309 1246 1386 disponeret
1260 1310 1324 1372 sibi
1333 1311 1447 1373 divina
1456 1312 1689 1374 misericordia
1702 1314 1762 1374 mi-

963 1407 1083 1478 sereri,
1108 1405 1267 1468 salutaris
1291 1407 1421 1484 fulgore
1440 1409 1525 1470 lucis
1557 1411 1781 1488 suparibus-1

962 1503 1050 1565 trata
1079 1503 1252 1577 divinitus,
1272 1505 1357 1568 vidit
1381 1506 1516 1568 beatum
1544 1509 1760 1570 Franciscum

963 1615 1063 1677 snper
1089 1601 1211 1661 solium
1238 1602 1357 1664 sedere
1383 1603 1536 1676 sublime,
1561 1605 1637 1666 ante
1660 1621 1759 1682 quem

962 1699 1127 1774 prostrata
1143 1698 1321 1762 sanitatem
1338 1701 1532 1778 suppliciter
1546 1701 1757 1780 exposcebat.

962 1794 1024 1856 llio
1040 1810 1120 1857 vero
1136 1795 1285 1858 nondum
1301 1797 1435 1859 lavante
1457 1799 1622 1876 precibus,
1640 1801 1757 1862 111116-

960 1892 1010 1954 vit
1022 1893 1143 1954 mulier
1153 1895 1483 1972 votum,promittens
1492 1913 1553 1973 pro
1564 1899 1755 1972 Deianora,

961 2005 1000 2050 ac
1015 1990 1134 2063 sancti,
1152 1991 1352 2068 potentibus,
1372 1993 1478 2055 donec
1493 1994 1640 2068 baberet,
1662 1995 1757 2058 elee-

960 2102 1133 2166 mosynam
1146 2105 1211 2150 non
1224 2105 1360 2166 negare.
1371 2090 1465 2152 illico
1478 2095 1613 2154 sanctus
1625 2094 1757 2170 pactum

953 2187 1166 2262 recognovit,
1183 2187 1269 2263 quod
1285 2187 1365 2248 oiim
1380 2203 1454 2248 cum
1470 2191 1610 2251 Domino
1631 2189 1757 2252 iecerat

960 2281 1082 2354 simile,
1094 2286 1127 2345 61
1138 2284 1275 2359 signans
1290 2299 1363 2345 eam
1377 2287 1487 2347 crucis
1502 2287 1687 2362 signaculo,
1700 2287 1757 2348 in-

959 2381 1087 2454 tegram
1101 2379 1165 2440 sibi
1181 2381 1327 2443 restituit
1342 2381 1528 2444 sanitatem.
1544 2386 1573 2444 Α
1587 2369 1754 2445 consimili

960 2477 1117 2553 passione
1143 2478 1286 2554 puellam
1303 2479 1479 2555 quamdam
1504 2479 1546 2541 de
1570 2481 1705 2553 Nursia,
1722 2481 1757 2543 61

960 2571 1065 2634 illium
1081 2575 1255 2652 cujusdam
1268 2576 1391 2638 nobilis
1404 2577 1481 2649 viri,
1497 2579 1530 2639 61
1542 2577 1627 2638 61166
1647 2595 1753 2656 quos·

959 2671 1055 2744 dam,
1089 2672 1256 2734 relatione
1283 2673 1432 2735 veridica
1464 2677 1668 2752 compertum
1702 2675 1753 2738 661

959 2770 1110 2831 sanctum
1126 2771 1186 2831 Dei
1202 2771 1417 2833 Francisoum
1432 2771 1693 2836 misericorditer
1705 2773 1753 2833 li-

957 2866 1105 2929 berasse.

997 2967 1116 3026 Petrus
1132 2964 1171 3026 de
1185 2965 1346 3042 Fulgineo
1359 2965 1401 3028 ad
1414 2966 1616 3028 visitandum
1631 2967 1750 3030 limina

956 3061 1045 3124 beati
1067 3063 1241 3124 Michaelis
1266 3063 1408 3140 quodam
1427 3065 1576 3142 tempore
1591 3079 1749 3143 pergens,

956 3157 1033 3218 dum
1063 3157 1172 3218 minus
1214 3159 1407 3220 reverenter
1446 3160 1750 3236 peregrinationem

956 3255 1102 3332 peregit,
1136 3254 1238 3317 lentis
1279 3255 1452 3335 cujusdam
1474 3272 1595 3334 aquam
1624 3257 1750 3334 degus-

954 3353 1041 3421 tans,
1071 3367 1090 3413 a
1127 3352 1334 3417 daemonibus
1368 3357 1419 3417 est
1448 3356 1596 3420 invasus.
1624 3357 1664 3417 nt
1689 3371 1752 3417 ex-

955 3450 1033 3511 inde
1061 3465 1122 3528 per
1154 3451 1223 3516 tres
1252 3466 1359 3513 annos
1405 3452 1584 3526 obsessus,
1619 3453 1752 3516 discer-

955 3547 1094 3624 pebatur
1117 3549 1152 3608 in
1177 3564 1327 3626 corpore,
1353 3551 1498 3627 pessima
1526 3551 1687 3628 loquens,
1716 3554 1751 3614 61

955 3644 1120 3706 horrenda
1132 3647 1352 3722 praetendens,
1365 3647 1491 3709 habens
1502 3648 1683 3724 aliquando
1698 3649 1753 3709 iu-

955 3741 1029 3802 cida
1044 3742 1232 3814 intervalla,
1249 3743 1337 3806 beati
1361 3743 1528 3816 virtutem,
1552 3761 1650 3821 quam
1673 3745 1751 3808 elil-

954 3853 1065 3899 oacem
1080 3839 1234 3901 audierat
1245 3839 1286 3900 61
1298 3839 1495 3915 effugandas
1508 3857 1627 3903 aereas
1641 3843 1749 3919 potes·

953 3935 1049 4008 tates,
1067 3935 1239 3998 humiliter
1249 3936 1445 4014 requisivit:
1463 3939 1495 3999 et
1509 3939 1551 3999 ad
1562 3939 1750 4016 sepulcrum

954 4033 1001 4110 pii
1021 4033 1125 4110 patris
1147 4035 1321 4106 accedens,
1344 4049 1421 4096 mox
1445 4036 1481 4097 ut
1505 4037 1588 4099 illud
1610 4037 1750 4114 contigit

953 4147 1065 4204 manu,
1081 4131 1315 4193 edeemonibus
1329 4131 1509 4196 crudeliter
1526 4149 1603 4196 eum
1618 4135 1750 4197 discer-

952 4229 1106 4306 pentibus
1150 4230 1291 4291 miridce
1324 4230 1484 4292 liberatus
1527 4233 1601 4294 luit.
1639 4232 1749 4295 Simili

953 4328 1053 4389 eiiam
1068 4328 1175 4400 modo,
1193 4328 1326 4390 mulieri
1341 4329 1473 4390 cuidam
1489 4329 1529 4391 16
1544 4331 1672 4392 Narnio
1688 4331 1751 4392 ha-

952 4424 1043 4487 benti
1066 4426 1284 4498 daemonium,
1316 4427 1547 4490 misericordia
1578 4429 1749 4492 Francisci

952 4523 1116 4595 subvenit,
1142 4526 1174 4585 et
1198 4522 1274 4586 aliis
1298 4525 1461 4601 pluribus,
1484 4541 1624 4602 quarum
1646 4543 1751 4588 vexa·

951 4620 1079 4682 tionum
1110 4621 1294 4695 angustias,
1325 4623 1358 4682 61
1387 4622 1597 4683 curationum
1621 4623 1747 4694 modos,

952 4719 1088 4793 longum
1103 4719 1192 4779 esset
1207 4735 1267 4796 per
1281 4718 1414 4794 singula
1436 4733 1607 4780 enarrare.
1789 4793 1791 4796 y

991 4815 1051 4876 Vir
1065 4815 1200 4890 quidam
1220 4816 1355 4876 nomine
1378 4817 1500 4888 Bonus,
1527 4817 1625 4878 homo
1641 4817 1682 4879 de
1697 4819 1750 4880 ci-

951 4911 1054 4973 vitate
1066 4911 1159 4983 Fani,
1173 4911 1378 4987 paralyticus
1393 4912 1426 4974 61
1445 4912 1608 4990 leprosus,
1628 4913 1668 4975 61
1687 4929 1747 4977 66-

952 5008 1090 5070 clesiam
1114 5007 1203 5070 beati
1225 5007 1396 5070 Francisci
1422 5025 1441 5070 a
1471 5010 1664 5086 parentibus
1690 5011 1751 5094 de-

950 5107 1112 5184 portatus,
1139 5106 1313 5182 utriusque
1333 5107 1442 5178 morbi
1464 5109 1598 5185 plenam
1623 5126 1746 5173 conse-

951 5206 1046 5266 cutus
1073 5206 1124 5267 est
1146 5203 1337 5268 sanitatem.
1365 5205 1428 5266 Sed
1444 5207 1477 5268 61
1503 5207 1589 5268 61116
1612 5209 1747 5285 juvenis

949 5421 1015 5465 cum
1032 5405 1186 5464 habentem
1198 5407 1306 5474 oculos,
1325 5415 1352 5465 ct
1370 5409 1550 5481 postmodum
1565 5418 1628 5469 actu
1641 5427 1745 5469 execu-

949 5480 1036 5538 tionis
1049 5478 1182 5550 injuriam
1199 5479 1367 5549 patientem,
1388 5494 1423 5536 ac
1437 5495 1479 5549 66,
1494 5483 1629 5540 excecati
1649 5483 1748 5539 oculos

949 5551 1095 5606 interram
1125 5550 1249 5622 rojecics
1263 5551 1376 5608 curiose
1390 5565 1454 5608 cum
1468 5550 1570 5610 bacuio
1578 5552 1746 5622 revolvisse,
1864 5601 1869 5608 .

949 5626 979 5677 61
990 5565 1171 5692 postmodum
1185 5621 1288 5677 virtute
1298 5620 1405 5678 divine.
1423 5621 1568 5690 eumdem,
1582 5636 1664 5678 novae
1675 5621 1747 5680 lucis

948 5691 1072 5763 receptis
1082 5690 1173 5748 oculis
1182 5689 1327 5750 videntem
1340 5692 1498 5750 clarissime
1513 5691 1708 5764 conspexisse.
