4152 6388
325 255 384 316 195
761 253 815 312 AD
837 252 974 313 OPERA
997 253 1029 312 S.
1054 251 1274 315 nnnnclscl
1295 253 1523 318 nsslsln‘rls
1706 345 1710 362 ἡ
1909 257 1972 316 loc

324 415 390 476 lius
409 413 559 485 introire,
576 411 742 473 sarcinam
763 409 905 472 terreum
921 409 1115 474 substantia
1170 414 1321 490 sumpsit,
1343 414 1380 476 ut
1400 413 1583 476 lucentium
1603 428 1741 492 operum
1761 414 1973 478 documentis

323 513 487 590 deposuit,
503 526 539 572 se
553 509 603 569 illi
619 507 841 580 conformans,
858 509 915 586 qui
930 525 1007 570 curn
1022 509 1116 570 dives
1170 509 1312 572 humiles
1325 511 1509 574 attraheret
1522 512 1562 573 ad
1576 511 1730 588 gratiam,
1746 513 1780 575 et
1793 515 1973 590 protervos

322 612 421 682 esset,
439 623 498 685 pro
519 605 615 668 nobis
630 605 737 667 factus
754 607 805 666 est
820 619 957 682 pauper,
976 621 1115 683 eamque
1171 607 1316 668 ancxiis
1329 608 1517 670 retraheret
1532 609 1738 680 excessibus,
1755 610 1840 672 dura
1858 611 1973 674 incre-

321 707 490 785 dispersit,
507 703 597 766 dedit
611 702 823 779 pauperihus,
845 703 881 765 ut
898 703 947 764 sic
962 707 1034 780 ejus
1042 707 1117 779 jus·-
1170 703 1303 779 patioue
1326 704 1493 766 terrendo.
1520 708 1567 766 Ac
1593 707 1643 766 sic
1670 706 1793 769 virtute
1817 709 1970 771 caritatis

321 807 396 869 titia
410 804 446 864 in
467 801 627 864 saeculum
642 800 758 861 saeculi
779 803 999 876 permaneret.
1024 801 1063 862 Et
1082 800 1116 860 in
1171 800 1315 872 afflatus,
1334 803 1368 862 in
1388 805 1498 863 castra
1518 803 1788 876 Madianitarum,
1811 806 1971 868 Ecclesiae

319 907 445 967 terram
460 897 601 961 visionis
616 897 790 965 accedens,
810 911 912 972 super
931 913 1032 960 uuum
1052 896 1117 958 sibi
1167 898 1330 976 judicium
1341 898 1590 973 declinantium,
1606 915 1665 976 per
1677 904 1913 979 contemptum,
1930 919 1970 965 eo

299 992 483 1062 'montium
512 994 793 1064 demonstratum·
820 993 977 1056 videlicet
1004 993 1118 1056 excel·
1167 993 1317 1068 juvante,
1341 993 1494 1070 quidum
1522 994 1681 1070 virginali
1707 1000 1802 1058 utero
1832 997 1972 1058 claude-

321 1098 460 1160 ientiam
486 1093 575 1164 fidei,
601 1107 734 1152 carnem
757 1107 862 1162 suam,
891 1092 987 1168 quasi
1014 1091 1116 1152 tiliam
1172 1091 1273 1160 retur,
1292 1090 1448 1150 mundum
1467 1107 1527 1152 suo
1542 1092 1706 1154 circuibat
1725 1095 1867 1169 irnperio
1885 1096 1969 1156 uni-

321 1194 539 1270 unigenitam,
552 1205 624 1268 qum
633 1189 742 1266 ipsum
752 1189 917 1250 interdum
929 1189 1115 1265 deceperat,
1171 1202 1315 1258 versum,
1329 1187 1515 1264 intrepidus
1530 1189 1641 1256 irruit,
1657 1191 1691 1252 et
1709 1189 1848 1253 abstulit
1859 1207 1967 1262 arma,

321 1309 398 1356 curn
421 1289 540 1366 Jephte
567 1288 707 1348 Domino
734 1287 770 1346 in
799 1285 1030 1348 holocaustum
1057 1285 1118 1346 ob·
1171 1283 1337 1361 inquibus
1352 1284 1822 1361 contldehatlortisarmatus,
1842 1289 1970 1350 atrium

321 1390 409 1460 tulit,
432 1388 508 1463 igne
530 1385 701 1461 supposito
725 1384 886 1454 caritatis,
901 1383 994 1444 illam
1016 1382 1114 1454 fame,
1171 1397 1266 1444 suurn
1286 1381 1487 1454 custodiens,
1510 1385 1545 1443 ot
1567 1383 1738 1446 distribuit
1758 1386 1868 1462 spolia
1891 1403 1970 1464 quaa

322 1487 390 1559 siti,
421 1485 557 1560 frigore,
587 1497 627 1543 ac
650 1481 811 1550 nuditate,
842 1481 970 1557 vigiliis
1002 1480 1115 1542 multis
1171 1477 1314 1546 tenebat,
1335 1482 1473 1556 ejusque
1487 1481 1714 1556 captivitatem
1727 1481 1895 1560 captivam
1909 1499 1970 1544 re-

322 1587 355 1646 et
375 1582 515 1662 jejuniis
541 1579 752 1650 macerando,
778 1593 843 1655 qua
868 1594 944 1640 cum
965 1577 1059 1638 vitiis
1083 1579 1116 1639 et
1170 1574 1265 1637 duxit
1281 1576 1314 1636 in
1327 1574 1520 1652 obsequium
1535 1580 1616 1639 Jesu
1627 1579 1762 1640 Gbristi.

320 1678 600 1757 concupiscentiis
635 1676 808 1748 crucifixa,
842 1676 955 1736 dicere
985 1676 1116 1751 poterat
1210 1674 1439 1751 Hosteitaque
1461 1674 1586 1751 triplici
1601 1675 1634 1736 in
1649 1677 1738 1738 terra
1755 1677 1882 1753 positus
1903 1693 1967 1738 su-

186 1793 206 1823 s
320 1796 396 1842 cnm
422 1775 609 1855 Apostolo:
636 1773 719 1834 Vivo
744 1789 817 1849 ego,
840 1775 912 1848 jam
944 1788 1011 1832 non
1040 1785 1113 1847 ego,
1171 1771 1295 1846 pereto,
1315 1787 1419 1847 regno
1446 1772 1606 1834 coelorum
1634 1774 1701 1834 vim
1725 1774 1849 1848 intulit,
1871 1778 1905 1838 et
1921 1776 1968 1836 il-

321 1877 404 1940 vivit
425 1876 535 1936 autem
556 1873 591 1932 in
605 1885 664 1932 me
678 1870 851 1930 Christus:
869 1869 1025 1946 quoniam
1042 1871 1114 1948 jam
1169 1867 1225 1928 lud
1253 1869 1365 1944 rapuit
1390 1869 1572 1938 violenter,
1602 1875 1635 1930 et
1656 1871 1731 1946 post
1756 1871 1856 1950 hujus
1885 1874 1968 1935 vitae

320 1991 388 2036 non
402 1973 465 2034 sibi
478 1970 618 2040 vixerat,
634 1968 691 2029 sed
703 1967 835 2028 Christo
850 1967 970 2044 potius,
985 1970 1042 2042 qui
1056 1980 1114 2042 pro
1169 1964 1366 2041 quamplura
1382 1965 1529 2041 gloriosa
1554 1967 1748 2039 certamina,
1773 1970 1814 2030 de
1840 1971 1967 2034 mundo

321 2067 608 2151 peccatisnostris
630 2066 779 2128 mortuus
794 2066 855 2135 est,
879 2064 912 2125 et
929 2063 1115 2124 resurrexit
1169 2060 1542 2138 triumphans,leliciter
1552 2064 1709 2140 migravit
1721 2066 1762 2127 ad
1774 2067 1965 2142 Dominum,

321 2170 456 2248 propter
472 2163 745 2244 justificationem
764 2161 923 2232 nostram,
946 2161 983 2221 ut
1003 2159 1114 2222 nulla·
1169 2157 1289 2220 multos
1304 2160 1512 2236 praeveniens
1527 2159 1668 2222 scientia
1684 2162 1842 2237 praeditos
1850 2165 1968 2226 scien-

323 2271 417 2330 tenus
452 2263 588 2340 peccato
624 2260 763 2321 ulterius
792 2257 987 2320 serviamus.
1025 2257 1114 2318 Vitia
1168 2256 1219 2317 ter
1232 2255 1377 2328 nesclus,
1389 2257 1423 2319 et
1434 2259 1604 2334 sapienter
1618 2258 1781 2324 indoctus.

321 2378 451 2442 quoque
468 2359 698 2437 supplantans,
715 2359 831 2418 contra
851 2355 1020 2426 mundum,
1038 2369 1115 2416 car-
1210 2355 1296 2414 Sane
1311 2353 1389 2416 licet
1402 2356 1475 2431 ejus
1491 2355 1558 2416 vita
1571 2358 1639 2418 tam
1654 2359 1782 2428 sancta,
1799 2359 1867 2419 tam
1883 2361 1968 2420 stre-

319 2477 407 2532 nam,
428 2459 462 2521 et
480 2455 659 2535 potestates
685 2470 803 2516 aereas
827 2453 992 2514 luctamen
1014 2467 1113 2513 assu·
1169 2465 1235 2511 uua
1251 2451 1283 2512 et
1298 2452 1459 2526 praeclara
1474 2451 1539 2512 sibi
1554 2453 1733 2527 sufficeret,
1747 2455 1789 2516 ad
1804 2455 1966 2518 obtinen-

319 2573 414 2621 mens
427 2555 584 2626 viriliter,
600 2567 716 2622 uxore,
733 2549 826 2622 villa,
846 2549 999 2622 holonna
1018 2565 1114 2610 coena
1168 2546 1246 2607 dum
1277 2550 1481 2610 consortium
1517 2551 1674 2612 Ecclesiae
1704 2553 1964 2630 triumphantis,

319 2669 441 2731 magna
456 2649 703 2715 retrahentibus
721 2649 890 2720 invitatos,
907 2648 1038 2724 penltus
1054 2645 1115 2708 ab·
1169 2643 1246 2721 quia
1257 2646 1368 2707 tamen
1381 2646 1541 2716 militans,
1563 2663 1637 2724 quae
1655 2648 1861 2712 solummodo
1874 2650 1968 2712 videt

320 2749 451 2822 dicatis,
479 2761 554 2810 cum
581 2747 684 2809 Jacob
710 2745 849 2807 Domino
869 2744 1008 2822 jubente
1033 2759 1112 2806 sur-
1169 2741 1204 2803 in
1215 2739 1311 2814 lacre,
1323 2745 1567 2820 nonpraesumit
1577 2745 1618 2806 de
1630 2745 1683 2806 bis
1696 2745 1753 2823 qui
1766 2747 1807 2808 de
1817 2763 1879 2809 suo
1890 2746 1966 2810 ioro

318 2848 423 2924 rexit3
451 2848 484 2910 et
511 2845 619 2922 gratia
649 2844 792 2921 Spiritus
826 2841 1027 2920 septiformis
1056 2857 1115 2904 ac·
1169 2855 1235 2902 non
1259 2841 1346 2912 sunt,
1374 2843 1572 2904 auctoritate
1593 2843 1728 2920 propria
1744 2844 1910 2922 judicare,
1928 2851 1967 2908 ut

319 2948 425 3025 cepta,
443 2951 583 3022 octoque
602 2941 666 3002 sibi
681 2939 915 3002 assistentibus
934 2939 1115 3002 beatitudi-
1168 2939 1244 3000 illos
1261 2953 1320 3014 pro
1336 2939 1417 3010 vita,
1434 2941 1562 3002 tantum
1577 2941 1788 3006 venerandos
1801 2947 1965 3016 assumat,

319 3047 418 3108 nibus
430 3042 644 3120 evangelicis,
657 3039 772 3101 Betbel
784 3038 916 3100 domum
930 3037 1000 3108 Dei,
1015 3053 1114 3114 quarn
1169 3037 1364 3112 presertim,
1392 3038 1470 3114 quia
1492 3053 1729 3115 nonnunquam
1753 3041 1895 3116 angelus
1908 3057 1968 3102 sa-

319 3145 466 3220 seipsum
486 3138 687 3219 praeparavit
707 3136 825 3206 eidem,
849 3149 909 3211 per
925 3134 1114 3212 quindecim
1169 3133 1278 3196 thanne
1293 3133 1327 3194 in
1338 3134 1422 3196 lucis
1433 3134 1587 3210 angelum
1599 3151 1635 3196 se
1646 3136 1880 3211 transformas
1897 3155 1967 3200 orn-

206 3275 214 3291 ,
319 3243 442 3320 gradus
459 3240 630 3308 virtutum,
655 3235 711 3312 qui
733 3233 871 3310 mystice
890 3233 926 3293 in
951 3232 1114 3294 Psalterio
1170 3231 1322 3307 nipotens
1335 3233 1369 3294 et
1383 3232 1573 3294 misericors
1586 3235 1686 3305 Deus,
1703 3234 1745 3298 dc
1767 3239 1862 3312 ctn'us
1885 3253 1965 3298 mu-

319 3329 545 3406 contiirentur,
580 3332 763 3395 ascendit:
793 3334 826 3394 et
859 3329 981 3392 ibidem
1007 3332 1114 3392 altare
1169 3344 1249 3389 nore
1259 3329 1361 3400 venit,
1377 3328 1462 3404 quod
1479 3330 1657 3406 praedictus
1669 3331 1814 3393 famulus
1826 3331 1964 3406 Christi,

320 3436 431 3500 cordis
448 3433 588 3498 Domino
610 3431 818 3501 construens,
840 3429 990 3495 aromata
1014 3427 1115 3489 devo-
1169 3425 1268 3501 digne
1283 3425 1347 3486 sibi
1358 3426 1390 3487 et
1402 3425 1616 3489 laudabiliter
1635 3427 1825 3501 deservivit,
1836 3431 1966 3492 tantm

319 3537 428 3598 tarum
444 3532 632 3594 orationum
647 3525 766 3590 obtulit
780 3541 880 3603 snper
899 3541 950 3600 eo,
967 3542 1027 3602 per
1042 3541 1115 3586 ma·
1168 3523 1339 3584 lucernam
1354 3521 1550 3585 absconsam
1567 3523 1628 3586 sub
1655 3525 1765 3587 modio
1788 3543 1967 3590 remanere

319 3649 382 3697 nus
407 3630 576 3708 angelicas
602 3627 637 3687 in
663 3625 841 3702 conspectu
859 3623 999 3696 ,Domini
1023 3622 1116 3685 dete·
1169 3636 1234 3682 non
1250 3622 1391 3698 patiens,
1406 3621 1462 3682 sed
1479 3637 1552 3682 earn
1567 3621 1683 3684 volens
1696 3639 1798 3700 super
1812 3625 1968 3688 candela-

319 3729 436 3798 renda‚
451 3725 599 3790 concivis
614 3723 787 3800 angelicus
803 3737 881 3782 mox
894 3719 1036 3782 iuturus.
1169 3718 1264 3780 hrum
1279 3718 1448 3790 collocari,
1459 3718 1512 3780 his
1530 3720 1587 3795 qul
1612 3719 1689 3781 sunt
1707 3721 1742 3781 in
1755 3720 1853 3783 domo
1869 3723 1968 3783 lumi-

360 3829 411 3890 Ne
438 3841 519 3888 vero
547 3823 612 3884 sibl
639 3821 703 3884 soli
729 3821 905 3898 proliceret
928 3819 963 3880 in
990 3822 1112 3890 monte,
1170 3817 1233 3888 nis,
1259 3817 1415 3886 solatium
1437 3816 1663 3893 praebituram,
1683 3819 1786 3880 vitam
1810 3822 1885 3896 ejus
1899 3821 1966 3882 sibi

319 3923 546 3989 tantummodo
555 3918 679 3984 Rachel
689 3917 897 3995 amplexibus
909 3917 1113 3990 inhaerendo,
1170 3914 1273 3975 luisse
1285 3915 1467 3990 acceptam,
1483 3914 1517 3976 et
1528 3914 1634 3992 ipsius
1649 3915 1844 3978 memoriam
1854 3933 1930 3983 esse
1946 3933 1967 3979 a

320 4019 590 4098 contemplationi
604 4017 751 4094 pulchrae
765 4014 909 4091 quidem,
923 4014 979 4076 sed
995 4013 1113 4085 sterili,
1170 4012 1327 4073 militanti
1356 4010 1503 4072 Ecclesia
1531 4012 1769 4085 venerandam,
1793 4015 1906 4076 multis
1933 4017 1968 4076 et

322 4121 364 4184 ad
390 4121 458 4180 Liee
484 4116 696 4179 interdictum
719 4112 891 4174 descendit
914 4110 1113 4184 cubiculum,
1171 4109 1342 4186 praeclaris
1357 4109 1527 4170 miraculis
1543 4109 1735 4172 declaravit.

321 4218 509 4280 minaturus
524 4225 658 4288 gregem
673 4209 824 4286 gemellis
840 4209 973 4270 fletibus
987 4206 1117 4269 ioecun·
1211 4209 1291 4268 Cum
1304 4207 1408 4282 igitur
1419 4206 1575 4283 gloriosae
1588 4207 1665 4269 vitae
1680 4207 1786 4284 ipsius
1802 4208 1966 4286 insignia,

320 4315 433 4377 datum
446 4311 487 4372 ad
502 4309 662 4371 interiora
679 4307 801 4368 deserti
817 4321 876 4382 pro
890 4306 969 4368 vitm
982 4305 1116 4382 pascuis
1171 4319 1213 4364 ex
1228 4303 1330 4365 multa
1342 4303 1583 4376 familiaritate,
1595 4320 1693 4382 quam
1708 4303 1881 4368 nobiscum
1897 4308 1967 4370 ba-

321 4407 566 4490 perquirendis,
590 4407 626 4467 ut
648 4405 719 4465 illic
742 4403 799 4465 uhi
827 4419 948 4464 manna
971 4403 1116 4464 coelestis
1170 4400 1241 4462 huit
1255 4401 1289 4462 in
1300 4399 1422 4462 minori
1435 4399 1545 4462 osllcio
1561 4402 1760 4473 constitutis,
1778 4403 1875 4479 plene
1890 4421 1969 4482 cog·

321 4507 506 4572 dulcedinis
521 4503 629 4567 reiicit
643 4519 663 4564 a
678 4501 889 4563 secularium
903 4501 1042 4577 strepltu
1058 4515 1115 4562 se·
1170 4500 1239 4560 nita
1255 4498 1351 4560 nobis
1362 4498 1484 4570 essent,
1496 4500 1529 4560 et
1543 4498 1584 4560 de
1599 4499 1836 4562 miraculorum
1851 4517 1969 4564 corus-

321 4608 487 4684 gregatos,
517 4617 592 4665 curn
622 4601 845 4676 lacrymarum
875 4597 1037 4660 effusione
1061 4613 1116 4659 se·
1170 4597 1302 4658 catione
1325 4595 1502 4672 multiplici
1516 4611 1576 4672 per
1596 4597 1697 4658 testes
1712 4596 1851 4659 idoneos
1865 4599 1968 4662 nobis

322 4705 413 4767 mina
433 4718 493 4764 sua
513 4701 659 4770 mittens,
683 4712 757 4758 curn
782 4695 987 4758 exsultatione
1007 4695 1116 4757 mani·
1171 4693 1257 4756 iacta
1271 4693 1372 4755 inerit
1386 4694 1484 4770 plena
1500 4692 1592 4765 fldeS,
1605 4693 1808 4756 confidentes
1829 4710 1890 4774 per
1904 4699 1967 4760 Dei

322 4803 418 4882 pulos
428 4801 469 4862 ad
483 4797 678 4861 aeternitatis
692 4794 812 4856 horrea
825 4795 1023 4872 reportaret,
1040 4809 1115 4854 cum
1170 4791 1447 4862 misericordiam,
1465 4805 1537 4864 nos,
1556 4791 1590 4853 et
1604 4806 1739 4867 gregem
1756 4793 1852 4854 nobis
1867 4809 1968 4856 corn·

323 4899 437 4980 populi
458 4898 509 4959 sui
531 4893 738 4974 principibus
759 4890 972 4954 collocandus
992 4905 1115 4954 corona
1171 4889 1318 4956 missum,
1335 4891 1410 4966 eJus
1434 4887 1604 4962 suffragiis
1626 4889 1796 4966 adiuvari,
1818 4892 1968 4968 atquem

320 4998 459 5080 justitiae
479 4995 669 5058 coronatus.
691 4991 752 5064 Qui
773 4991 930 5052 nimirum
954 5005 1020 5050 non
1041 5005 1115 5066 quae
1171 4985 1369 5050 familiarem
1391 4984 1567 5046 habuimus
1582 4983 1614 5045 in
1630 4986 1740 5058 terris,
1760 4986 1885 5050 babere
1899 5005 1969 5066 pa-

324 5115 383 5159 sua
409 5096 485 5157 sunt
514 5107 679 5170 quaerens,
709 5086 766 5150 sed
805 5087 914 5164 potius
941 5101 1015 5164 quae
1040 5087 1117 5148 sunt
1169 5088 1302 5146 tronum
1315 5084 1349 5143 in
1372 5081 1608 5158 coells3babito
1620 5081 1758 5144 fratrum
1773 5087 1968 5151 nostrornm

325 5193 460 5263 Christi,
482 5192 515 5251 et
533 5189 640 5250 eidem
664 5186 757 5249 velut
784 5186 857 5264 apis
881 5184 1114 5259 argumentosa
1171 5181 1312 5243 consilio
1331 5181 1365 5242 et
1386 5195 1536 5252 assensu,
1561 5179 1670 5256 ipsum
1685 5179 1831 5244 adscribi
1848 5181 1970 5246 decre-

324 5290 533 5358 deserviens,
556 5301 687 5351 necnon
715 5284 811 5361 quasi
833 5281 928 5346 stella
953 5282 1115 5344 matutina
1170 5279 1278 5340 vimus
1295 5277 1491 5340 Sanctorum
1507 5277 1659 5354 catalogo
1672 5279 1912 5342 venerandum.

325 5395 361 5454 in
382 5387 490 5451 medio
515 5383 657 5452 nebulae,
678 5381 831 5457 aequasi
855 5380 935 5442 luna
960 5379 1058 5456 plena
1081 5379 1115 5439 ln
1212 5377 1412 5447 statuentes,
1428 5377 1464 5437 ut
1480 5377 1718 5452 quartononas
1733 5378 1890 5450 octobris,
1909 5379 1969 5442 die

325 5487 441 5552 diebus
457 5484 538 5554 suls,
555 5481 589 5542 et
603 5481 689 5542 sicut
702 5479 751 5540 sol
765 5477 798 5538 in
813 5476 959 5539 Ecclesia
977 5476 1036 5538 Del
1052 5476 1117 5537 tul·
1170 5473 1337 5547 videlicet,
1353 5487 1418 5551 quo
1435 5473 1576 5534 acernis
1593 5473 1761 5550 ergastulo
1777 5475 1966 5550 absolutus,

325 5603 420 5674 gens,
445 5579 631 5658 lampadem
659 5579 692 5639 et
721 5573 833 5636 tubam
862 5575 897 5636 in
923 5589 1040 5635 manus
1061 5590 1118 5636 as-
1171 5573 1212 5636 ad
1229 5571 1374 5634 aetherea
1392 5585 1494 5647 regna
1522 5571 1685 5647 pervenit,
1710 5571 1752 5632 ab
1777 5573 1967 5636 universali
