4158 6380
286 219 328 282 ts
726 216 782 277 Ab
803 215 941 278 OPERA
963 215 996 276 S.
1020 214 1240 280 sanuciani
1260 211 1488 278 aseisla'ris
1888 217 1931 276 w

288 377 377 440 dixit
390 389 534 455 persona
548 375 590 438 ad
605 375 762 448 bearem,
777 389 852 452 quie
865 374 1082 438 excellentis·
1135 375 1229 438 ribns
1255 375 1432 455 utriusque
1462 379 1566 438 sexus
1593 375 1701 452 ipsam
1728 373 1930 452 exspectau-

285 475 372 538 simo
384 474 585 545 confessori,
596 473 790 536 beatissimo
800 471 1080 534 PatriFrancisco
1133 473 1234 547 tibus,
1250 475 1346 550 virgo
1359 489 1396 535 se
1412 474 1568 550 erigeret,
1584 473 1618 538 et
1631 487 1732 550 super
1742 487 1853 549 genua
1865 487 1928 532 sua

285 573 384 636 valde
393 571 580 634 sublimiter
590 570 798 646 competunt:
813 569 968 647 quoniam
981 570 1080 647 quin·
1135 571 1227 632 stans
1249 570 1334 632 facie
1358 570 1516 632 rutilante
1539 570 1678 632 brachia
1699 569 1864 632 elevasset
1885 583 1930 630 ac

286 685 350 748 que
379 669 556 732 vulnerum
586 667 710 730 Christi
745 668 981 744 impressuras,
1020 683 1081 729 seu
1135 683 1269 742 manus3
1290 666 1466 744 oraretque
1481 683 1524 728 ne
1541 667 1715 729 cicatrices
1729 666 1765 727 in
1787 681 1927 742 corpore

287 767 455 844 stigmata,
470 766 654 844 quaerant
674 764 813 827 realiter
830 779 911 826 vera
924 765 1078 836 vulnera,
1135 765 1335 842 apparerent
1349 765 1515 839 exterins3
1532 765 1612 826 tuuc
1626 779 1669 826 ex
1680 763 1785 825 radiis
1796 763 1930 838 sangui-

286 865 323 926 in
338 879 398 925 suo
421 877 560 940 corpore
581 861 711 939 accepit
732 877 772 924 ec
785 861 873 924 tulit.
891 859 1018 942 (serm.
1038 865 1081 925 de
1135 863 1209 926 neis
1234 863 1270 923 in
1303 862 1430 924 solares
1455 861 1639 923 immutatis
1663 877 1684 922 a
1714 859 1929 922 cicatricibus

286 963 322 1024 S.
339 958 533 1039 Franctsc.)

286 1167 318 1226 J.
335 1161 497 1240 Baptista
507 1163 733 1236 Mantuanus,
752 1163 891 1224 ordinis
902 1162 1079 1224 damnent.

286 1330 332 1389 25.
341 1329 443 1390 Christi
459 1335 525 1388 ente
539 1329 640 1388 oeulos
649 1327 784 1402 patientis
795 1329 893 1402 im'ago

336 1418 455 1492 Semper
468 1425 545 1488 erat;
560 1418 662 1490 plagas
673 1425 702 1475 et
712 1417 830 1475 rubera
843 1423 941 1474 niente
959 1415 1079 1476 larebat.

336 1508 372 1564 Et
386 1521 457 1579 ques
470 1513 565 1565 mente
579 1507 652 1574 tulii,
666 1508 743 1564 Deus
755 1521 894 1578 apparere
907 1504 1027 1578 ligures,

330 1581 414 1654 ¹illius
431 1595 460 1651 iri
472 1593 608 1650 membris
619 1593 724 1650 voluit:
738 1607 805 1650 nem
817 1594 934 1650 vulnere
950 1599 1061 1666 pectus,

338 1683 463 1744 Vulnere
476 1681 603 1754 signavit
615 1681 737 1754 palmis,
753 1682 907 1738 etvulnere
921 1681 1043 1754 plantes.

301 1830 303 1836 ,
335 1771 415 1830 Sicut
428 1770 463 1828 ab
477 1771 594 1844 Assyria
611 1771 731 1828 veniens
744 1771 865 1842 regione
886 1768 1011 1828 loturum

335 1857 466 1932 Angelus
487 1857 635 1916 admonuit
656 1858 787 1916 Laterani
803 1859 832 1914 in
849 1856 957 1916 lumine
971 1856 1079 1930 templi.

1136 960 1294 1022 Cruciflxi
1302 958 1569 1037 procedentibus,
1581 957 1663 1020 etad
1674 973 1804 1028 manus,
1812 957 1927 1034 pedes,

1135 1059 1168 1120 et
1186 1072 1244 1118 cor
1263 1057 1353 1118 illius
1374 1055 1655 1134 pervenientibus,
1678 1054 1779 1117 valde
1797 1054 1929 1116 extrin-

1135 1169 1232 1216 secus
1244 1153 1340 1216 dolor
1352 1153 1521 1216 sensibilis
1533 1153 1569 1213 in
1580 1151 1678 1215 dictis
1693 1151 1842 1229 partibus
1856 1165 1929 1212 cor·

1135 1251 1272 1329 poribus
1294 1251 1347 1314 est
1372 1251 1521 1314 relictus.
1546 1253 1684 1328 Exque
1707 1265 1782 1310 cum
1806 1264 1928 1326 corpus

1059 1361 1066 1368 ·
1135 1353 1208 1426 ejus
1222 1349 1280 1410 diu
1292 1350 1341 1411 sic
1355 1350 1460 1411 staret
1473 1348 1604 1419 cecidit,
1625 1362 1665 1408 ac
1684 1345 1849 1408 sinisset
1872 1346 1927 1407 le-

1135 1446 1248 1510 taliter
1260 1447 1481 1509 vulneratum.
1500 1445 1580 1508 Post
1594 1443 1758 1506 modicum
1774 1444 1814 1505 ad
1828 1459 1864 1504 se
1877 1459 1931 1504 re·

1136 1544 1246 1618 ducta,
1284 1545 1376 1607 tanto
1408 1543 1522 1604 dolore
1552 1541 1814 1612 concutiebatur,
1844 1540 1880 1603 nt
1907 1556 1929 1602 a

1135 1641 1264 1704 cunctis
1279 1639 1452 1717 peterten
1465 1639 1501 1699 in
1515 1638 1608 1700 brevi
1624 1639 1797 1699 moritura.
1814 1637 1929 1698 Domi-

1136 1735 1213 1796 nica
1225 1749 1305 1796 vero
1320 1733 1477 1810 sequente
1492 1731 1539 1794 ibi
1555 1733 1816 1804 communicans,
1832 1748 1852 1793 a
1867 1731 1928 1792 do·

1135 1833 1207 1894 lore
1227 1831 1337 1894 extitit
1359 1829 1511 1892 liberata.
1535 1830 1733 1892 divisione
1756 1825 1925 1908 praetacta,

1135 1930 1171 1991 in
1186 1928 1353 2006 plerisque
1377 1927 1459 1988 locis
1482 1927 1633 1988 nonnulli
1653 1929 1686 1987 S.
1713 1926 1927 1988 catharinam

1135 2027 1374 2103 suscipientem
1398 2023 1553 2100 stigmata
1584 2039 1604 2085 a
1634 2023 1765 2086 Christo
1792 2023 1928 2100 depingi

1134 2125 1305 2187 iecerunt:
1320 2122 1377 2200 qui
1392 2122 1420 2183 si
1436 2137 1476 2183 ea
1488 2120 1673 2183 intentione
1687 2121 1721 2181 id
1733 2121 1874 2196 egerint,
1891 2123 1930 2182 ut

1134 2237 1194 2299 per
1215 2221 1374 2289 visibilia,
1399 2217 1584 2281 invisibilia
1614 2217 1867 2294 cognoscantur,
1893 2217 1928 2279 et

1134 2335 1195 2396 per
1207 2319 1373 2398 picturam
1385 2314 1478 2378 illam
1491 2315 1667 2388 visibilem,
1682 2315 1778 2377 dolor
1789 2317 1860 2392 ejus
1872 2315 1931 2375 in-

319 2409 374 2470 26.
395 2407 557 2484 Stigmata
579 2407 612 2470 S.
636 2407 807 2470 Francisci
823 2407 957 2470 luerunt
970 2407 1078 2470 mira·
1134 2412 1288 2484 visibilis,
1312 2411 1391 2473 licet
1410 2409 1590 2482 sensibilis,
1611 2408 1803 2485 designetur
1818 2430 1827 2469 ε
1842 2408 1929 2470 lorte

283 2504 409 2577 culosa,
435 2505 567 2566 ratione
586 2505 675 2567 vitae.
702 2506 777 2567 Non
801 2505 890 2566 enim
918 2505 1081 2582 potuisset
1134 2509 1218 2590 (non
1243 2509 1395 2571 obstante
1418 2523 1535 2570 errore
1559 2506 1637 2568 inde
1667 2505 1836 2582 sequente,
1863 2521 1929 2582 quo

282 2617 343 2680 per
357 2603 511 2662 naturam
526 2601 639 2662 vivere
654 2601 781 2662 duobus
796 2602 907 2674 annis,
924 2601 1078 2678 plagatus
1134 2603 1226 2666 credi
1247 2605 1359 2680 posset
1378 2601 1533 2678 stigmata
1554 2615 1628 2661 eam
1642 2599 1790 2662 visibilia
1809 2599 1930 2661 susce-

283 2699 320 2759 in
334 2698 479 2775 quinque
497 2696 580 2759 locis
595 2697 786 2774 spasmosis,
804 2696 978 2774 exquibus
994 2709 1078 2758 cen·
1133 2698 1237 2779 pisse)
1264 2699 1404 2761 tolerari
1427 2698 1573 2774 possent.
1603 2696 1664 2758 Sed
1690 2697 1720 2757 si
1744 2697 1817 2758 naec
1840 2695 1928 2758 lacta

283 2795 378 2858 tinuo
393 2793 517 2856 fluebat
532 2795 667 2870 sanguis
683 2794 885 2858 cumdolore
900 2793 1079 2857 vehemen·
1134 2798 1224 2869 sunt,
1246 2797 1282 2858 ut
1306 2795 1336 2856 si
1355 2793 1579 2871 aequiparetur
1601 2794 1634 2854 S.
1659 2795 1851 2863 Francisco,
1873 2793 1929 2854 cui

284 2891 425 2964 tissime,
445 2905 512 2952 non
526 2891 633 2952 solum
647 2892 808 2970 corporis,
831 2892 887 2954 sed
903 2893 936 2953 et
957 2892 1077 2964 cordis,
1134 2895 1196 2959 soli
1210 2911 1316 2972 usque
1330 2893 1537 2970 inpransus,
1556 2890 1721 2967 singulari
1736 2891 1832 2953 modo
1845 2891 1930 2966 stig-

284 3003 328 3050 ex
351 2988 513 3050 memoria
540 2987 708 3065 passienis
741 2988 933 3050 Dominicae.
965 2990 1080 3066 Neque
1134 2994 1223 3056 mata
1243 2990 1403 3053 divinitus
1425 2989 1503 3052 sunt
1520 2989 1685 3065 impressa
1707 3009 1715 3048 :
1738 2989 1852 3066 utique
1873 3003 1930 3049 re-

288 3100 369 3146 usus
390 3085 441 3147 est
454 3100 515 3162 pro
530 3085 599 3147 toto
619 3085 769 3162 tempore
788 3085 858 3157 illo,
884 3085 1000 3164 aliquo
1012 3101 1079 3148 un·-
1134 3089 1359 3169 prehensibile
1382 3089 1443 3149 est.
1462 3088 1548 3148 Nam
1568 3087 1606 3148 ut
1623 3085 1693 3146 diri
1712 3086 1748 3147 in
1768 3086 1932 3147 Sermone

283 3182 407 3258 guento
432 3181 486 3244 vel
506 3180 673 3244 medicina
693 3198 701 3242 :
722 3179 780 3242 sed
801 3181 929 3244 tantum
958 3183 1080 3260 pennis
1135 3190 1175 3251 de
1190 3188 1295 3250 sacris
1309 3183 1519 3262 stigmatibus
1531 3185 1567 3244 Β.
1582 3183 1752 3244 Francisci
1765 3180 1825 3262 (1),
1840 3183 1930 3244 inter

284 3276 508 3353 restringebat
525 3278 723 3354 sanguinem
742 3280 963 3352 emanantem,
982 3295 1081 3358 quem
1134 3285 1298 3348 miracula
1324 3281 1466 3359 grandia
1493 3281 1616 3343 nostrae
1640 3279 1730 3354 ndei,
1758 3280 1928 3342 Francisci

287 3373 382 3436 sexta
400 3373 485 3436 teria
499 3373 603 3436 libere
629 3375 763 3451 prodire
779 3374 920 3438 sinebat.
939 3377 978 3438 at
992 3377 1079 3454 quod
1135 3381 1343 3460 consignatio
1378 3395 1569 3458 supremum
1611 3376 1738 3441 obtinet
1775 3377 1927 3454 gradum.

284 3470 484 3532 miraculum
513 3471 625 3546 auget,
648 3472 745 3532 erant
768 3471 836 3534 illae
858 3473 964 3550 plagae
979 3473 1081 3535 odore
1134 3481 1284 3543 Fuerunt
1305 3479 1427 3556 quippe
1451 3477 1607 3553 stigmata
1630 3477 1664 3538 et
1683 3474 1871 3549 visibiliter,
1895 3477 1930 3536 et

287 3565 580 3644 dementissimae,
603 3583 646 3630 ex
672 3567 792 3645 quibus
816 3567 908 3630 nulla
935 3585 1080 3646 iniquam
1135 3577 1338 3639 sensibiliter
1365 3590 1386 3635 a
1409 3573 1540 3634 Christo
1561 3573 1613 3632 illi
1636 3573 1799 3648 impressa
1820 3593 1828 3632 ε
1852 3570 1930 3634 tulit
1958 3581 1960 3584 ·

288 3664 724 3743 putredoiaulimfflussdilia
739 3666 884 3744 PFOflUil«
900 3665 1025 3746 (Sem
1039 3669 1081 3728 de
1134 3675 1195 3736 illa
1216 3673 1344 3735 duobus
1367 3671 1464 3732 annis
1484 3669 1670 3744 continuis;
1690 3668 1724 3730 et
1744 3668 1779 3728 in
1800 3667 1879 3740 vita,
1896 3669 1930 3730 et

282 3761 403 3840 Silam·
418 3761 530 3824 tancti
544 3766 735 3836 Francltsst
753 3778 826 3840 0³9·
838 3761 885 3843 2·)
1135 3773 1170 3833 in
1185 3771 1302 3842 morte,
1326 3769 1427 3831 etiam
1446 3784 1467 3828 a
1485 3769 1569 3829 viris
1592 3765 1716 3828 sanctis
1739 3767 1773 3827 et
1792 3765 1927 3841 gravis·

323 3861 375 3920 27·
399 3862 507 3921 Idem·
530 3861 616 3922 Nam
640 3860 725 3923 sicut
753 3860 794 3922 de
822 3859 1024 3938 Martyribus
1043 3863 1079 3920 B·
1136 3869 1315 3931 simisvisa
1329 3867 1362 3929 et
1375 3866 1475 3928 mota.
1494 3865 1621 3926 Summi
1636 3863 1827 3935 Pontifices,
1846 3865 1930 3924 Gre-

285 3955 503 4032 augustinus,
527 3955 613 4035 quoa
634 3960 811 4034 resurrect
825 3974 900 4020 eum
915 3957 1083 4020 eieetriei-
1135 3967 1321 4042 genesiii,
1344 3962 1536 4025 Alexander
1557 3963 1612 4034 iv,
1632 3961 1841 4032 Benedictus,
1862 3960 1928 4020 ivi-

285 4053 359 4124 hua
384 4069 456 4132 qua
477 4053 518 4114 ad
545 4055 698 4114 ornarem
723 4054 847 4116 faeiem
871 4054 904 4116 et
929 4053 1081 4116 decorem
1136 4064 1262 4134 celeus,
1291 4063 1324 4122 et
1349 4060 1408 4121 etti
1432 4059 1490 4120 iila
1521 4057 1755 4135 approbantes,
1784 4057 1930 4120 fatentur

285 4165 473 4225 corporum,
497 4165 564 4210 110ss
588 4148 628 4210 dd
654 4150 799 4228 aliquam
814 4150 1079 4214 desOrmilalem=
1136 4157 1301 4235 singulari
1328 4154 1499 4217 miraculo
1516 4156 1552 4215 in
1579 4155 1751 4218 Francisci
1776 4153 1925 4232 pedibus,

285 4246 333 4308 ita
346 4247 399 4324 pie
414 4246 528 4307 tenere
545 4261 718 4320 possumus
731 4247 817 4322 quod
834 4250 867 4308 S·
881 4248 1080 4310 Franciscus
1136 4255 1300 4325 manibus
1317 4254 1350 4315 et
1364 4253 1472 4313 latere
1492 4250 1596 4312 luisse
1611 4251 1740 4329 depicta
1755 4251 1797 4314 ab
1814 4267 1854 4312 eo
1867 4265 1933 4312 ar-

287 4342 453 4406 cumillis
476 4341 689 4418 signiacum
714 4342 832 4420 quibus
860 4361 904 4406 ex
928 4345 992 4406 hoo
1011 4345 1081 4406 vita
1135 4353 1225 4414 tiflce
1248 4349 1508 4428 sapientissimo,
1531 4349 1588 4426 qni
1610 4349 1736 4411 creavit
1756 4349 1875 4410 coelnm
1893 4350 1929 4411 et

287 4439 453 4512 discessit,
474 4439 516 4504 dd
545 4439 648 4502 Vitam
673 4439 895 4504 imfflOPlalflffl
916 4441 1077 4518 resurget·
1134 4451 1269 4513 terram.
1292 4447 1475 4520 Quidvero
1495 4446 1676 4509 decaetero
1700 4446 1744 4507 sit
1766 4445 1925 4518 tacturus,

288 4534 407 4616 (Ibtd),
1136 4550 1230 4624 cujus
1256 4561 1379 4607 arcana
1408 4543 1613 4621 perscrutari
1641 4543 1825 4620 nequimus,
1856 4543 1927 4619 ipse

324 4635 375 4696 28·
409 4635 515 4696 idern·
544 4635 665 4698 sancte
694 4635 874 4697 catharina
903 4637 1073 4709 senensis,
1134 4643 1237 4705 novit.
1264 4645 1372 4705 unum
1395 4642 1477 4713 seio,
1503 4641 1536 4702 et
1559 4639 1694 4717 quidem
1714 4637 1839 4716 absque
1859 4639 1928 4700 uiro

287 4746 362 4793 ⁰⁰11]
390 4731 480 4793 esset
502 4731 538 4792 in
561 4730 697 4795 civitate
718 4731 853 4804 Pisana,
881 4735 914 4795 θῑ
938 4733 1081 4810 qUOdam
1135 4756 1261 4814 errore,
1282 4739 1367 4818 quod
1394 4741 1431 4800 B.
1457 4738 1655 4799 Franciscus
1681 4735 1806 4797 electus
1828 4734 1929 4797 inita

286 4843 384 4889 mane
411 4829 448 4889 in
472 4828 613 4890 ecclesia
639 4831 672 4890 S.
695 4827 871 4892 Christinae
895 4833 1082 4892 communi·
1134 4839 1275 4900 Domino
1296 4841 1375 4900 Jesu
1400 4835 1543 4907 Christo,
1572 4836 1608 4896 ut
1633 4833 1668 4894 in
1692 4833 1827 4910 proprio
1848 4847 1927 4894 cor-

287 4927 407 4998 eesset,
437 4940 477 4986 ac
502 4927 599 5002 Juxta
623 4926 729 4990 altare
752 4937 848 5004 rapta
873 4931 1023 4990 maneret
1045 4929 1081 4990 in
1135 4951 1215 5014 pone
1241 4935 1402 4998 vexillum
1432 4933 1552 5005 crucis,
1582 4931 1717 4992 biennio
1752 4930 1928 5008 antequam

284 5021 415 5099 spiritu,
433 5027 606 5099 postquam
622 5023 678 5084 diu
694 5026 851 5098 stetisset,
866 5025 951 5087 vidit
971 5025 1082 5086 Chris·
1137 5033 1290 5111 spiritnm
1304 5031 1457 5093 redderet
1471 5033 1550 5102 Deo,
1572 5028 1725 5090 deferret.
1742 5029 1817 5090 Non
1832 5028 1930 5102 dero-

287 5119 358 5180 tum
383 5119 474 5180 eruet
498 5118 658 5187 aenium,
683 5135 803 5197 magno
828 5137 928 5198 super
951 5137 987 5184 se
1006 5138 1081 5184 eum
1136 5130 1292 5207 gentista
1308 5126 1462 5205 dignitati
1480 5129 1516 5188 Β.
1539 5125 1738 5198 catharine,
1761 5141 1824 5186 nee
1845 5125 1931 5188 alte-

285 5215 683 5289 luminedescendeutem,
691 5217 870 5295 radiosque
879 5219 1081 5295 sanguineos
1136 5229 1206 5290 rius
1221 5227 1344 5290 sancti.
1362 5227 1431 5302 Ego
1446 5225 1611 5302 peccator,
1629 5224 1686 5300 qui
1698 5223 1787 5285 hunc
1802 5238 1930 5284 sermo-

567 1962 641 2040 (bib.
657 1965 694 2034 X,
707 1965 830 2022 Flostor.
844 1965 871 2022 S.
883 1963 1044 2040 Francisc.)

321 2161 659 2234 aeterternae,
685 2161 824 2222 Ordinis
847 2163 1037 2235 Mauortem,

455 2261 633 2334 episcopus
650 2259 906 2332 Aquinatensts.

169 5337 175 5344 ·
285 5329 329 5376 ex
352 5314 422 5373 suis
444 5313 590 5390 quinque
610 5315 846 5376 sacratissimis
868 5316 1081 5380 cicatrlcibus
1136 5341 1212 5387 nem
1222 5325 1362 5396 conieci,
1381 5325 1536 5385 sanctam
1548 5321 1666 5398 ipsam,
1679 5321 1854 5383 devotione
1864 5335 1929 5397 qua

284 5410 501 5472 emittentem.
522 5411 668 5488 Cumque
688 5411 779 5504 tunc,
795 5413 984 5476 videntibus
1007 5415 1082 5493 plu·
1137 5439 1271 5502 possum
1290 5422 1363 5485 0010
1383 5423 1417 5483 et
1438 5435 1598 5493 venerem
1623 5421 1780 5498 eramque
1803 5421 1928 5490 Romae,

322 5523 362 5596 (l)
380 5523 470 5584 Serui.
487 5537 563 5594 xciv,
578 5539 642 5597 cap.
659 5525 686 5584 i.
