4114 6396
325 183 391 244 ,943
458 195 461 200 .

330 341 443 402 autem
454 337 574 418 legerit
586 341 620 401 in
635 340 781 402 secundo
793 341 1062 403 Macbabaeorum
1075 338 1124 421 (l)

331 437 372 498 de
387 437 445 499 illo
460 454 581 514 magno
601 453 679 514 rege
697 438 874 510 Antiocho,
896 441 1046 516 reperire
1062 455 1124 515 po-

329 535 410 596 terit
422 534 494 596 baec
504 536 655 611 quatuor.
673 535 932 610 Invenietenim,
949 535 1035 612 quod
1055 551 1123 596 666-

330 647 392 692 vus
408 631 556 692 fueritin
566 630 747 693 occidendo
760 631 894 694 Judaeos
909 634 981 694 sine
996 647 1098 693 causa
1115 654 1123 693 ε

330 728 502 806 parvulos,
521 729 555 790 et
576 728 706 790 adultos
724 729 910 804 interfecit;
925 730 960 790 in
978 745 1044 808 quo
1064 745 1126 792 no-

330 825 421 888 tatur
435 826 577 900 saevitia,
593 827 665 888 sive
676 826 868 889 crudelitas.
881 828 985 899 Quam
1001 825 1124 899 audax,

329 923 489 999 ternplum
512 924 571 984 Dei
587 923 780 1000 spoliando!
797 924 960 1001 Spoliavit
972 923 1126 986 omnibus

329 1020 433 1095 vasis,
449 1021 482 1082 et
503 1021 661 1097 pretiosis
681 1022 887 1083 ornamentis
901 1043 909 1082 :
923 1036 1001 1083 ecoe
1014 1019 1124 1082 auda-

331 1117 396 1177 cia.
419 1119 523 1190 Quam
544 1118 718 1195 impudens
745 1119 780 1178 in
807 1119 1000 1193 sacrilegiol
1027 1133 1125 1195 quam

331 1214 510 1292 impatiens
524 1219 646 1277 moraet
663 1219 700 1278 In
716 1215 863 1277 furorem
878 1232 1008 1288 versus,
1024 1219 1057 1277 et
1068 1215 1127 1276 im-

330 1313 497 1389 patienter
511 1313 712 1387 iestinand0,
722 1313 800 1373 dum
813 1313 853 1374 ad
868 1313 1126 1375 destructionem

331 1408 397 1472 iret
412 1408 615 1482 ludaeorum,
637 1411 739 1486 jussit
760 1411 881 1486 agitari
904 1425 1039 1472 currum
1054 1410 1127 1471 sine

331 1505 594 1580 intermissione,
609 1510 724 1585 elprae
740 1507 844 1569 nimia
859 1507 1075 1569 festinatione
1086 1507 1127 1568 de

332 1619 433 1664 curru
451 1605 582 1676 cecidit,
600 1606 633 1666 et
647 1605 762 1666 fractis
775 1605 934 1666 membris
950 1619 1127 1681 percussus
1145 1633 1149 1643 ·

332 1703 383 1762 est
403 1701 501 1779 plaga
526 1701 718 1775 insanabili,
730 1705 764 1764 et
777 1701 952 1774 invisibili,
969 1703 1016 1763 ita
1040 1701 1126 1778 quod

331 1797 449 1860 ioetore
483 1815 544 1860 sno
586 1800 676 1860 totus
713 1798 881 1860 exercitus
918 1799 1125 1874 gravaretur,

332 1899 367 1956 et
377 1895 478 1957 etiam
492 1895 631 1972 sibiipsi
644 1899 731 1956 esset
744 1895 981 1970 intolerabilis;
995 1889 1137 1972 propter‘

334 1993 423 2053 enim
445 1991 690 2054 intolerabilem
716 1992 868 2054 foetorem
899 1993 1025 2070 proprii
1053 2008 1129 2054 cor-

332 2091 425 2166 poris
443 2090 680 2152 miserabiliter
697 2090 800 2152 vitam
819 2091 992 2151 taediosam
1007 2090 1126 2150 linivit.

303 2171 306 2183 ’
373 2187 454 2248 Item
479 2187 613 2248 luxuria
627 2187 662 2249 in
678 2190 820 2264 quatuor
836 2202 938 2265 equos
953 2187 1127 2260 dividitur,

332 2282 419 2345 idest
431 2287 574 2361 quatuor
588 2283 688 2346 babet
700 2284 803 2356 rotas,
820 2300 893 2361 quae
909 2286 987 2347 sunt
1000 2285 1128 2346 ventris

333 2381 511 2457 ingluvies,
527 2380 683 2442 mollities
699 2381 815 2454 vestis,
835 2382 1000 2459 appetitus
1016 2381 1130 2443 libidi-

334 2479 400 2554 nis,
409 2481 442 2541 et
456 2479 617 2540 resolutio
629 2479 790 2556 corporis.
806 2479 1007 2542 UndeAmos
1019 2478 1064 2556 (6,
1074 2476 1126 2557 4):

333 2577 393 2638 Vae
407 2575 513 2648 vobis,
530 2577 587 2652 qui
610 2575 761 2636 dormitis
785 2576 819 2636 in
836 2576 931 2638 lectis
946 2576 1102 2638 eburneis
1119 2599 1127 2637 ε

334 2675 419 2734 Ecce
431 2673 592 2734 resolutio
601 2672 766 2749 corporis;
779 2673 818 2733 nt
830 2673 992 2735 lascivitis
1001 2673 1036 2734 in
1047 2676 1130 2736 stra-

333 2771 377 2832 tis
401 2770 522 2832 vestris
546 2792 553 2829 :
575 2773 659 2831 Ecce
687 2769 852 2846 appetitus
879 2769 1043 2844 libidinis;
1067 2772 1128 2844 Qui

334 2867 507 2929 comeditis
522 2883 644 2943 agnum
657 2867 697 2928 de
711 2882 825 2942 grege,
840 2869 874 2930 et
883 2868 1004 2930 vitulos
1015 2870 1055 2930 de
1067 2884 1128 2929 ar·

335 2965 456 3027 mentis
469 2963 516 3045 (2)
535 2986 543 3025 :
559 2967 643 3026 Ecce
661 2964 828 3041 ingluvies
849 2965 988 3028 ventris.
1003 2969 1049 3030 De
1064 2981 1128 3043 qua

334 3063 494 3138 ingluvie,
509 3064 542 3125 at
556 3061 597 3124 de
611 3062 753 3122 vestium
775 3063 916 3124 mollitie
930 3063 966 3123 in
983 3066 1130 3138 Evange-

333 3160 381 3222 lio
403 3160 525 3221 dicitur
544 3159 669 3237 (Luca,
683 3160 733 3234 16,
748 3158 800 3239 19)
814 3181 820 3220 :
836 3161 973 3220 «Homo
996 3160 1128 3236 quidam

334 3257 534 3318 induebatur
547 3271 705 3333 purpura,
720 3256 753 3317 et
764 3255 876 3333 bysso,
888 3259 921 3318 et
933 3257 1131 3332 epulabatur

337 3354 485 3432 quotidie
502 3352 684 3431 splendide.
699 3355 810 3414 »Item
824 3354 900 3430 equi
911 3369 1030 3415 currus
1044 3371 1129 3416 ava·

335 3452 422 3514 ritiae
436 3453 513 3514 sunt
525 3452 677 3528 quatuor,
689 3450 742 3512 vel
759 3452 901 3527 quatuor
915 3450 1128 3526 babetrotas,

335 3565 409 3628 quaa
422 3551 498 3610 sunt
513 3547 786 3626 pusillanimitas,
801 3547 1040 3622 inhumanitas,
1055 3566 1131 3614 conr

336 3647 478 3725 temptus
500 3647 571 3718 Dei,
600 3644 723 3706 oblivio
746 3645 875 3706 mortis.
900 3647 1131 3716 Pusillanimi-

335 3747 388 3806 tas
409 3745 562 3822 arguitur
581 3742 622 3804 ab
637 3743 823 3818 Augustino
839 3741 899 3822 (3),
917 3743 1047 3806 dicente
1073 3761 1132 3806 su·

334 3857 537 3920 perversum
552 3841 677 3902 Psalmi
688 3838 736 3920 (7)
752 3861 759 3900 ε
777 3857 795 3900 s
810 3842 847 3900 In
857 3856 1066 3919 quacumque
1076 3842 1130 3904 die

334 3939 536 4002 invocavero
565 3939 609 4009 te,
637 3953 714 3998 ecce
749 3939 901 4012 cognovi,
935 3939 1013 4016 quia
1042 3941 1130 4001 Deus

334 4052 428 4098 meus
439 4052 500 4097 es»
510 4036 578 4096 sic:
595 4037 708 4096 «Ecce
720 4051 849 4110 magnae
861 4033 998 4097 divitiae.
1013 4039 1129 4108 Quan-

335 4131 489 4194 tumlibet
503 4146 625 4192 avarus
639 4132 697 4203 sis,
715 4129 839 4192 sufficit
851 4129 911 4192 tibi
924 4133 1023 4193 Deus.
1038 4136 1130 4195 Ava-

334 4231 413 4292 ritia
441 4232 566 4291 terram
595 4227 764 4306 quaerebat
801 4228 970 4304 possidere
1004 4232 1128 4306 totam3

334 4326 418 4389 adde
440 4328 473 4389 at
494 4325 624 4396 coelum,
644 4325 677 4385 et
691 4324 776 4402 quod
804 4325 879 4401 plus
900 4327 960 4400 est,
978 4326 1034 4405 qui
1052 4327 1131 4390 lecit

333 4427 455 4488 coelum
474 4423 507 4486 ei
521 4424 656 4485 terram.
672 4436 691 4482 a
706 4423 745 4484 nt
759 4423 810 4484 est
828 4438 945 4485 sensus
965 4444 972 4484 ι
990 4425 1027 4486 In
1042 4439 1128 4501 qna-

333 4538 464 4601 ounque
476 4521 530 4584 die
541 4521 741 4582 invocavero
751 4521 795 4592 te,
807 4519 924 4582 audies
938 4537 1002 4582 me.
1014 4525 1052 4584 In
1065 4538 1129 4600 quo

331 4603 465 4684 bomini
484 4618 660 4681 clementia
683 4616 878 4692 advertitur,
895 4633 968 4694 qnae
984 4619 1131 4695 quolibet

330 4721 480 4796 tempore
503 4716 651 4778 nostram
678 4715 931 4776 conversionem
964 4715 1128 4793 expectat.

331 4815 579 4890 inhumanitas;
606 4812 694 4874 unde
717 4813 940 4890 Hieronymus
957 4810 1004 4891 (4)
1022 4814 1129 4884 :Quia

332 4913 440 4975 omnis
457 4913 561 4994 dives,
579 4913 637 4974 aut
651 4911 797 4987 iniquus,
812 4911 870 4971 aut
887 4909 996 4970 baares
1009 4910 1127 4988 iniqui.

331 5009 427 5071 Unde
442 5008 599 5071 Habacuc
613 5007 657 5088 (2,
674 5009 693 5068 6
706 5008 739 5069 et
748 5006 782 5084 7)
800 5023 807 5066 :
822 5023 841 5066 6
855 5008 925 5080 Vae,
942 5006 999 5082 qui
1014 5007 1130 5069 multi-

329 5106 443 5184 plicat,
467 5105 521 5168 vel
547 5105 728 5182 congregat
756 5119 823 5165 non
852 5119 936 5164 sua:
958 5119 1128 5181 usquequo

367 5290 408 5358 (l)
424 5289 451 5345 ll
475 5285 570 5346 llsob.
590 5287 618 5356 5,
637 5288 667 5344 ll
688 5287 723 5346 ad
742 5288 789 5356 27,
802 5293 831 5345 at
853 5285 952 5344 edet
965 5287 990 5357 7,
1008 5301 1058 5360 per
1075 5293 1124 5345 tot.

329 5368 359 5419 ω
370 5356 591 5510 φὴθῆἓτὲῗίὃῖῗῇ,
607 5426 657 5484 sed
668 5427 774 5501 vulg:
791 5427 826 5486 de
842 5426 937 5486 medio
952 5427 1084 5487 armenti.

379 5501 407 5569 3)
424 5501 524 5558 Enarr.
539 5513 568 5554 ru
580 5499 650 5570 psal.
664 5499 710 5568 55,
721 5514 799 5556 num.
814 5499 858 5556 27.

751 183 784 244 S.
813 182 989 246 ANTONII
1019 180 1206 245 Paruum
1234 183 1372 248 OPERA
1399 183 1548 249 OMNIA.

1900 191 1944 256 ill

1178 346 1341 418 aggravat
1355 345 1470 406 contra
1487 359 1524 406 se
1538 343 1677 406 densum
1685 343 1807 419 lutum,
1818 345 1895 410 idest
1906 368 1949 426 par

1179 439 1268 501 lutea
1284 455 1387 516 opera
1403 441 1531 518 peccati
1552 443 1718 520 acquirit:
1734 445 1886 521 Nunquid
1900 463 1947 509 nor

1179 539 1315 614 repente
1341 541 1556 614 consurgent,
1587 539 1644 617 qui
1670 541 1845 602 mordeant
1867 545 1950 607 tolet

1179 634 1429 696 suscitabuntur
1451 635 1640 698 lacerantes
1655 639 1730 705 re»
1745 637 1833 700 idest
1845 641 1947 715 Angeli,

1179 730 1297 808 quibus
1326 732 1502 794 traduntur
1530 733 1566 793 in
1592 749 1735 809 poenam.
1766 736 1949 812 Contemptus

1179 828 1238 889 Dei
1253 851 1262 903 ;
1278 828 1367 890 unde
1382 829 1417 890 in
1430 830 1574 890 Psalmis
1590 828 1655 909 (51,
1670 830 1705 910 9)
1722 853 1730 892 :
1746 832 1916 896 Praevaluit
1926 835 1949 895 in

1179 926 1327 988 vanitate
1343 942 1423 1003 sua;
1439 927 1529 988 unde
1537 929 1746 1003 Augustinus
1763 927 1812 1007 (5)
1828 950 1836 989 ε
1850 947 1867 988 ι
1880 931 1950 991 llill

1180 1023 1230 1082 est
1255 1021 1376 1082 vanius
1402 1038 1454 1092 eo,
1483 1023 1541 1100 qui
1556 1025 1650 1100 putat
1664 1025 1740 1102 plus
1755 1024 1953 1087 valerenun-

1180 1135 1280 1190 mum,
1298 1135 1396 1196 quam
1408 1120 1835 1200 Deum.›0bliviomortis;
1856 1124 1950 1184 Eccle-

1181 1216 1307 1277 siastici
1317 1213 1362 1295 (5,
1372 1215 1423 1296 10)
1441 1217 1567 1278 ;«ΝοΙί
1580 1233 1654 1280 esse
1666 1219 1792 1279 anxius
1802 1219 1837 1279 in
1851 1219 1951 1280 divitiis

1181 1313 1344 1391 injustis:
1367 1329 1434 1375 non
1461 1314 1550 1376 enim
1575 1315 1760 1391 proderunt
1786 1315 1846 1377 tibi
1863 1317 1893 1376 in
1912 1317 1952 1377 die

1181 1410 1403 1483 obductionis,
1437 1411 1470 1473 et
1497 1410 1666 1484 vindicte,
1697 1430 1716 1472 s
1742 1412 1776 1474 et
1808 1412 1949 1490 Hierony-

1181 1523 1254 1568 mus
1279 1505 1326 1586 (6)
1351 1524 1359 1569 :
1384 1524 1403 1568 ‹
1425 1508 1537 1569 Facile
1569 1509 1754 1571 contemnit
1775 1511 1890 1580 omnia,
1910 1511 1951 1585 qui

1182 1620 1314 1682 semper
1333 1621 1369 1666 se
1393 1605 1518 1681 cogitat
1544 1607 1765 1681 moriturum;
1786 1608 1842 1667 »li
1863 1610 1952 1669 contra

1181 1717 1261 1764 vero
1273 1701 1330 1778 qui
1342 1718 1409 1764 non
1419 1702 1556 1779 cogitat,
1565 1702 1710 1765 libenter
1719 1703 1955 1780 pecuniamcon·

1182 1801 1311 1874 gregat.

1223 1897 1380 1972 Sequitur
1395 1917 1403 1956 ε
1421 1899 1471 1958 Tu
1485 1897 1650 1960 terribilis
1666 1913 1714 1970 es,
1730 1899 1766 1960 et
1783 1900 1858 1972 puis
1870 1900 1953 1958 rasis·
2012 1889 2013 1892 ’

1184 1993 1231 2054 let
1256 1993 1337 2054 trau
1357 1994 1405 2054 Ad
1433 1994 1669 2056 excitationem
1699 1994 1892 2056 dormientis
1914 1993 1953 2054 bic

1183 2088 1345 2151 subditur.
1377 2091 1438 2162 Qui
1466 2091 1555 2152 enim
1591 2090 1646 2154 hic
1682 2090 1882 2153 dormientes
1905 2105 1953 2150 non

1183 2186 1341 2260 sentiunt,
1355 2187 1391 2248 in
1407 2188 1471 2249 line
1487 2189 1643 2260 sentient,
1664 2188 1783 2261 velint,
1798 2188 1906 2249 nolint.
1919 2188 1953 2247 iix
2012 2229 2013 2272 ,

1182 2286 1261 2346 tuno
1274 2285 1363 2345 enim
1374 2285 1425 2346 ira
1439 2287 1496 2347 tua
1512 2285 1688 2347 manifesta
1701 2285 1780 2356 erit,
1793 2283 1953 2346 etvindlcla
2012 2283 2013 2368 )

1183 2381 1224 2443 ab
1244 2383 1368 2443 mterno
1394 2383 1549 2458 praevisa,
1575 2386 1609 2444 et
1632 2383 1868 2460 praeordinata.
1883 2379 1954 2442 Unde

1183 2481 1279 2540 Isaiae
1306 2477 1453 2560 (30,·33)
1469 2497 1512 2541 :a
1533 2481 1730 2558 Praeparata
1759 2481 1811 2542 est
1840 2475 1953 2540 abbari
2012 2551 2013 2554 Ἴ

1182 2575 1403 2652 Tbopbetb,a
1425 2592 1504 2652 rege
1530 2579 1731 2654 praeparata,
1757 2574 1954 2654 profundaet

1183 2671 1333 2735 dilatata.
1357 2673 1569 2735 Nutrimenta
1598 2677 1671 2751 ejus
1706 2674 1810 2750 ignis,
1834 2674 1865 2734 et
1884 2671 1953 2746 ligna
2012 2703 2013 2738 l

1184 2771 1298 2843 multa,
1316 2773 1349 2832 et
1363 2771 1463 2832 datus
1479 2771 1610 2832 Domini
1638 2771 1725 2832 sicut
1749 2773 1877 2833 torrens
1897 2767 1952 2828 sul·

1184 2868 1299 2944 phuris
1315 2868 1521 2931 succendens
1537 2883 1622 2929 eam.
1641 2885 1660 2928 r
1683 2867 1869 2945 Tbophetb,
1883 2864 1954 2925 scili·
2012 2915 2013 2944 ,

1184 2967 1236 3027 cet
1246 2965 1345 3026 vallis
1365 2965 1526 3040 gehennae
1552 2967 1743 3042 praeparata
1767 2967 1817 3026 est
1837 2963 1875 3024 ab
1888 2959 1952 3028 neri.

1184 3062 1270 3125 idest
1291 3062 1332 3123 ab
1352 3063 1488 3134 aeterno,
1512 3077 1627 3138 arege
1653 3061 1876 3139 omnipotente
1888 3073 1954 3135 pra-
2012 3121 2013 3130 ,

1184 3163 1312 3237 parata,
1325 3162 1359 3221 et
1373 3159 1520 3220 dilatata.
1535 3159 1784 3221 Nutrimentum
1796 3161 1864 3237 ejus
1876 3155 1952 3232 ignis,
2012 3149 2013 3238 )

1184 3260 1217 3318 et
1231 3257 1323 3333 ligna
1338 3257 1452 3327 multa,
1468 3255 1597 3318 scilicet
1608 3257 1713 3334 impii,
1727 3257 1785 3334 qni
1801 3255 1890 3318 erunt
1900 3266 1954 3312 ma·

1183 3355 1269 3415 teria
1284 3354 1435 3415 nutriens
1461 3353 1554 3413 illum
1577 3353 1712 3428 ignem:
1737 3355 1772 3414 et
1786 3353 1879 3414 flatus
1900 3351 1952 3410 llo-

1185 3451 1267 3511 mini
1280 3451 1366 3512 sicut
1378 3451 1510 3512 torrens
1523 3449 1730 3511 succendens
1742 3465 1828 3520 eam,
1841 3445 1916 3508 idest
1924 3442 1953 3502 de
2012 3491 2013 3530 3

1184 3549 1355 3610 voluntate
1368 3547 1499 3608 Domini
1514 3546 1736 3634 succendetur
1751 3547 1837 3607 sicut
1847 3548 1952 3606 torrens

1185 3644 1368 3722 sulphuris,
1384 3644 1462 3720 quia
1477 3642 1524 3704 ibi
1541 3645 1605 3705 erit
1628 3643 1725 3708 loetor
1747 3637 1953 3706 intolerabilis,
2012 3657 2013 3728 l

1185 3745 1218 3805 et
1230 3742 1317 3818 ignis
1333 3739 1613 3818 inextinguibilis.
2012 3729 2013 3800 l

1429 4005 1570 4069 SERMO
1592 4007 1731 4068 CXLIII.

1237 4147 1362 4219 Qualiter
1374 4146 1512 4206 debemus
1526 4145 1634 4216 videre,
1645 4147 1777 4220 vigilare,
1793 4152 1821 4203 et
1831 4156 1913 4202 orare.
2012 4191 2013 4194 ,

1185 4287 1227 4345 Io
1238 4287 1295 4345 dic
1315 4282 1547 4344 tribulationis
1565 4295 1653 4342 meta
1670 4284 1783 4342 Deum
1807 4273 1953 4350 exquisiti

1223 4382 1382 4442 usuaribus
1393 4382 1480 4440 mets
1493 4379 1593 4440 noete
1610 4379 1734 4440 eontra
1752 4391 1840 4447 eum,
1855 4375 1885 4435 et
1900 4382 1951 4430 nou

1224 4493 1303 4539 ssim
1314 4477 1495 4550 deceptio,-
1512 4475 1565 4536 vel
1577 4489 1697 4537 coram
1711 4489 1753 4537 eo
1762 4471 1823 4553 (7),
1838 4473 1900 4532 otio
1909 4465 1952 4530 lil-

1225 4576 1303 4636 tera
1316 4572 1419 4653 (Psal.
1435 4575 1485 4644 76,
1499 4569 1545 4650 3).

1224 4717 1290 4778 Iste
1304 4729 1422 4776 versus
1438 4712 1679 4790 complectitur,
1696 4713 1729 4773 et
1748 4707 1889 4772 insinuat
1906 4702 1949 4763 illa

1184 4813 1262 4885 tria,
1279 4827 1353 4889 quae
1368 4809 1526 4871 dicuntur
1539 4809 1574 4870 in
1590 4809 1704 4871 Marco
1715 4808 1781 4888 (l3,
1796 4805 1847 4886 33)
1861 4820 1891 4864 :v
1902 4799 1948 4860 li-

1184 4910 1270 4981 dete,
1294 4909 1327 4970 et
1341 4907 1490 4984 vigilate,
1516 4907 1549 4969 et
1571 4914 1676 4969 orate.
1704 4905 1827 4976 »Quod
1851 4899 1950 4962 dicitur

1185 5006 1241 5080 ibi,
1263 5007 1390 5077 Videte,
1411 5003 1590 5083 respondet
1609 5003 1694 5080 quod
1708 5002 1763 5063 bic
1782 5001 1901 5066 dicitur,
1917 4995 1948 5052 lu
2012 5007 2013 5012 ¹

1182 5109 1238 5166 dte
1253 5105 1484 5166 tribulationis
1488 5119 1500 5174 ;
1515 5100 1700 5162 Tribulatio
1720 5100 1808 5162 enim
1822 5097 1898 5157 diem
1910 5089 1948 5149 la-

1218 5287 1259 5358 (l)
1275 5285 1336 5344 bil).
1353 5287 1379 5343 ll
1394 5285 1553 5344 Comment.
1566 5284 1595 5341 in
1607 5299 1632 5341 c.
1649 5283 1735 5342 bier.

1218 5359 1256 5428 (5)
1273 5360 1358 5414 Ennr.
1372 5357 1400 5412 in
1414 5357 1459 5412 Ps.
1474 5355 1519 5424 sl,
1532 5369 1611 5411 num.
1627 5354 1669 5411 ld.
2012 5367 2013 5396 i

1217 5428 1257 5498 (6)
1273 5429 1324 5500 Ep.
1338 5426 1373 5484 ad
1389 5426 1511 5494 Paullo,
1523 5425 1558 5482 de
1577 5424 1672 5482 studio
1687 5423 1820 5496 scriptur.
1834 5419 1860 5476 in
1875 5411 1943 5472 calce.

1217 5501 1259 5571 (7)
1276 5499 1376 5558 versio
1388 5510 1483 5570 greca
1500 5495 1584 5554 ixx.
