4184 6410
123 291 182 358 641
463 377 468 382 Ι
502 293 611 374 rans
640 293 786 354 rarus.
806 247 851 336 -Ι
868 291 1087 354 aurosum
1117 290 1161 352 uv
1190 291 1393 352 rsauuos
1707 288 1779 351 aaa.

124 466 178 514 me
192 450 395 528 :perforavit
417 451 547 515 lumbos
568 467 662 514 meos
676 451 816 512 lancea:
834 465 916 512 con·-
971 447 1069 510 batur
1083 465 1144 526 per
1154 448 1426 526 imaginationem
1439 447 1669 512 delectationis
1684 462 1767 526 praa·

125 547 206 611 cidit
227 565 280 610 me
305 549 444 612 vulnere
470 565 572 626 super
594 548 728 622 vulnus,
756 551 789 610 et
808 547 919 624 posuit
972 545 1079 608 teritee
1097 566 1104 606 ι
1122 546 1244 608 Oculus
1255 546 1380 608 amoris
1392 544 1766 622 perconcupiscentiam

125 647 221 724 quasi
243 646 375 722 signum
399 646 440 708 ad
468 647 623 722 sagittam
653 667 661 706 ε
689 646 788 709 irruit
807 645 842 706 in
866 660 918 706 me
972 641 1130 705 faciendi.
1151 644 1331 720 Sequitur:
1351 642 1691 718 praeoccupaverant
1710 655 1767 703 me

125 745 222 820 quasi
236 744 342 819 gigas.
359 761 377 802 s
392 745 562 806 cervicem
577 760 685 806 meam
699 744 822 815 tenuit,
839 743 918 820 quia
972 743 1084 814 uocet
1097 741 1234 802 mortis.
1250 742 1419 816 Laqueum
1430 738 1510 801 dicit
1520 739 1685 815 originale
1695 755 1768 816 peo-

126 841 227 902 etiam
239 841 332 902 nasci
349 856 415 902 non
431 857 605 917 possumus
622 841 694 903 sine
709 841 817 917 culpa.
832 842 919 902 Gon-
974 837 1096 908 catum,
1112 836 1197 914 quod
1212 852 1273 898 nos
1296 838 1467 913 praevenit,
1491 837 1569 914 quia
1589 837 1787 915 antequam,⁸
1808 866 1814 888 »

126 937 226 1011 fregit
251 951 314 1008 me,
336 937 422 998 idest
445 937 536 998 vires
557 952 660 1008 meae,
689 938 767 1014 quia
788 951 848 1013 per
866 951 918 996 me
973 949 1162 1004 nascamur,
1179 949 1349 996 cosumus
1371 933 1530 1001 obvoluti,
1553 935 1585 994 et
1606 932 1765 994 damnati.

126 1034 241 1096 contra
256 1034 457 1095 tentationes
472 1036 562 1096 stare
576 1050 644 1096 non
664 1035 798 1111 potar03
823 1036 919 1110 cujus
976 1028 1069 1089 Unde
1087 1027 1149 1090 Job
1172 1025 1215 1106 (9,
1238 1026 1289 1106 17)
1309 1049 1318 1088 ε
1340 1027 1542 1104 Multiplicat
1563 1026 1612 1106 (2)
1628 1027 1767 1088 vulnera

126 1131 215 1192 enim
247 1131 394 1192 membra
425 1135 501 1193 sunt
534 1131 716 1202 contracta,
745 1129 787 1191 ad
820 1129 919 1192 tortia
975 1140 1049 1186 mea
1073 1125 1151 1186 sine·
1170 1139 1284 1196 causa,
1310 1125 1388 1202 quia
1408 1125 1482 1185 sine
1499 1139 1600 1186 causa
1626 1124 1780 1187 actualis·

127 1243 192 1288 non
205 1227 351 1304 resurgit
365 1242 467 1304 opera
484 1249 492 1288 ε
512 1228 559 1290 ita
578 1227 635 1305 qui
655 1227 846 1290 confractus
869 1228 920 1289 ast
975 1224 1113 1300 peccati,
1129 1221 1305 1299 multiplici
1320 1222 1458 1284 vulnera
1471 1238 1524 1284 me
1539 1221 1668 1297 aflligit.
1681 1220 1780 1282 Mul-'

125 1325 381 1402 perpeccatum,
398 1326 439 1387 ad
461 1324 548 1388 bona
570 1340 671 1403 opera
686 1341 753 1386 non
774 1325 921 1400 assurgit
975 1320 1078 1397 tiplax
1113 1320 1235 1381 vulnus
1259 1320 1321 1392 est,
1348 1319 1477 1382 scilicet
1501 1320 1586 1396 quod
1616 1319 1768 1382 carnales
1825 1399 1831 1412 1

127 1437 244 1499 perse.
260 1422 436 1499 Sequitur:
453 1440 471 1483 c
487 1421 814 1487 Perloravitlumbos
829 1437 920 1484 meos
976 1418 1157 1489 nascimur,
1185 1415 1449 1493 contemptibiles
1496 1417 1667 1489 morimur,
1696 1416 1769 1478 sine

128 1521 245 1581 lancea
260 1536 290 1594 »,
306 1518 436 1583 scilicet
454 1519 601 1582 carnalis
628 1520 918 1598 concupiscentiae.
976 1513 1098 1577 actuali
1114 1517 1250 1592 peccato
1265 1514 1462 1576 damnamur
1469 1511 1528 1594 (3).

126 1613 259 1678 Addens
274 1615 375 1677 etiam
390 1616 514 1678 vulnus
529 1631 630 1692 super
649 1616 782 1688 vulnus,
800 1619 837 1678 ut
851 1617 920 1676 sci-

125 1713 205 1774 licet
216 1712 387 1774 adhereat
398 1716 573 1790 peccatum
583 1714 731 1790 peccato.
742 1714 871 1776 «irruit
886 1715 920 1775 in

126 1825 179 1870 me
202 1809 298 1886 quasi
318 1810 458 1886 gigas.»
480 1811 581 1886 Gigas
610 1811 735 1873 dicitur
755 1809 919 1884 diabolus,
1215 1774 1356 1836 SERMO
1381 1775 1529 1872 XXVIII·

126 1907 204 1984 quia
219 1905 327 1980 iortls,
343 1907 376 1971 et
391 1907 509 1970 nititur
523 1922 584 1969 nos
598 1906 790 1969 subvertere
805 1908 840 1968 in
851 1923 922 1969 cor·
1172 1914 1213 1970 lte
1232 1920 1353 1986 quatuor
1372 1913 1572 1972 tabernaculis.

126 2019 219 2081 Μ’
234 2005 270 2065 et
283 2004 317 2066 in
333 2006 445 2116 ‘misna
469 2021 530 2084 per
552 2005 712 2115 {eternam
725 2005 922 2116 .d³mn⁸.ti⁰'
1001 2057 1206 2118 [arcivardo
1221 2061 1296 2130 &aas
1309 2059 1653 2133 tabernaculumque
1680 2061 1732 2120 etc

126 2117 213 2162 nem.
238 2100 300 2163 Sed
325 2102 488 2176 Christus,
513 2120 570 2180 qur
586 2102 749 2164 exultavit
772 2103 808 2164 ut
826 2117 921 2178 gigas
1655 2103 1664 2127 ’
1735 2104 1742 2119 “

126 2198 167 2260 ad
181 2198 380 2260 currendam
393 2200 482 2261 viam
492 2197 551 2280 (1),
569 2200 690 2263 invitat
706 2215 768 2260 nos
783 2199 824 2260 ad
844 2215 922 2259 cur·
1245 2153 1349 2233 (Μ’
1365 2155 1413 2227 17’
1432 2155 1497 2235 ¹2⁸)

125 2295 264 2356 rendam
279 2296 614 2358 viammandatorum
636 2295 707 2358 Dei.
731 2293 804 2356 Eris
820 2296 922 2371 igitur
1017 2297 1082 2356 Per
1093 2293 1346 2357 tabernaculum
1368 2296 1518 2359 Ecclesia
1540 2298 1688 2360 militans
1713 2299 1769 2359 in-

125 2393 221 2468 gigas
236 2391 377 2467 geminae
393 2392 598 2465 substantiae,
615 2395 649 2456 et
667 2392 874 2469 praevalebis,
892 2393 920 2454 si
976 2391 1149 2468 telligitur,
1165 2393 1281 2469 inqua
1301 2392 1495 2466 militantes
1512 2410 1573 2456 suo
1586 2396 1659 2471 regi
1675 2397 1771 2472 quasi

125 2490 162 2550 in
178 2503 279 2549 carne
294 2489 514 2566 spiritualiter
526 2492 632 2554 vivas.
660 2491 817 2568 Sequitur
834 2507 841 2551 :
856 2493 923 2552 Po-
976 2489 1011 2549 in
1025 2488 1242 2552 tabernaculo
1266 2489 1426 2552 assistere
1441 2490 1571 2562 debant,
1593 2499 1626 2554 et
1646 2508 1719 2554 essa
1735 2493 1769 2554 in

127 2585 197 2646 suit
212 2601 264 2647 me
276 2587 373 2664 quasi
388 2587 520 2663 signum
533 2588 574 2648 ad
594 2589 761 2663 sagittam.
784 2588 921 2663 Signum
976 2586 1120 2648 circuitu
1134 2587 1251 2663 ipsius.
1277 2588 1399 2649 Eodem
1419 2588 1516 2649 modo
1538 2605 1598 2650 nos
1613 2589 1771 2651 debemus

127 2684 179 2744 est
204 2683 239 2744 in
259 2682 379 2755 medio,
397 2683 549 2746 omnibus
565 2685 753 2760 expositum
774 2684 921 2761 undique
977 2683 1136 2745 assistere
1150 2684 1223 2760 regi
1237 2686 1363 2756 nostro,
1378 2684 1464 2747 idest
1474 2685 1616 2755 amisa,
1633 2701 1694 2748 nac
1712 2687 1772 2750 de·

127 2779 264 2857 jaculis.
291 2780 409 2844 Jacula
437 2782 537 2842 euim·
551 2781 773 2844 tantationum
798 2781 921 2844 diaboli
976 2779 1092 2840 bemus
1107 2779 1219 2842 facore
1238 2781 1325 2843 sicut
1339 2781 1474 2858 quidam
1489 2783 1640 2858 perversi
1663 2783 1771 2846 ludaei

127 2877 287 2954 undique,
301 2879 335 2938 at
348 2877 384 2939 in
397 2879 550 2940 omnibus
563 2879 729 2955 operibus,
747 2880 780 2941 et
800 2879 835 2940 in
850 2894 923 2940 om·
976 2877 1138 2947 fecerunt,
1151 2879 1236 2940 sicut
1247 2878 1371 2955 legitur
1379 2879 1414 2940 in
1425 2879 1532 2957 primo
1543 2879 1770 2960 Regum(13,r

126 2973 225 3036 nibus
250 2975 334 3036 locis
362 2977 487 3053 patent.
513 2975 666 3054 Undique
701 2978 831 3053 oportet
861 2992 921 3038 nos
976 2976 1066 3047 etit,
1080 2973 1146 3055 22),
1157 2975 1415 3054 quodcumsaul
1426 2981 1665 3053 congregasset
1677 2995 1771 3040 exer

127 3073 397 3149 circumspicere,
441 3073 588 3151 undique
614 3073 710 3135 nobis
750 3089 834 3151 opus
872 3075 923 3136 est
973 3073 1771 3152 citumsuumcontranilistbaaos,quidamper-

125 3185 247 3246 magna
260 3170 406 3242 cautela,
417 3172 450 3233 et
462 3172 771 3250 circumspectione,
789 3187 830 3234 ne
845 3187 923 3235 suc·
977 3170 1066 3233 versi
1080 3173 1294 3232 recesserunt
1304 3169 1344 3232 ab
1360 3186 1399 3232 eo
1410 3169 1472 3251 (4),
1484 3172 1517 3233 et
1527 3172 1772 3235 transtulerunt

127 3267 337 3330 cumbamus.
977 3283 1013 3330 se
1039 3267 1082 3330 ad
1110 3269 1220 3330 castra
1243 3267 1532 3340 Philistbinorum,
1558 3270 1771 3332 transeuntes

168 3366 326 3443 Sequitur
347 3387 354 3426 :
382 3367 428 3428 lli
441 3367 614 3430 torrentes
626 3368 821 3442 iniquitatis
835 3383 920 3430 con-
975 3366 1154 3428 Jordanem
1169 3366 1342 3428 interram
1358 3367 1439 3439 (iad,
1450 3367 1483 3431 et
1495 3367 1632 3430 calaad.
1648 3368 1770 3430 Eodem

128 3463 436 3526 tacrbaocruntmc.
451 3464 826 3541 Pnimorumparentum
841 3466 920 3526 ino·
977 3462 1073 3524 modo
1089 3463 1184 3526 multi
1208 3463 1308 3526 hodie
1332 3463 1409 3526 ialsi
1431 3465 1609 3528 christiani
1631 3465 1769 3537 iaciunt,

125 3559 294 3622 bedientia
318 3561 582 3623 antonomastice
603 3562 700 3638 quasi
724 3577 785 3638 per
809 3563 923 3624 excel·
977 3576 1059 3638 quos
1074 3562 1234 3622 Dominus
1246 3561 1363 3624 eduxit
1381 3561 1422 3622 de
1437 3563 1583 3640 AEgypto
1605 3579 1770 3638 permare

126 3657 275 3732 lentiam,
292 3657 371 3734 quia
387 3659 522 3734 superat
539 3657 626 3718 alias
641 3658 846 3735 iniquitates,
870 3658 923 3718 di·
976 3656 1126 3729 rubrum,
1151 3657 1238 3718 idest
1258 3657 1298 3718 de
1312 3657 1460 3720 tenebris
1476 3660 1687 3734 peccatorum
1712 3674 1771 3736 per

126 3755 215 3816 citur
237 3755 409 3832 iniquitas,
440 3755 518 3831 quia
542 3754 583 3816 de
611 3769 651 3816 ea
681 3756 838 3818 exierunt
857 3756 921 3818 duo
976 3753 1188 3830 baptismum.
1205 3755 1263 3816 Isti
1279 3756 1453 3817 transeunt
1467 3755 1507 3816 ad
1521 3757 1631 3817 castra
1646 3755 1773 3817 Philis-

125 3852 193 3913 rivi
218 3852 402 3923 turbantes,
428 3853 462 3914 et
482 3851 552 3914 lere
576 3854 784 3914 excaecantes
807 3853 921 3915 oculos
976 3850 1158 3912 thinorum.
1180 3849 1396 3911 Philisthaeus
1419 3851 1508 3911 enim
1532 3853 1630 3914 sonat
1646 3851 1771 3930 duplex

124 3948 272 4010 hominis
288 3949 473 4012 interioris.
490 3949 566 4011 Rivi
589 3951 667 4011 sunt
681 3949 922 4026 concupiscen-
977 3947 1086 4020 ruina,
1104 3947 1233 4009 scilicet
1253 3946 1390 4010 invidiae
1410 3949 1527 4010 contra
1542 3949 1722 4022 hominem,
1739 3953 1772 4012 et

124 4047 184 4114 tia,
199 4047 431 4123 etimaginatic
445 4047 676 4108 mundialitrm.
687 4049 731 4108 De
745 4047 921 4124 iniquitate
977 4045 1141 4120 superbiae
1154 4046 1269 4107 contra
1284 4047 1400 4106 Deum.
1420 4047 1477 4106 lsti
1493 4046 1578 4108 tales
1596 4049 1771 4110 transeunt

126 4144 309 4221 primorum
326 4147 500 4221 parentum
516 4146 750 4222 processerunt
769 4145 834 4206 duo
847 4146 920 4207 tor·
976 4142 1167 4214 Jordanam,
1180 4143 1236 4218 qui
1251 4141 1490 4220 interpretatur
1502 4143 1693 4218 descensus,
1711 4161 1771 4222 per

124 4242 238 4302 rentes
253 4241 488 4304 conturbantes
503 4243 615 4305 lumen
629 4244 751 4304 nostrae
765 4241 918 4302 rationis.
976 4255 1074 4317 quem
1096 4240 1267 4300 humilitas
1289 4240 1451 4314 signatur,
1478 4257 1542 4317 qua
1565 4242 1683 4305 relicta
1701 4241 1769 4324 (5),

127 4338 225 4400 Ratio
240 4339 328 4399 enim
344 4339 427 4400 duos
448 4339 550 4401 habet
570 4339 696 4410 oculos,
722 4339 921 4416 cognitionis
976 4336 1152 4400 transeunt
1174 4336 1254 4408 (iad,
1276 4335 1363 4413 quod
1379 4336 1618 4413 interpretatur
1637 4341 1783 4402 accinc··

127 4434 268 4504 scilicet,
285 4436 319 4496 et
332 4436 468 4496 amoris.
494 4436 617 4499 Oculus
633 4437 833 4514 cognitionis
843 4438 919 4499 tur·-
975 4436 1047 4509 tus;
1070 4433 1192 4497 debent
1206 4434 1380 4496 animasse
1394 4435 1536 4496 accincti
1552 4435 1593 4496 ad
1612 4452 1770 4514 pugnan-

126 4623 175 4666 me
187 4608 294 4666 lanceis
311 4608 381 4678 suis,
397 4607 612 4667 convulneravit
630 4611 742 4668 lumbos
756 4627 846 4678 meos,
863 4625 920 4669 nou
976 4611 1148 4684 placentiam
1168 4616 1345 4678 numeretur,
1363 4609 1489 4668 traheret
1506 4611 1647 4684 originale
1667 4626 1768 4682 pecca·

127 4679 264 4752 pepercit,
287 4685 316 4736 el
334 4677 433 4737 alludit
447 4680 475 4735 in
491 4687 564 4736 terra
577 4681 687 4738 viscera
705 4697 778 4739 mea.
795 4682 922 4740 Concidit
975 4689 1153 4752 cetumque
1168 4681 1325 4739 traheretur
1338 4680 1373 4738 ad
1388 4679 1457 4738 illud
1471 4687 1629 4762 entremum
1644 4696 1708 4738 cum
1721 4681 1770 4739 de·

127 4765 175 4834 me
197 4750 315 4807 vulnere
339 4765 425 4822 super
447 4750 571 4820 vulnus,
604 4751 686 4808 irruit
712 4753 741 4807 in
768 4767 815 4809 me
839 4753 920 4825 quasi
976 4751 1132 4808 sartoribus
1148 4753 1260 4825 angelis
1274 4752 1336 4807 sine
1350 4751 1717 4880 finesupqtlrseslgno‘rdinaria
1741 4824 1770 4882 in

127 4835 301 4962 8¹fflmPsal.
317 4891 360 4960 18,
375 4891 402 4948 8.
977 4821 1310 5020 liggflgcaffelrgngitafl
1322 4822 1478 4948 2068801·ξὰεὲ
1493 4891 1661 4963 quibusdam
1678 4895 1769 4951 lurae·

163 4961 205 5030 (²)
226 4960 830 5035 Parapbr.Cbald.,llulg.:Multiplicabit
976 4962 1110 5034 illisqui
1142 4964 1247 5020 ‘aulem
1278 4969 1306 5019 et
1341 4962 1487 5034 populum,
1519 4962 1646 5034 quicum
1662 4973 1772 5023 ecerat

163 5033 204 5102 (3)
219 5033 284 5090 Sine
299 5033 407 5088 actuali
419 5038 532 5159 {recocto
546 5035 728 5101 damnamur,
750 5031 922 5092 decedentes
975 5031 1159 5104 reliquerant,
1175 5003 1305 5105 quedam
1318 5047 1384 5106 pars
1398 5029 1521 5100 illorum,
1537 5033 1584 5104 qui
1596 5033 1706 5090 llebraei
1723 5051 1770 5093 vo·

126 5103 361 5230 sinebaftismm
382 5118 438 5172 ve,
453 5104 631 5161 damnationi
651 5109 795 5175 perpetue
809 5119 830 5230 Y,
1638 5179 1641 5184 1

126 5188 237 5244 ongum
251 5189 267 5229 a
280 5173 387 5245 absque
407 5175 510 5231 actuali
534 5184 650 5246 peccato
672 5190 771 5231 tumus
794 5190 812 5231 o
833 5176 919 5245 noxii,
975 5174 1053 5242 viris,
1088 5175 1116 5230 ui
1128 5189 1194 5231 cum
1207 5189 1242 5230 eo
1255 5182 1347 5243 erant,
1362 5182 1390 5231 et
1410 5172 1621 5231 descenderunt
1637 5191 1664 5231 vn
1679 5185 1771 5234 castra

124 5250 158 5300 ut
172 5243 212 5299 ait
226 5245 253 5301 S.
267 5245 443 5316 Augustinus
456 5245 483 5300 iu
500 5243 661 5314 Encbirid.,
677 5245 805 5317 capiti:
822 5268 833 5296 ι
854 5249 921 5304 Post
976 5243 1076 5302 Philist
1099 5245 1167 5309 iim;
1193 5243 1269 5302 unde
1287 5245 1315 5300 iu
1340 5245 1526 5326 sequentibus
1549 5262 1556 5302 :
1572 5245 1654 5304 »Sed
1673 5255 1699 5302 el
1714 5249 1769 5304 lle·

127 5321 276 5384 peccatum
300 5315 364 5372 exul
381 5315 500 5372 silemus
519 5314 646 5388 (Adam),
673 5317 791 5389 stirpem
809 5331 923 5400 quoque
974 5315 1054 5384 braei,
1072 5315 1120 5388 qui
1134 5313 1249 5372 luerunt
1260 5330 1325 5372 cum
1339 5314 1508 5372 philisthiim
1529 5315 1591 5374 herl
1612 5325 1640 5374 ct
1656 5317 1771 5376 nudius·

126 5398 220 5452 suam,
244 5398 329 5455 quam
353 5386 498 5456 peccando
517 5387 547 5442 iu
566 5402 597 5444 se
622 5394 758 5460 tanquam
781 5386 810 5443 in
826 5387 921 5444 radice
975 5387 1085 5454 tertius,
1104 5384 1279 5444 ascenderan
1313 5399 1349 5443 ue
1364 5400 1431 5444 curn
1446 5386 1650 5455 eisincastris‚
1665 5390 1772 5445 reversi

126 5454 288 5520 vitiaverat,
319 5469 384 5512 oena
400 5457 508 5524 mortis,
520 5465 548 5513 el
556 5455 741 5515 damnatione
753 5457 919 5526 obstrinxlt3
975 5464 1051 5525 suut,
1067 5463 1098 5514 ut
1111 5463 1209 5514 essent
1222 5471 1288 5513 cum
1316 5457 1401 5514 srael.

126 5531 158 5582 ut
168 5523 286 5596 quidqui
317 5526 403 5597 prolis
417 5541 454 5582 ex
468 5527 540 5608 ipso,
555 5535 584 5586 et
604 5529 688 5586 simul
707 5527 854 5598 damnata,
871 5543 921 5600 per
1011 5528 1054 5599 (5)
1077 5529 1140 5594 Orto
1153 5527 1267 5596 relicta,
1282 5533 1351 5598 etc,
1366 5527 1450 5598 idest,
1463 5543 1519 5601 qua
1534 5528 1651 5597 amissa,
1667 5543 1719 5585 seu
1734 5543 1774 5585 re·

127 5609 213 5666 quam
225 5603 405 5669 peccaverat,
428 5611 562 5670 conjugo,
581 5614 632 5671 per
653 5599 798 5657 carnalem
812 5614 919 5657 coucu·
975 5599 1100 5672 pudiata.

272 5733 387 5777 airaon.
407 5732 480 5776 roua
497 5721 545 5778 Vl.
1546 5722 1578 5778 bl

827 5113 921 5188 repter
975 5112 1085 5172 cantur,
1098 5104 1201 5160 timore
1217 5104 1357 5175 perterriti
1380 5101 1545 5160 deiecerunt
1568 5105 1677 5173 oSaul,
1699 5114 1727 5163 et
1755 5121 1770 5164 a
