4152 6388
298 212 378 274 aot
700 211 732 274 S.
757 212 975 275 FRANCiSCI
997 211 1223 272 ASSISIATIS
1245 211 1475 274 OPUSGULA.
1881 209 1951 270 268

300 386 398 448 quam
414 372 601 447 pecuniam,
618 387 679 432 nec
694 387 753 447 per
769 385 815 441 se,
833 385 894 432 nec
909 386 969 448 per
982 371 1091 432 inter·
1147 369 1271 438 Tertia,
1288 370 1401 442 Sexta
1420 371 1528 440 Nona,
1552 383 1613 445 pro
1638 367 1784 446 qualibet
1800 367 1953 429 istarum

300 469 442 546 positam
466 485 654 546 personam.
680 469 714 530 Si
738 469 849 532 tamen
874 467 1091 544 indiguerint,
1148 468 1273 543 septem
1287 467 1386 527 Pater
1401 467 1524 536 noster,
1539 481 1614 526 cum
1627 465 1740 526 Gloria
1755 464 1862 526 Patri.
1879 467 1954 524 Pro

301 567 367 653 alia
388 565 577 627 necessaria
602 565 751 642 corporis
776 567 896 641 praeter
918 565 1090 642 pecuniam
1146 563 1424 639 Vesperisautem
1438 563 1629 636 duodecim;
1645 578 1706 640 pro
1718 563 1952 640 completorio

301 663 453 738 accipere
467 664 605 738 possunt
619 663 740 723 fratres
754 679 854 723 causa
870 662 1090 732 necessitatis,
1148 663 1283 738 septem,
1301 661 1334 722 et
1348 661 1453 722 Credo
1466 660 1501 719 in
1516 661 1630 731 Deum,
1655 676 1730 721 cum
1750 660 1866 720 Gloria
1878 662 1955 719 Pa-

300 759 385 820 sicut
398 759 457 819 alii
472 773 646 836 pauperes.
666 761 790 821 Etcum
807 775 964 819 reversus
980 757 1090 830 fuerit,
1147 759 1202 819 tri.
1220 761 1283 818 Pro
1306 757 1445 818 mortuis
1461 759 1586 833 septem
1610 758 1709 818 Pater
1723 759 1850 827 noster,
1867 771 1951 817 cum

300 854 452 917 minister
477 857 637 918 concedat
662 857 693 916 el
730 872 858 933 pannos
889 855 1093 932 probationis
1148 855 1307 932 Requiem
1321 853 1545 916 aeternamsst
1564 853 1953 931 prodefectuetnegli-

300 953 459 1030 usquead
476 969 610 1024 annum,
628 953 756 1015 scilicet
771 953 853 1013 duas
868 953 1000 1013 tunicas
1020 955 1093 1014 sine
1147 953 1259 1028 gentia
1276 951 1426 1022 fratrum,
1443 951 1508 1016 tria
1528 954 1629 1013 Pater
1648 954 1771 1024 noster,
1794 951 1955 1030 qualibet

299 1050 444 1126 caputi0,
467 1051 501 1112 et
514 1050 694 1126 cingulum,
714 1052 745 1110 et
765 1049 915 1121 braccae,
935 1053 968 1112 et
988 1065 1092 1126 capa·
1148 1050 1212 1110 die.

299 1162 415 1209 ronam
428 1147 584 1223 usquead
599 1147 778 1222 cingulum.
794 1148 902 1208 Finito
914 1163 993 1208 vero
1006 1163 1094 1208 anno
1189 1149 1227 1208 st
1255 1146 1410 1209 similiter
1436 1161 1551 1206 omnes
1579 1145 1700 1207 fratres
1731 1148 1953 1222 jejunenta
2056 1153 2057 1228 j

299 1247 333 1306 et
352 1245 495 1306 termino
518 1243 735 1320 probationis,
756 1243 939 1319 recipiatur
954 1244 995 1304 ad
1015 1243 1095 1304 obe·
1149 1243 1231 1305 festo
1247 1244 1400 1306 Omnium
1418 1245 1615 1305 Sanctorum
1631 1244 1790 1320 usquead
1809 1244 1950 1314 Natale,

300 1341 470 1402 dientiam.
485 1343 604 1403 Postea
619 1357 684 1402 non
698 1341 811 1402 licebit
826 1342 856 1401 ei
872 1341 913 1402 ad
929 1341 1030 1402 aliam
1045 1357 1095 1435 re·
1148 1343 1181 1402 et
1194 1341 1234 1402 ab
1259 1341 1457 1418 Epiphania,
1485 1341 1616 1417 quando
1640 1341 1799 1401 Dominus
1828 1344 1954 1402 noster

300 1438 459 1515 ligionem
483 1439 652 1511 accedere,
674 1454 736 1499 nec
756 1442 850 1500 extra
872 1438 1093 1500 obedientiam
1148 1441 1245 1500 Jesus
1267 1439 1417 1498 Christus
1441 1438 1755 1514 incoepitjejunare,
1780 1439 1950 1515 usquead

301 1535 448 1612 evagari,
458 1538 555 1612 J'unta
572 1536 763 1598 mandatum
779 1535 903 1596 domini
920 1539 1032 1612 Papae.
1059 1535 1094 1596 Si
1149 1536 1289 1602 Pascha.
1306 1535 1390 1596 Aliis
1405 1551 1484 1596 vero
1500 1535 1704 1611 temporibus
1720 1551 1785 1596 non
1803 1537 1953 1596 tenean-
2056 1585 2057 1594 ,

300 1636 410 1695 autem
431 1634 552 1711 aliquis
573 1635 713 1708 venerit,
740 1634 817 1710 quia
845 1649 904 1694 sua
927 1632 1007 1694 dare
1028 1648 1093 1693 non
1149 1635 1204 1694 tur
1217 1633 1398 1694 secundum
1416 1633 1628 1705 bancvitam,
1645 1633 1710 1693 uisi
1731 1634 1827 1694 sexta
1844 1634 1951 1694 Feria

300 1731 408 1808 potest
433 1731 506 1792 sine
529 1730 776 1806 impedimento,
802 1732 835 1790 et
861 1729 962 1790 babet
995 1729 1097 1805 spiri·
1145 1731 1360 1808 JejunareDt
1374 1731 1474 1791 liceat
1489 1730 1539 1791 eis
1559 1730 1761 1792 manducare
1775 1730 1816 1792 de
1834 1732 1951 1791 omni·
2056 1747 2057 1776 ³

302 1831 422 1892 tualem
437 1829 654 1898 voluntatem,
671 1827 838 1903 relinquat
857 1827 926 1898 illa,
950 1828 983 1888 at
1001 1827 1095 1888 sulti·
1149 1827 1210 1887 bus
1238 1827 1322 1888 cibis
1348 1827 1404 1904 qui
1426 1828 1637 1904 apponuntur
1663 1829 1728 1897 eis,
1760 1828 1949 1890 secundum

300 1928 346 1989 cit
360 1927 403 1988 ei.
423 1925 542 1987 Nullus
564 1925 747 2001 recipiatur
767 1927 884 1986 contra
904 1923 1043 1986 formam
1064 1926 1096 1987 et
1150 1928 1301 1988 sanctum
1314 1925 1541 2001 Evangelium.

300 2023 540 2085 institutionem
557 2025 681 2084 sanctae
696 2023 866 2084 Ecclesiae.

339 2121 407 2182 Alii
426 2137 516 2192 vero,
533 2122 589 2198 qui
614 2121 838 2197 promiserunt
860 2120 1092 2192 obedientiam,
1439 2121 1576 2184 CAPUT
1598 2121 1651 2182 lv.

300 2217 447 2280 habeant
472 2219 604 2280 unicam
626 2218 774 2279 tunicam
797 2233 870 2278 cum
898 2219 1042 2294 caputio,
1063 2219 1096 2280 et

301 2316 401 2376 aliam
415 2317 488 2377 sina
503 2315 646 2392 caputi0,
665 2316 693 2376 si
709 2330 845 2376 necesse
860 2314 970 2388 fuerit,
983 2316 1016 2376 et
1028 2316 1096 2376 cin·

300 2412 415 2489 gutum
425 2413 459 2474 et
470 2413 619 2474 braccas.
638 2415 676 2474 nt
690 2428 804 2476 omnes
827 2411 948 2474 fratres
972 2413 1094 2473 vilibus

1178 2263 1422 2337 Doministris,
1432 2263 1465 2324 et
1480 2267 1557 2324 altis
1565 2264 1747 2338 fratribus,
1762 2265 1916 2338 annates·

1437 2362 1654 2424 ordinentur.

299 2510 447 2572 vestibus
462 2509 655 2578 induantur,
670 2509 909 2586 etpossinteas
922 2511 1094 2586 repeciare
1189 2513 1227 2575 ln
1247 2511 1383 2573 nomine
1406 2511 1561 2572 Domini:
1585 2513 1706 2572 Omnes
1729 2510 1863 2584 fratres,
1886 2514 1947 2590 qui
2056 2523 2057 2588 j

301 2607 342 2669 de
355 2607 472 2678 saccis,
489 2609 523 2668 et
534 2607 610 2668 aliis
632 2607 747 2683 peciis,
769 2622 844 2667 cum
863 2606 1094 2668 benedictione
1149 2609 1397 2671 constituuntur
1411 2607 1555 2671 ministri
1570 2610 1604 2670 et
1615 2609 1704 2670 servi
1716 2609 1946 2671 aliorumfra-
2056 2593 2057 2678 J

301 2703 378 2778 Dei3
395 2703 472 2780 quia
488 2705 647 2764 Dominus
669 2703 750 2764 dicit
764 2703 799 2763 in
813 2701 1014 2779 Evangelio:
1031 2705 1094 2772 Qut
1148 2709 1248 2780 trum,
1261 2705 1295 2766 in
1311 2707 1393 2768 locis
1408 2704 1528 2782 quibus
1543 2705 1676 2779 merint,
1689 2706 1854 2768 collocent
1865 2723 1948 2769 suos
2056 2755 2057 2762 ,

302 2804 340 2862 tn
352 2801 446 2863 veste
456 2801 613 2874 pretiosa
626 2801 719 2870 sunt,
734 2801 767 2862 et
782 2804 818 2861 tn
831 2803 970 2872 delictis,
988 2802 1022 2862 et
1036 2804 1095 2874 out
1150 2803 1280 2878 fratres,
1297 2819 1379 2880 quos
1405 2819 1492 2880 saepe
1513 2801 1659 2876 visitent,
1676 2805 1708 2865 et
1722 2804 1949 2880 spiritualiter
2056 2823 2057 2830 ¹

301 2901 456 2960 mollibus
483 2899 696 2969 vestiuntur,
720 2901 757 2960 tn
788 2901 943 2960 domimus
971 2913 1095 2974 regum
1149 2903 1318 2975 moneant,
1337 2903 1370 2962 et
1385 2900 1580 2962 confortent.
1602 2903 1641 2961 Et
1664 2915 1778 2962 omnes
1800 2901 1860 2962 alii
1875 2903 1949 2963 fra·
2056 2939 2057 2948 ÷

300 2996 383 3058 sunt
398 2993 599 3073 (Matth.,n1,
616 2994 662 3076 8).
672 2997 711 3056 nt
726 2995 804 3056 licet
815 2995 971 3056 dicantur
983 2996 1092 3073 bype-
1148 3002 1216 3061 tres
1231 2998 1294 3060 mai
1310 2998 1474 3061 benedicti
1488 2999 1669 3074 diligenter
1682 2999 1838 3062 obediant
1848 3001 1896 3062 eis
1909 3002 1946 3061 in
2056 3043 2057 3070 ,

301 3094 413 3169 crytae,
430 3094 622 3155 nontamen
639 3095 772 3154 cessent
794 3092 1001 3154 benefacere.
1025 3095 1095 3154 Nec
1150 3097 1202 3156 bis
1217 3111 1291 3173 quae
1307 3097 1457 3172 spectant
1471 3095 1510 3156 ad
1526 3096 1666 3156 salutem
1682 3097 1815 3170 animae,
1831 3101 1865 3159 et
1876 3114 1945 3158 non
2056 3117 2057 3168 ff

198 3263 200 3268 ι
302 3191 453 3267 quaerant
468 3205 563 3250 caras
579 3192 688 3252 vestes
704 3191 956 3262 inbocsaecu10,
971 3192 1096 3267 utpos-
1150 3197 1226 3254 sunt
1240 3193 1499 3254 contrariavitae
1513 3195 1646 3254 nostrae.
1660 3195 1699 3256 Et
1720 3193 1947 3256 laciantinter

302 3287 370 3364 sint
384 3287 508 3348 babere
519 3288 754 3349 vestimentum
765 3287 799 3348 in
810 3289 1092 3364 regnocoalorum.
1150 3307 1196 3364 se,
1211 3291 1297 3352 sicut
1311 3290 1391 3352 dicit
1400 3291 1560 3352 Dominus
1574 3313 1581 3350 :
1599 3293 1826 3366 Qaecoecumque
1840 3295 1945 3355 uuttts
2056 3367 2057 3372 ἵ

1149 3390 1187 3449 ut
1201 3389 1333 3462 sacient
1347 3391 1441 3449 uobis
1454 3389 1664 3462 hebetasset
1684 3405 1744 3452 cos
1757 3393 1861 3464 soctte
1878 3395 1945 3452 illis
2056 3399 2057 3418 ¹

591 3503 734 3578 CAPUT,
748 3503 805 3564 111,
1151 3485 1295 3564 (mann,
1306 3501 1365 3558 vu,
1383 3485 1454 3564 12);
1471 3489 1503 3546 et
1523 3486 1608 3562 quod
1624 3485 1684 3546 tibi
1699 3502 1767 3546 non
1787 3487 1839 3548 vis
1857 3489 1943 3562 lieri,

1150 3599 1215 3657 nep
1232 3582 1336 3644 facias
1347 3583 1727 3644 alteri.Etrecordentur
1739 3584 1897 3658 ministri,
1909 3587 1944 3646 et

443 3639 493 3699 De
505 3639 621 3698 divino
635 3635 746 3710 (ΗΜΘ
761 3634 794 3697 ⁶³
808 3636 953 3709 jejunio.
1150 3681 1251 3754 servi,
1263 3680 1347 3758 quod
1365 3681 1445 3741 dicit
1452 3681 1609 3742 Dominus
1619 3702 1625 3740 :
1637 3685 1717 3743 Non
1731 3685 1810 3743 aetat
1825 3686 1945 3744 saints

340 3779 428 3842 Dicit
439 3778 621 3841 Dominus:
639 3779 709 3840 Hoc
728 3793 834 3853 genus
856 3777 1095 3840 daemoniorum
1150 3780 1253 3848 trani,
1270 3782 1330 3838 sed
1353 3779 1559 3862 mtrztstrare
1572 3777 1716 3856 (Malib,
1733 3795 1791 3853 xx,
1812 3778 1888 3859 28);
1910 3782 1945 3841 et

299 3892 368 3940 non
383 3879 490 3954 potest
504 3877 609 3947 exire,
624 3875 690 3936 nisi
702 3875 735 3936 in
745 3875 916 3952 jeiunioet
931 3876 1092 3936 oratione.
1149 3875 1235 3950 quod
1247 3875 1423 3937 commissa
1440 3876 1490 3936 est
1503 3875 1553 3936 eis
1574 3891 1656 3936 cura
1674 3876 1864 3938 animarum
1879 3877 1943 3938 fra·

300 3977 341 4036 Et
355 3974 495 4035 iterum:
518 3975 598 4033 Cum
609 3972 783 4048 jejunatis,
809 3971 911 4033 nolite
925 3971 997 4032 fieri
1009 3971 1096 4032 sicut
1148 3973 1249 4046 trum,
1261 3973 1302 4033 de
1316 3971 1435 4050 quibus
1451 3971 1480 4032 si
1495 3971 1621 4050 aliquid
1637 3973 1833 4049 perderetur
1847 3990 1945 4052 prop·

299 4072 483 4148 hypocritae
497 4070 622 4132 tristes.
646 4071 787 4144 Propter
812 4068 874 4129 boc
897 4085 1010 4130 onmes
1026 4069 1095 4130 fra·
1150 4072 1199 4130 ter
1216 4085 1331 4130 eorum
1345 4069 1475 4146 culpam
1488 4074 1520 4130 et
1533 4070 1655 4130 malurn
1678 4070 1880 4148 exemplum,
1905 4073 1942 4133 in

298 4173 380 4240 tres,
398 4169 468 4229 sive
483 4163 610 4237 clerici,
624 4164 1094 4236 sivelaici,faciantdivinu1n
1149 4167 1203 4228 die
1221 4167 1343 4230 ludicii
1364 4165 1531 4244 oportebit
1545 4181 1602 4228 eos
1627 4167 1766 4230 reddere
1777 4169 1943 4230 rationem

97 4279 103 4294 ·
172 4251 187 4274 ¹
301 4263 469 4334 officium,
493 4261 630 4332 laudes,
659 4262 692 4322 et
719 4260 887 4322 orationes
914 4262 1094 4324 secundum
1149 4278 1261 4325 coram
1277 4263 1416 4327 Domino
1431 4267 1511 4326 lesu
1526 4263 1669 4325 Christo.

300 4360 386 4437 quod
403 4358 523 4420 debent
537 4358 658 4418 facere.
672 4358 791 4418 Clerici
801 4357 925 4419 faciant
935 4357 1092 4430 officium,

299 4461 333 4520 et
346 4458 459 4519 dicant
470 4471 530 4533 pro
545 4454 631 4516 vivis
648 4455 681 4516 et
692 4469 751 4532 pro
762 4455 902 4518 mortuis
913 4456 1094 4517 secundnm
1444 4460 1580 4520 CAPUT
1601 4462 1640 4521 V.

242 4603 246 4618 .
299 4555 573 4618 consuetudinem
588 4553 797 4614 clericorum.
813 4555 878 4614 Pro
889 4553 1017 4616 defectu
1032 4570 1095 4614 au-

297 4657 363 4716 tem
378 4656 411 4718 et
425 4653 628 4730 negligentia
644 4651 784 4713 fratrum
798 4651 887 4712 omni
899 4652 951 4712 die
969 4651 1092 4726 dicant,
1187 4603 1237 4662 De
1258 4601 1470 4662 camerinae
1484 4603 1639 4675 fratrum
1650 4603 1687 4663 m
1701 4603 1900 4678 ‘’ffemt'ffloe·

296 4753 457 4814 Miserere
485 4748 551 4812 mei
575 4753 673 4822 Deus,
690 4765 765 4810 cum
782 4751 882 4811 Pater
907 4751 1035 4825 noster3
1061 4753 1094 4813 et
1187 4751 1331 4827 Ideoque
1346 4751 1475 4812 animas
1495 4753 1623 4814 vestras
1647 4754 1681 4814 at
1705 4752 1845 4818 fratrum
1861 4771 1941 4817 ves·
2056 4765 2057 4832 l

296 4865 357 4928 pro
379 4849 538 4910 fratribus
554 4847 720 4909 defunctis
742 4847 876 4908 dicant:
892 4848 938 4907 De
953 4846 1093 4924 profun-
1146 4850 1273 4910 trorum
1294 4849 1467 4920 custodite,
1479 4849 1557 4926 quia
1568 4849 1770 4911 horrendum
1784 4854 1834 4915 est
1848 4853 1940 4914 inci-

297 4947 359 5018 dis,
375 4963 448 5007 cum
460 4948 560 5007 Pater
571 4952 693 5008 noster.
710 4947 751 5006 nt
764 4944 867 5006 libros
884 4945 1091 5006 necessarios
1147 4946 1225 5007 dere
1237 4946 1271 5006 in
1283 4945 1466 5008 mauusDei
1479 4948 1624 5009 viventis
1636 4945 1807 5026 (Hebr.,x,
1823 4949 1889 5029 31).
1905 4953 1940 5012 Si

297 5042 553 5120 adimplendum
567 5059 682 5104 eorum
708 5043 853 5104 officium
875 5042 1005 5119 possint
1030 5043 1092 5102 ba·
1146 5045 1221 5121 quis
1236 5046 1346 5106 autem
1362 5044 1591 5106 ministrorum
1604 5045 1706 5106 alicui
1720 5045 1861 5108 fratrum
1877 5049 1941 5110 ali-

295 5142 386 5203 bere.
400 5144 439 5202 ut
452 5141 548 5203 laicis
559 5140 741 5202 scientibus
754 5141 864 5216 legere
878 5140 1089 5210 Psalterium,
1146 5142 1224 5220 quid
1246 5145 1361 5202 contra
1375 5143 1477 5203 vitam
1494 5145 1641 5204 nostram
1664 5146 1870 5222 praeceperit,
1887 5146 1939 5207 vel

295 5240 396 5302 liceat
408 5237 490 5299 illud
506 5237 639 5300 babere.
665 5238 750 5299 Aliis
770 5254 849 5300 vero
866 5237 1104 5299 nescientibus
1146 5241 1261 5300 contra
1276 5240 1422 5300 animam
1438 5255 1544 5312 suam,
1557 5242 1590 5301 et
1602 5256 1666 5301 non
1678 5243 1851 5303 teneturei
1865 5243 1940 5305 obe·

295 5337 437 5408 litteras,
471 5337 591 5397 librum
616 5335 739 5396 babere
768 5351 835 5397 non
859 5334 968 5397 liceat.
997 5337 1089 5396 Laici
1144 5337 1232 5412 dire;
1250 5338 1327 5414 quia
1342 5337 1402 5399 illa
1424 5338 1614 5399 obedientia
1638 5354 1705 5399 non
1734 5341 1795 5411 est,
1818 5341 1937 5418 inqua

294 5451 375 5500 vero
389 5435 513 5506 dicant,
529 5433 632 5494 Credo
646 5433 680 5493 in
696 5435 810 5504 Deum,
829 5435 862 5494 et
876 5433 996 5510 viginti
1007 5449 1090 5510 qua·
1144 5434 1299 5495 delictum
1313 5435 1367 5496 vel
1383 5437 1554 5513 peccatum
1566 5435 1793 5497 committitur.
1802 5439 1938 5499 Verum-

293 5536 370 5596 tuor
384 5534 483 5594 Pater
505 5532 628 5602 noster,
660 5545 734 5590 cum
757 5531 869 5592 Gloria
894 5531 997 5592 Patri.
1024 5534 1088 5591 Pro
1144 5532 1254 5592 tamen
1270 5545 1385 5592 onmes
1400 5531 1531 5610 fratres,
1558 5533 1614 5610 qui
1640 5533 1717 5594 sunt
1738 5531 1799 5594 sub
1825 5532 1935 5594 minis·
