4158 6380
225 263 236 273 f
319 228 364 291 aa
764 237 819 297 ao
842 235 978 298 orans
1001 237 1034 297 s.
1059 237 1280 308 unaucrscr
1301 239 1530 307 nssrsmrrs
1687 228 1692 239 ’
1926 249 1972 310 aa

317 389 356 449 et
369 402 501 465 sponsae
530 389 684 464 scelestis,
710 393 805 455 modo
830 393 1017 458 colludebat
1038 397 1116 458 tan-
1210 401 1395 462 Secundam
1417 404 1590 479 Regulam,
1612 416 1711 482 quam
1731 403 1844 468 amisit
1861 406 1971 470 trater

318 501 421 562 quam
445 503 577 564 sponso,
596 489 692 550 modo
722 489 941 553 confitebatur
957 493 1114 570 tanquam
1169 497 1270 558 Elias.

316 583 445 656 amico,
485 583 580 644 modo
614 587 649 646 ut
681 585 828 662 Judicem
862 589 1112 665 deprecabatur,
1182 596 1351 658 'Tertiam
1379 598 1556 674 Regulam,
1584 613 1682 676 quam
1714 600 1874 664 habemus
1904 619 1968 679 per

313 680 417 740 nnodo
436 682 472 741 ui
497 682 628 742 Patrem
653 681 896 759 interpellabat,
919 687 1015 748 modo
1036 689 1115 750 tan-
1168 694 1968 775 Honoriumcontirmatam,quaeincipitzlteptda

314 791 418 853 ‘quana
430 779 617 838 Creatorem
634 795 762 843 summo
775 783 864 843 cultu
881 783 1051 847 adorabat.
1168 790 1201 850 et
1216 790 1298 861 olto,
1316 793 1378 852 etc.

356 873 612 949 Epistolislllios
626 891 715 949 suos,
730 879 786 954 qui
795 881 928 942 comitia
939 882 1113 957 generalia
1207 877 1316 947 Edidit
1336 887 1435 948 etiam
1451 875 1806 964 Regulamsororibus
1830 893 1964 954 Sanctae

314 967 494 1042 trabebant,
526 972 646 1034 absens
672 976 855 1048 erudiebat,
881 979 922 1038 ad
954 979 1113 1041 institutae
1168 981 1284 1053 Clarae,
1309 985 1445 1060 Regula
1468 984 1606 1047 fratrum
1633 987 1798 1048 Minorum
1822 989 1963 1052 contor-

316 1069 454 1143 Regulae
476 1070 599 1131 castam
619 1070 883 1135 observationem
909 1075 1110 1151 adhortans;
1167 1095 1349 1156 memquae
1364 1081 1502 1158 incipit:
1518 1087 1560 1144 ln
1581 1089 1719 1146 nornine
1742 1089 1893 1148 Domini.

312 1181 457 1243 quarum
473 1165 604 1227 initium
628 1169 699 1230 est:
716 1171 1113 1235 Dtorttliomtnusdtsct·
1206 1177 1286 1237 Item
1304 1178 1465 1253 Regulam
1491 1177 1649 1253 tratribus
1674 1182 1706 1242 et
1723 1181 1895 1244 sororibus
1920 1184 1964 1245 de
2071 1163 2072 1170 ἵ

310 1267 404 1338 platta
417 1267 503 1326 suta.
520 1262 582 1324 Sed
596 1267 629 1326 et
640 1264 725 1326 alias
736 1266 933 1330 Christianis
951 1271 1111 1346 perutiles
1166 1274 1375 1346 Paenitentia,
1385 1290 1444 1335 seu
1459 1276 1562 1337 Tertii
1576 1275 1719 1350 Ordinis,
1733 1294 1807 1354 quae
1824 1279 1960 1357 incipit:

312 1360 465 1436 scripsit:
477 1361 510 1423 et
524 1361 615 1423 extat
625 1363 772 1440 ejusdem
783 1365 930 1439 Epistola
939 1367 980 1428 ad
994 1382 1111 1428 sacer·
1165 1373 1202 1432 St
1216 1373 1469 1444 aduocauerunt.

311 1455 408 1517 dotes
426 1457 558 1517 Ordinis
573 1458 637 1530 sui,
662 1475 735 1535 quae
758 1459 875 1537 incipit
890 1466 953 1523 :ln
972 1467 1110 1526 nomine
1205 1469 1284 1529 Item
1305 1484 1407 1545 prope
1429 1470 1567 1531 mortem
1595 1471 1743 1533 condidit
1763 1473 1962 1538 Testamen-

312 1554 450 1614 Sonctae
465 1555 655 1616 1113113113.
673 1556 962 1621 Oratioitemsiuo
981 1559 1111 1637 exposi-
1164 1566 1243 1636 turn,
1272 1564 1469 1627 humilitatis
1498 1568 1532 1628 et
1560 1569 1765 1643 paupertatis
1799 1569 1961 1632 iratribus

312 1649 360 1710 tio
374 1650 542 1712 Orationis
557 1653 749 1728 Dominicae,
762 1669 836 1732 quae
851 1656 989 1732 incipit:
1002 1660 1111 1719 Sana
1163 1661 1355 1739 relinquens
1370 1663 1505 1739 praedia,
1518 1661 1630 1744 [quod]
1643 1665 1777 1742 incipit:
1787 1671 1961 1730 Dominus

312 1747 445 1808 tissime
458 1749 570 1809 Pater
591 1750 721 1811 noster.
743 1751 911 1812 Praeterea
926 1755 1014 1814 Laus
1039 1756 1108 1815 Do·
1163 1759 1265 1819 dedit.
1465 1765 1476 1782 '

312 1843 394 1903 mini
415 1845 475 1905 Dei
499 1845 674 1917 altissimi,
705 1849 800 1924 cujus
831 1847 962 1910 initium
979 1869 987 1910 ε
1004 1853 1052 1910 Pu
1072 1865 1110 1910 aa
1205 1855 1286 1916 Item
1296 1854 1458 1928 libellum,
1475 1858 1532 1934 qui
1549 1857 1878 1922 intitulaturasacrae
1888 1861 1960 1925 Ad-

311 1944 457 2002 Domine
471 1945 575 2004 Deua.
593 1944 631 2005 m
654 1944 767 2005 Oratio
785 1944 827 2005 ad
850 1946 1107 2022 omnipotentem
1163 1951 1362 2012 monitiones
1381 1955 1417 2012 Β.
1435 1955 1544 2014 Patris
1565 1956 1669 2016 nostri
1691 1958 1874 2030 Franclsci,
1898 1959 1957 2037 qui

312 2039 439 2098 Deum:
456 2039 688 2112 Omnipotens,
705 2042 737 2101 et
755 2039 842 2102 binae
866 2043 1042 2104 Orationes
1066 2043 1107 2104 ad
1162 2048 1956 2129 incipit:uacatnomauoamposmaaunuera.
2071 2095 2072 2098 =

313 2135 490 2214 Deiparam
512 2136 694 2210 Virginem,
722 2139 817 2214 cutus
833 2138 955 2214 prioris
975 2139 1107 2201 initium
1202 2148 1283 2207 ltem
1298 2148 1511 2223 opusculum,
1528 2149 1598 2210 sive
1611 2151 1792 2227 Epistolam
1805 2169 1955 2214 commo-

313 2232 364 2293 est
379 2253 386 2291 :
404 2234 533 2294 Sancto
560 2237 624 2294 Det
646 2237 815 2311 pentima,
831 2237 1026 2312 posterioris
1040 2252 1106 2297 au·
1162 2243 1317 2304 nitoriam
1333 2244 1365 2306 et
1393 2244 1657 2308 exhortatoriam
1678 2249 1830 2310 omnibus
1845 2250 1956 2312 tideli-

308 2328 377 2392 tem
392 2351 399 2390 :
415 2331 543 2392 Sancto
556 2333 675 2392 Marto
689 2336 800 2408 vtrpo.
1160 2339 1233 2412 bus,
1250 2355 1325 2418 quae
1338 2341 1456 2420 incipit
1471 2365 1478 2402 :
1495 2345 1581 2404 Cum
1594 2347 1663 2406 clm
1675 2361 1812 2408 servus.

347 2427 423 2488 Alia
439 2426 588 2504 ejusdem
602 2427 714 2500 verba,
731 2427 851 2505 quibus
877 2429 918 2491 ad
934 2430 1107 2494 bumilita-
1201 2437 1281 2498 ltem
1310 2438 1412 2499 aliam
1438 2439 1620 2516 Epistolam
1643 2441 1780 2504 missam
1801 2444 1957 2521 capitulo

308 2523 388 2596 tem,
402 2523 609 2585 devotionem
619 2525 652 2586 et
665 2525 859 2602 patientiam
872 2527 1035 2601 bortatur,
1051 2529 1106 2589 in·
1160 2535 1328 2596 Generali.
1429 2563 1430 2568 ,

309 2621 446 2692 oboans,
459 2622 588 2682 Beatus
601 2636 736 2682 seruus.
749 2624 828 2694 Quae
841 2624 953 2684 omnia
966 2625 1105 2687 collecta
1200 2633 1281 2693 Item
1300 2632 1402 2694 aliam
1425 2634 1606 2711 Epistulam
1634 2636 1890 2699 admonitoriam
1910 2640 1953 2699 ad

310 2719 388 2780 sunt
401 2734 421 2779 a
437 2717 628 2792 margarino
642 2719 779 2793 Bigneo,
801 2721 834 2781 et
847 2719 883 2780 iu
901 2735 962 2781 sua
977 2723 1105 2784 Biblio-
1159 2743 1274 2790 omnes
1287 2729 1438 2792 clericos.

310 2815 628 2878 trecassenorum
642 2816 794 2877 Patrem
807 2817 943 2880 inserta.
1200 2828 1280 2887 Item
1293 2826 1457 2904 quoddam
1472 2827 1625 2890 devotum
1641 2829 1792 2891 Officium
1806 2832 1840 2893 in
1851 2831 1955 2893 bono·

1158 2937 1228 2983 rem
1238 2923 1368 2984 Domini
1377 2925 1483 2986 nostri
1491 2926 1571 2987 Jesu
1582 2926 1717 2999 Christi,
1739 2929 1824 3006 quod
1836 2943 1955 2991 secun·

308 3043 483 3103 Hecatae
504 3042 672 3113 sedulius,
696 3043 733 3102 tn
758 3043 886 3118 Eloptts
907 3055 929 3102 o
948 3055 985 3102 sc
1009 3056 1105 3115 prce·
1158 3021 1235 3081 dum
1249 3021 1475 3084 ⁵⁰¹0fflssii³te8
1490 3023 1652 3085 variabat·

347 3139 432 3210 fixis
453 3139 498 3198 ad
522 3137 633 3199 Vnam
652 3140 693 3199 1),
715 3141 905 3211 papamet,
922 3140 1002 3212 9035
1022 3142 1102 3200 Tri.
1197 3119 1278 3179 Item
1317 3119 1480 3196 quoddam
1505 3121 1665 3197 scriptum
1691 3121 1732 3184 de
1757 3121 1950 3198 virtutibus

349 3235 468 3298 apeme·
484 3239 589 3297 verba
604 3239 767 3310 superius
784 3235 906 3308 remla,
927 3237 1100 3309 amma,
1158 3214 1277 3291 quibus
1287 3216 1443 3278 decorata
1461 3215 1524 3277 tuit
1538 3219 1574 3277 Β.
1587 3218 1689 3294 Virgo
1706 3219 1823 3292 Maria,
1839 3222 1871 3282 et
1886 3221 1949 3283 de-

1157 3311 1211 3373 bet
1224 3328 1297 3373 esse
1311 3313 1422 3374 anima
1443 3313 1569 3385 sancta,
1586 3315 1725 3392 incipit:
1739 3319 1871 3394 Rapina
1890 3333 1953 3380 aa·

348 3412 378 3473 6.
402 3412 529 3473 Praeter
542 3411 618 3482 ista,
634 3411 701 3472 3113
714 3427 845 3488 quoque
865 3411 980 3474 extant
995 3412 1101 3474 sancti
1153 3411 1307 3484 pientiae.

308 3508 480 3570 Francisci
501 3513 730 3581 monumenta,
747 3525 820 3587 quae
846 3509 934 3586 apud
959 3525 1019 3571 nos
1039 3509 1103 3570 ba·
1196 3508 1277 3569 Item
1293 3507 1455 3585 quoddam
1468 3509 1626 3586 scriptum
1641 3509 1682 3570 de
1698 3509 1870 3588 spirituali
1884 3510 1949 3573 laa-

308 3605 439 3678 bentur,
454 3607 491 3667 ut
506 3607 601 3668 sunt:
1155 3605 1240 3675 titia,
1258 3606 1291 3666 et
1301 3605 1439 3675 accidia,
1452 3607 1485 3667 et
1500 3608 1571 3682 ejus
1587 3607 1744 3679 remedio,
1762 3605 1848 3685 quod
1867 3609 1950 3670 inci·

347 3702 597 3764 admonitiones
612 3705 695 3781 ejus,
713 3701 812 3766 Liber
821 3719 918 3766 unus.
1155 3701 1204 3778 pit
1220 3718 1227 3762 :
1244 3703 1466 3764 mitissimum
1478 3707 1682 3765 remedium.

348 3800 522 3861 Orationes
533 3801 596 3877 piae
612 3801 653 3862 ad
666 3801 826 3863 diversos.
1195 3800 1275 3860 item
1286 3799 1451 3877 quoddam
1460 3799 1550 3861 aliud
1562 3801 1733 3876 scriptum,
1744 3801 1949 3878 qualiterde·

346 3897 502 3975 Epistolaa
513 3899 681 3960 variorum
695 3900 977 3975 argumentorum.
1154 3896 1236 3968 bent¹
1250 3897 1369 3959 iratres
1390 3897 1505 3958 vivere
1526 3897 1561 3957 in
1581 3898 1793 3966 eremitoriis,
1810 3897 1843 3960 et
1860 3898 1950 3959 inci-

347 3995 471 4067 Quibus
501 3997 571 4057 tum
601 3995 722 4058 fratres
751 3997 802 4057 sui
835 3997 995 4069 instituti,
1028 3997 1098 4058 tum
1154 3995 1202 4072 pit
1215 4016 1223 4055 ε
1236 3998 1289 4056 Illt
1303 3997 1361 4068 qut
1375 3995 1493 4056 volunt
1507 3999 1677 4070 reciproce.

306 4107 421 4154 omnes
447 4092 648 4154 christianos
673 4093 714 4154 ad
741 4092 924 4166 caritatem,
945 4094 1106 4166 virtutes,
1194 4092 1276 4153 Item
1291 4091 1421 4168 aliquas
1436 4090 1572 4154 devotas
1587 4093 1772 4154 Orationes.

305 4189 339 4250 et
349 4189 910 4251 summumlronoremsacrosanotae
926 4188 1099 4251 Eucharis·
1192 4190 1273 4250 Item
1287 4189 1422 4249 Cantica
1437 4188 1472 4248 in
1487 4189 1630 4265 vulgari.

304 4284 361 4347 tiae
399 4283 604 4352 babendum,
629 4284 859 4346 efficacissima
889 4283 1095 4346 adhortatur.
1192 4286 1274 4345 Item
1301 4285 1459 4361 quasdam
1484 4285 1614 4346 Laudes
1632 4285 1666 4346 ln
1687 4283 1819 4361 uulgari
1834 4286 1875 4348 ad
1888 4301 1945 4349 so-

305 4381 430 4443 Haecin
447 4381 599 4445 manibus
610 4382 808 4444 nostrorum.
825 4382 979 4444 Forsitan
993 4381 1098 4442 aude·
1151 4395 1245 4441 rores
1258 4381 1387 4442 Sanctae
1403 4379 1519 4441 Clarae.

304 4477 387 4541 bunt
400 4479 579 4558 aliquando
591 4477 706 4542 videre
715 4477 835 4540 lucem.

1150 4591 1436 4653 2⁰rusr1uoruuu
1464 4603 1641 4651 alumnum
1670 4605 1781 4652 mrum
1805 4607 1833 4653 s.
1858 4607 1945 4656 ran-

302 4685 487 4747 Mortonos
518 4684 758 4756 Florentiam,
788 4686 873 4745 libro
906 4687 927 4744 l
949 4697 1094 4745 suorum
1171 4693 1285 4742 curun
1304 4692 1512 4740 pensaurum
1531 4691 1731 4739 caanrnnms
1750 4693 1794 4740 nn
1810 4695 1921 4742 unare.

314 4821 317 4828 ’
399 4784 648 4844 mmmmm
662 4783 759 4854 M⁸⁸'’
774 4794 847 4856 αἶρ’
864 4781 915 4854 27’
930 4781 949 4857 ἓ
963 4781 993 4842 9⁶
1149 4847 1350 4922 [aepistola
1368 4848 1477 4906 misso
1491 4847 1535 4906 od
1553 4848 1593 4906 R.
1610 4847 1794 4907 adartoduna
1812 4851 1853 4907 P.
1868 4851 1942 4910 Lo-

340 4956 500 5029 70'Mu1ta
523 4957 669 5035 scripsit,
688 4973 730 5020 01
744 4956 863 5035 quibus
885 4959 993 5034 potest
1017 4973 1095 5034 per,
1188 4949 1265 4997 cam
1277 4932 1722 5009 Wodtnpom,stclectoram
1731 4937 1943 5040 admonatde

299 5055 398 5131 pendi
411 5055 513 5127 zalus,
528 5056 560 5118 et
573 5055 684 5118 servor
694 5058 766 5132 ejus
786 5055 826 5116 de
841 5055 1028 5116 animarum
1044 5071 1095 5116 sa·
1188 5023 1389 5086 effluentia
1410 5022 1563 5084 mmm
1579 5021 1615 5081 et
1637 5022 1803 5084 mrim
1824 5026 1943 5086 samu

298 5152 377 5214 lute.
391 5154 613 5225 Quorumdam
637 5153 691 5214 bic
724 5153 925 5216 mentionem
959 5151 1092 5217 faciam.
1188 5115 1377 5174 Frfflwm‘·

300 5250 466 5326 smmi&
1188 5246 1268 5305 Cum
1282 5244 1424 5320 primum
1439 5257 1482 5304 ex
1496 5240 1657 5317 Hispania
1673 5240 1709 5300 in
1724 5257 1854 5304 sacram
1876 5247 1941 5306 Ur.

338 5347 484 5408 Primam
497 5349 670 5426 Regulam,
687 5365 785 5426 quam
797 5348 1092 5411 Innocentiussine
1147 5343 1233 5414 bem,
1247 5341 1347 5417 longo
1366 5340 1485 5402 itinere
1504 5337 1623 5410 lessus,
1647 5339 1870 5413 reperiissem,
1888 5341 1941 5402 de-

297 5445 392 5506 Bulla
417 5445 636 5520 confirmavit,
665 5463 738 5524 quae
768 5447 885 5524 incipit
902 5463 908 5506 :
925 5451 1009 5508 Hoec
1042 5446 1093 5507 est
1148 5438 1334 5502 siderabam
1361 5435 1422 5516 (ita
1443 5436 1588 5512 ingenue
1616 5432 1736 5514 fateor)
1760 5436 1794 5496 in
1829 5437 1939 5500 locum

298 5545 381 5615 otto,
399 5543 460 5604 etc.
1148 5540 1290 5615 aliquem
1306 5539 1501 5602 deliciosum
1515 5537 1548 5597 et
1559 5531 1747 5598 solitarium
1759 5535 1934 5606 divertere,
