4184 6410
187 348 247 412 681

186 510 309 571 mento.
326 511 364 570 ln
378 507 594 572 tabernaculo
607 511 695 572 enlm
717 511 848 573 Domini
869 510 911 572 ab
927 511 979 572 al-

186 605 252 666 tari
271 605 541 668 holocaustorum
554 622 614 684 per
627 609 733 670 altare
753 607 979 685 thymiamatis

185 702 286 765 fiebat
306 719 482 780 processus
497 704 538 765 ad
563 721 676 766 ercam
696 707 913 768 Testamenti.
931 707 979 768 lta

185 799 215 858 si
227 801 265 859 tu
279 799 330 860 vis
349 800 466 862 venire
483 801 524 861 ad
545 816 657 862 arcam
682 803 816 864 aeternae
836 801 981 863 beatitu-

184 894 283 967 dinis,
296 897 468 972 oportetto
477 898 626 975 incipere
637 915 655 960 a
667 900 893 961 maceratione
903 915 980 960 car-

184 992 250 1064 nia,
264 1009 363 1069 quam
377 997 444 1056 Deo
469 994 602 1066 odorae,
617 997 649 1058 et
663 997 830 1058 mediante
853 995 980 1059 oratio-

184 1090 237 1152 nis
252 1090 428 1164 sacrificio,
443 1091 507 1154 erit
518 1091 579 1155 tibi
601 1107 756 1154 accessus
771 1093 812 1154 ad
827 1108 901 1155 eam
917 1092 977 1174 (1).

443 1359 585 1422 SERMO
606 1361 723 1422 XLIII.

217 1507 259 1564 Do
277 1505 381 1578 triplici
401 1505 554 1577 ablutione,
575 1507 683 1565 scilicet
703 1505 797 1576 faciei,
817 1507 893 1577 lecti,
914 1515 943 1565 at

333 1609 446 1664 manus,
467 1610 531 1668 quae
551 1594 582 1652 lit
600 1595 630 1652 in
649 1595 824 1668 poenitentia.

201 1729 337 1792 Lavabo
358 1701 677 1906 tuler(ttllloceltte8
688 1745 822 1908 >mortus
841 1745 948 1792 meos.

470 1827 559 1888 Psal.
581 1827 631 1900 25,
654 1829 685 1888 6.

220 1967 350 2028 Lauare
372 1966 529 2029 debemus
543 1967 673 2037 lactem,
694 1969 827 2042 lectum,
847 1971 881 2031 et
898 1985 974 2030 ma-

180 2081 255 2126 nus.
269 2068 316 2126 De
342 2065 471 2142 primo:
496 2069 587 2143 Uoco
607 2067 712 2142 copul
732 2067 841 2142 tuum,
865 2069 898 2127 al
915 2070 974 2142 sa-

179 2167 267 2225 cicm
282 2165 377 2226 team
401 2169 480 2225 laec
504 2160 563 2241 (2).
583 2166 630 2224 De
651 2163 798 2224 secundo
815 2185 822 2223 :
839 2167 975 2225 Lavabo

176 2275 244 2334 per
256 2263 411 2337 stapulas
431 2261 548 2321 noctes
564 2261 689 2322 lectum
713 2273 830 2322 meum
851 2258 911 2338 (3).
928 2263 975 2321 De

177 2357 279 2420 tertio
293 2357 368 2418 bic:
384 2359 521 2419 Lavabo
532 2358 626 2417 inter
637 2357 835 2419 innocentes
849 2371 975 2419 manco

178 2467 286 2514 meas.
312 2455 391 2514 Haec
419 2456 498 2514 sunt
521 2453 580 2514 illa
601 2453 668 2514 tria
696 2452 872 2524 lavatoria,
900 2469 973 2531 quae

178 2549 276 2611 erant
289 2550 324 2610 in
338 2549 568 2624 tabernaculo
583 2550 739 2612 videlicet
753 2565 840 2628 aqna
854 2550 975 2613 lustra-

177 2647 290 2718 tionis,
301 2647 372 2708 sive
385 2647 598 2723 expiationis,
610 2649 703 2708 Mare
716 2663 856 2720 aeneum,
870 2650 903 2711 θῖ
913 2649 974 2709 Ln-

177 2747 276 2806 teres.
289 2747 326 2804 ln
337 2743 389 2805 bis
400 2745 515 2806 lavare
527 2743 823 2816 debemuslacIem,
838 2746 970 2819 lectum,

177 2842 210 2903 et
221 2857 350 2902 manns.
365 2843 402 2902 In
418 2841 513 2919 aquis
529 2841 732 2919 expiationis
750 2842 907 2904 debemus
920 2843 972 2903 la-

175 2953 257 3000 vare
278 2938 413 3008 faciem,
430 2938 612 3000 secundum
636 2939 719 3000 illud
741 2940 828 3016 quod
850 2941 973 3018 legitur

176 3036 212 3098 in
222 3036 389 3097 Numerio.
400 3037 564 3107 Quoniam
579 3037 608 3097 si
623 3037 697 3112 quis
710 3037 875 3114 tetigisset
887 3054 972 3100 mor-

176 3133 270 3195 tuum
284 3149 346 3210 par
359 3149 407 3205 se,
423 3133 476 3194 vel
494 3134 653 3208 occisum,
669 3135 727 3196 aut
742 3149 779 3196 os
796 3135 899 3208 illius,
916 3135 971 3196 vel

176 3231 378 3307 sepulcrum,
395 3229 546 3292 sumebat
563 3245 667 3308 aquas
684 3231 790 3304 vivas,
807 3233 840 3294 θῖ
854 3246 972 3308 asper-

175 3323 274 3400 gebat
287 3339 388 3400 super
402 3324 544 3396 cineres,
562 3327 595 3387 et
610 3325 660 3386 sic
672 3341 715 3386 ex
728 3325 796 3387 illis
809 3341 972 3404 asperge-

174 3421 283 3494 batur,
300 3421 333 3482 et
352 3420 585 3483 mundabatur.
599 3423 767 3484 Mortuum
789 3439 849 3500 per
863 3439 900 3484 se
919 3425 971 3486 θεῖ

174 3519 298 3597 aliquis
314 3533 455 3594 peccans
469 3534 529 3596 per
558 3534 605 3590 se,
623 3535 690 3581 non
709 3535 769 3597 per
783 3521 971 3596 suggestio·

174 3631 263 3678 nem.
276 3616 429 3677 Occisum
444 3615 495 3678 θεῖ
511 3615 633 3693 aliquis
647 3631 790 3692 peccans
805 3633 866 3694 per
884 3633 968 3693 sng-

173 3713 370 3790 gestionem,
396 3712 450 3774 vel
473 3712 661 3789 exemplum
691 3713 845 3775 alterius.
866 3717 910 3775 Os
932 3715 969 3774 in

173 3810 328 3888 sepulcro
341 3811 391 3871 θεῖ
405 3811 534 3886 peccati
549 3809 742 3871 occultatio.
757 3810 965 3887 Sepulcrum,

173 3908 244 3970 sive
255 3907 340 3968 ossls
349 3907 512 3969 extractio
526 3908 576 3968 est
588 3907 717 3984 peccati
729 3906 966 3969 manifestatio.

172 4007 222 4066 Tu
239 4020 330 4081 ergo,
347 4005 376 4066 si
392 4004 453 4067 tali
474 4005 609 4083 peccato
624 4004 767 4066 inlectus
789 4005 904 4076 lucris,
920 4005 967 4066 ita

171 4101 327 4163 mundari
347 4102 485 4179 poteris,
502 4102 632 4163 scilicet
650 4102 679 4162 si
701 4102 852 4179 accipias
863 4117 967 4178 aquas

171 4199 277 4271 viras,
295 4199 424 4262 scilicet
444 4198 611 4277 lacrymas
626 4213 716 4261 verae
743 4199 965 4272 contritionis,

171 4311 246 4356 cum
268 4296 435 4358 cineribus
459 4299 583 4369 tamen,
610 4296 696 4358 idest
717 4297 879 4358 memoria
901 4295 965 4357 do-

171 4391 303 4453 minicae
331 4393 509 4469 passionie.
533 4393 629 4456 Nihil
658 4395 746 4455 enim
777 4394 888 4456 movet
919 4393 966 4454 ita

172 4477 340 4549 hominem
355 4488 396 4549 ad
423 4505 537 4559 veram
553 4479 799 4563 contritionem,
815 4495 849 4553 et
864 4490 968 4567 poeni·

170 4583 322 4652 tentiam,
344 4584 431 4646 sicut
453 4587 614 4648 memoria
639 4588 805 4662 passionis
825 4587 962 4650 domini.

170 4682 231 4744 His
246 4681 436 4757 assumptio,
458 4681 626 4743 lavabitur
644 4683 747 4744 facies
763 4685 884 4745 meniis
904 4683 965 4744 de-

169 4779 324 4852 formata,
338 4781 372 4840 et
383 4777 505 4842 intecta
517 4794 577 4856 per
588 4779 770 4855 peccatum.

159 4911 163 4922 ·
210 4878 248 4938 In
262 4875 348 4936 Mari
364 4890 469 4944 aeneo,
481 4875 568 4938 idest
581 4875 617 4935 in
633 4873 843 4936 consessione
859 4876 965 4938 debe-

169 4988 244 5035 mus
263 4971 384 5035 lectum
399 4972 514 5036 lavare
532 4973 759 5046 conscientiae,
783 4972 964 5049 secundnm

206 5182 248 5311 (l)
262 5185 305 5240 lix
331 5184 360 5241 S.
385 5183 472 5258 bug,
486 5184 506 5240 l.
520 5187 557 5254 11,
580 5191 681 5258 quest.
702 5185 731 5243 in
762 5187 804 5243 lle
824 5184 963 5254 tamnen„

167 5254 481 5397 Igin.⁷⁷1’.II¹0⁷aI'I³
500 5256 634 5327 tabern,
655 5263 733 5315 etex
752 5257 791 5315 Be
812 5270 839 5327 a,
853 5256 888 5313 de
907 5257 961 5314 'la-

205 5365 360 5466 (at’nani.
377 5395 404 5465 o,
420 5368 471 5454 uf

568 349 677 414 PARS
705 351 850 414 PRIMA:
866 381 907 398 -
924 343 1144 414 EXPOSITIO
1173 351 1218 413 IN
1250 349 1453 412 PSALMOS.

1769 353 1829 414 aaa
1874 437 1880 444 Ι

1035 510 1118 572 illud
1136 508 1292 572 :Lavabo
1317 511 1547 587 persingulas
1569 511 1683 572 noctes
1707 511 1828 572 lectum

1034 623 1154 674 mcum.
1173 608 1235 668 Sed
1251 624 1355 685 quare
1370 622 1429 686 par
1444 624 1535 669 mare
1556 624 1686 670 aeneum
1702 608 1829 670 intelli-

1030 705 1124 798 gitur
1149 705 1336 766 contessiol
1359 704 1523 766 Debemus
1550 706 1719 769 attendere
1741 704 1827 782 quod

1034 817 1126 862 mare
1147 818 1276 862 aeneum
1303 803 1485 863 vocabatur
1509 819 1619 876 maio,
1639 819 1700 865 nec
1717 809 1828 873 lamen

1034 897 1825 976 lrahehatamarasaquas.nomenhebensmaris,

1033 1010 1101 1057 non
1125 996 1348 1058 existentiam.
1361 997 1400 1058 Et
1423 1012 1553 1058 aeneum
1580 997 1663 1059 erat.
1684 1000 1722 1058 ln
1749 997 1826 1059 aeris

1033 1093 1216 1154 sonoritate
1240 1093 1405 1154 confessio
1429 1093 1633 1169 designatur,
1655 1095 1827 1173 quaelicet

1033 1205 1148 1252 amara
1174 1205 1249 1251 esse
1274 1191 1428 1252 videatur
1446 1207 1506 1266 per
1531 1192 1697 1265 ruborem,
1718 1193 1751 1254 et
1774 1192 1826 1254 la-

1033 1301 1164 1364 crymas
1201 1287 1384 1349 detinentes
1418 1287 1577 1360 exterius,
1616 1279 1825 1350 dnlcedinem

1031 1385 1143 1446 tamen
1158 1385 1341 1447 serinitatis
1356 1387 1569 1448 conscientiae
1583 1389 1722 1461 generet
1736 1386 1827 1448 inte·

1032 1481 1114 1542 rins.
1129 1484 1200 1543 Hoc
1214 1497 1306 1542 mare
1326 1481 1469 1544 habebat
1484 1481 1610 1544 labium
1626 1482 1666 1544 ad
1691 1482 1824 1544 modum

1031 1579 1158 1653 calicis,
1173 1580 1269 1656 quasi
1284 1580 1423 1656 expansi
1437 1581 1596 1642 exterius.
1607 1585 1634 1642 A
1645 1580 1736 1641 labio
1750 1596 1826 1656 gus-

1030 1677 1121 1739 tatur
1133 1677 1233 1737 calix.
1249 1677 1344 1738 Calin
1358 1693 1438 1752 ergo
1456 1679 1506 1740 est
1518 1679 1633 1755 gustus
1649 1677 1824 1739 dominicae

1031 1774 1208 1850 passionis,
1232 1772 1272 1835 de
1297 1790 1361 1851 quc
1384 1773 1528 1836 dicitnr:
1545 1777 1709 1837 Transeat
1729 1791 1749 1836 a
1771 1789 1824 1836 me

1030 1871 1120 1931 calix
1133 1871 1197 1932 iste
1209 1869 1268 1950 (4),
1284 1871 1342 1947 qui
1357 1870 1454 1933 debet
1467 1872 1607 1948 gustari,
1624 1875 1658 1933 et
1669 1872 1704 1932 in
1716 1873 1825 1933 omni-

1029 1966 1091 2028 bus
1111 1966 1267 2028 membris
1282 1967 1439 2042 diffund13
1458 1969 1494 2030 ut
1513 1969 1601 2030 sicut
1615 1968 1824 2048 inomnibus

1029 2064 1186 2125 membris
1206 2065 1355 2125 mortuns
1368 2067 1418 2126 est
1437 2065 1599 2138 Christus,
1617 2066 1665 2126 sic
1679 2066 1715 2126 in
1728 2065 1824 2127 nobis

1029 2161 1192 2222 moriatur
1206 2177 1304 2223 omne
1321 2177 1442 2239 corpus
1454 2163 1594 2240 peccati,
1608 2164 1641 2224 et
1659 2165 1708 2224 sic
1721 2163 1826 2224 habe·

1027 2257 1138 2318 bimus
1152 2257 1277 2318 labium
1293 2259 1389 2334 quasi
1404 2259 1542 2335 repandi
1555 2260 1619 2320 lilii
1630 2257 1677 2338 (5)
1687 2275 1746 2336 per
1759 2275 1825 2320 me·

1028 2353 1222 2416 ditationem
1237 2355 1412 2416 dominicae
1424 2357 1694 2418 resurrectionis.
1706 2360 1743 2418 In
1758 2357 1823 2420 boc

1028 2451 1163 2513 lavacro
1185 2449 1318 2514 latratur
1340 2452 1461 2525 lectus,
1488 2453 1575 2514 sicut
1601 2452 1725 2515 dictum
1759 2455 1821 2527 est,

1028 2547 1136 2610 eundo
1148 2563 1209 2625 per
1220 2543 1372 2625 singulas
1382 2552 1508 2624 noctae,
1522 2549 1609 2611 idest
1620 2565 1680 2626 per
1690 2551 1822 2626 singula

1028 2647 1179 2722 peccata,
1196 2661 1236 2706 ea
1260 2646 1459 2707 confitendo.
1485 2647 1566 2708 Inde
1590 2649 1652 2718 est,
1675 2648 1762 2724 quod
1786 2649 1821 2708 in

1027 2741 1086 2803 illo
1107 2744 1242 2804 lavacro
1273 2743 1469 2806 dicebantur
1502 2759 1577 2805 esse
1605 2744 1670 2805 duo
1704 2759 1821 2806 versus

1028 2841 1232 2917 sculptarum
1242 2841 1472 2902 historiarum.
1483 2840 1631 2902 Historia
1644 2841 1742 2918 plene
1751 2857 1822 2902 rem

1026 2939 1154 3011 narrat,
1168 2940 1201 3001 θῖ
1227 2939 1454 3015 prosequitur;
1476 2954 1538 3000 nec
1560 2938 1683 3000 suflicit
1697 2940 1729 3000 ei
1750 2955 1822 3000 rem

1026 3033 1195 3111 prosequi,
1217 3034 1282 3094 nisi
1296 3036 1330 3095 et
1342 3035 1393 3096 rei
1414 3035 1683 3096 circumstantias
1705 3050 1822 3114 prose-

1026 3135 1158 3209 quatur,
1183 3130 1341 3193 uidelicet
1354 3146 1419 3210 quo
1435 3132 1521 3204 loco,
1545 3148 1610 3209 quo
1630 3133 1821 3210 modoque

1025 3229 1175 3306 tempore
1197 3244 1252 3290 res
1279 3228 1366 3291 lacta
1388 3229 1500 3291 luerit.
1518 3230 1574 3290 Sic
1598 3231 1631 3292 et
1653 3229 1820 3291 contessio

1024 3341 1091 3387 non
1106 3327 1214 3388 solnm
1230 3329 1413 3403 peccatum,
1430 3327 1489 3388 sed
1503 3329 1537 3388 et
1550 3328 1820 3389 circumstantias

1024 3424 1216 3486 manifestat
1240 3424 1349 3500 plene,
1373 3426 1406 3486 et
1428 3424 1526 3496 nude,
1550 3425 1638 3486 sient
1658 3425 1821 3486 historio-

1023 3521 1182 3598 graphus.
1196 3522 1236 3580 Εῖ
1249 3519 1334 3582 bene
1350 3520 1415 3583 duo
1429 3536 1547 3582 versus
1562 3537 1636 3582 θεεθ
1650 3521 1816 3594 dicuntur,

1023 3616 1101 3693 quia
1116 3618 1149 3678 et
1168 3617 1255 3678 mala
1274 3619 1464 3694 perpetrata
1485 3618 1654 3694 patefacit,
1670 3618 1704 3679 et
1716 3616 1817 3693 bona,
1920 3667 1923 3672 ,

1023 3727 1096 3789 quae
1107 3713 1316 3787 negligenter
1328 3713 1465 3786 dimisit,
1476 3713 1588 3775 dicere
1604 3728 1669 3774 non
1683 3715 1815 3778 omittit.

1063 3811 1100 3869 In
1116 3808 1292 3870 Luteribns
1305 3809 1424 3870 hostiae
1437 3808 1647 3885 lavabantur,
1664 3811 1696 3872 et
1711 3811 1759 3872 sic
1772 3811 1819 3873 of-

1022 3904 1231 3981 ferebantur3
1246 3908 1280 3969 θῖ
1300 3906 1350 3968 sic
1368 3906 1536 3968 habebant
1558 3907 1684 3969 labium
1702 3923 1819 3969 recur-

1021 4020 1099 4066 vum
1129 4003 1288 4077 interius,
1325 4019 1391 4064 non
1427 4005 1575 4066 exterius
1610 4006 1698 4068 sicut
1725 4021 1819 4068 mare

1022 4115 1162 4163 aeneum.
1189 4101 1262 4162 Non
1299 4101 1387 4162 enim
1420 4101 1551 4174 sufficit,
1567 4102 1596 4162 si
1631 4102 1813 4165 babeamus

1021 4213 1123 4275 opera
1144 4198 1351 4273 innocentia,
1374 4199 1440 4260 nisi
1462 4215 1504 4261 ex
1522 4199 1708 4262 intentione
1733 4217 1816 4277 pura

1022 4295 1249 4372 procederent.
1263 4296 1318 4357 Sic
1333 4297 1367 4358 θῖ
1377 4297 1415 4356 tu
1429 4297 1580 4374 quamvis
1593 4298 1735 4359 mundus
1748 4297 1815 4360 sue

1020 4393 1068 4454 ris
1083 4394 1242 4465 exterius,
1258 4407 1334 4455 cum
1356 4393 1590 4457 innocentibus
1606 4411 1814 4472 permanens,

1021 4490 1113 4553 laves
1129 4505 1230 4568 opera
1253 4491 1310 4552 tue
1327 4505 1386 4567 per
1399 4490 1653 4563 consessionem,
1668 4508 1741 4569 qnae
1757 4508 1817 4568 per

1020 4603 1154 4663 agnum,
1169 4587 1226 4664 qui
1241 4586 1382 4648 debebat
1405 4588 1531 4659 offerri,
1553 4587 1768 4663 intelligitur3
1783 4592 1816 4652 ot

1020 4685 1195 4761 postquam
1207 4683 1342 4755 laveris,
1358 4682 1482 4745 babeas
1497 4683 1624 4744 labium
1638 4700 1817 4746 recurvum

1019 4780 1172 4853 interius,
1206 4783 1242 4843 ut
1267 4780 1308 4841 ad
1344 4783 1505 4852 mentem,
1536 4783 1569 4842 et
1597 4777 1816 4843 intentionem

1019 4879 1110 4940 tuam
1130 4876 1304 4952 respicias,
1320 4877 1536 4938 considerans
1556 4892 1599 4938 ex
1614 4893 1679 4955 qua
1700 4877 1816 4941 radice

1020 4972 1200 5051 procedant
1214 4988 1327 5050 opera,
1339 4974 1372 5035 et
1384 4973 1516 5034 demum
1532 4973 1654 5037 offerre
1677 4975 1814 5052 poteris.

1113 5252 1213 5312 llattb.
1230 5253 1275 5320 26,
1292 5251 1336 5311 39.

1113 5327 1154 5384 lll
1170 5326 1255 5398 Rea,
1272 5325 1298 5394 7,
1314 5321 1359 5382 ib.

1054 5184 1096 5398 la}
1109 5184 1185 5242 Psal.
1203 5183 1230 5252 6,
1245 5185 1271 5240 7.

1053 5254 1084 5398 lt
