4226 6406
341 287 402 350 539
816 279 871 339 AD
900 276 1038 338 OPERA
1066 275 1099 336 S.
1121 273 1297 336 ANTONII
1325 276 1512 338 Pandam

381 448 419 509 11
451 457 533 520 agro
566 438 729 502 Patavina
758 437 881 500 mulier
914 437 956 498 ad
987 436 1133 498 vicinam
1191 433 1649 512 praedicansaseprobatam
1664 438 1729 500 viri
1745 440 1853 502 sancti
1875 441 1990 504 virtu-

341 545 474 618 domurp
492 540 604 616 ignem
620 537 832 614 reportatura
847 549 1036 612 progressa,
1055 533 1132 593 dum
1191 533 1266 605 tem,
1284 531 1319 592 in
1334 535 1429 609 cujus
1449 533 1548 596 tidem
1570 536 1744 598 vasculum
1765 537 1990 601 circumfere-

340 640 437 712 rsdit,
455 617 654 699 infantulam
672 633 810 696 filiolam
825 633 860 694 in
878 632 1001 694 fossam
1022 631 1133 692 domui
1189 628 1255 690 bat.
1268 629 1990 701 01111111111111111111111111111111111111-

340 735 526 814 proximam
561 747 703 794 caenosas
744 747 840 808 aquae
869 727 1131 806 receptaculum,
1188 726 1284 788 deret
1300 726 1340 786 ad
1356 743 1505 790 mensam
1520 730 1740 799 accumbenti,
1758 716 1867 808 inquit
1883 755 1891 794 :
1909 735 1991 804 Quae

340 825 1131 911 lapsam,etultimosexhalantemspiritusvidit,
1188 823 1294 884 refers
1309 825 1455 897 credam,
1477 825 1653 888 dummodo
1675 828 1806 890 aridum
1821 829 1886 891 hoc
1907 831 1991 892 vitis

1930 283 2066 390 cto.

340 928 522 1003 descendit,
551 927 708 998 accurrit,
735 925 894 999 extraxit,
921 925 957 984 in
983 922 1134 999 margine

338 1020 1131 1104 reposuitnecmotumnecspiritumhabentem.

338 1127 504 1188 Mortuum
520 1122 748 1200 adjudicantes
763 1119 866 1181 vicini
882 1119 923 1180 ad
938 1119 1046 1180 sancti
1061 1122 1133 1180 An-

337 1223 422 1286 tonii
442 1221 538 1283 busta
559 1219 744 1299 portarunt,
767 1221 804 1278 ut
829 1218 945 1278 matris
967 1217 1136 1292 lacryma-

338 1336 413 1382 rum
433 1319 601 1390 misertus,
616 1317 720 1379 vitam
738 1314 792 1378 vel
808 1314 946 1385 foveret,
960 1312 1014 1374 vel
1029 1312 1133 1372 resti-

338 1417 457 1480 tueret
496 1417 602 1491 Super
639 1411 803 1475 tumulum
847 1410 957 1488 posita
996 1409 1135 1486 repente

339 1515 464 1578 ocellos
477 1513 619 1590 aperuit,
634 1524 830 1586 omnemque
845 1507 1002 1570 ebibitum
1012 1521 1135 1583 aquam

338 1611 485 1674 evomuit
521 1607 701 1670 hilaricula
734 1604 929 1684 parentibus
966 1605 1133 1667 urridens.

339 1705 501 1768 Similiter
529 1702 651 1764 accidit
682 1701 814 1764 cuidam
848 1699 1038 1770 Dominico,
1067 1699 1134 1760 civi

338 1801 583 1870 Comacerensi,
601 1799 659 1878 qui
685 1799 721 1860 in
744 1798 854 1862 lacum
873 1797 1004 1872 lapsum
1029 1795 1134 1857 tilium

338 1903 371 1964 et
385 1899 583 1962 suffocatum
595 1897 729 1958 domum
741 1896 867 1958 vehens
878 1893 994 1955 matris
1009 1893 1136 1970 ejulan-

337 1997 381 2060 tis
391 1995 481 2057 ulnis
491 1993 666 2056 commisit.
677 1993 738 2054 llla
749 1991 814 2054 fide
824 1991 921 2069 plena
932 2006 1006 2052 eum
1018 1981 1134 2052 sancto

338 2093 457 2156 obtulit
475 2091 630 2164 Antonio,
646 2104 768 2165 rogans
790 2086 1084 2165 lachrymabunde,
1099 2089 1135 2148 ut

337 2191 395 2269 qui
417 2189 610 2268 quotidiana
627 2187 663 2248 in
678 2201 794 2248 omnes
814 2183 1006 2248 conferebat
1026 2183 1133 2245 bene-

337 2289 426 2362 ficia,
448 2285 587 2348 misellas
611 2285 807 2360 dignaretur
830 2281 996 2344 misereri.
1022 2285 1130 2344 Exau-

1190 923 1396 983 sarmentum
1416 920 1518 1001 (quod
1537 924 1621 987 forte
1641 925 1676 986 in
1695 941 1837 990 uvarum
1852 928 1991 990 calatho

1190 1018 1358 1098 adhibuit)
1387 1021 1610 1090 reviviscere,
1639 1023 1673 1084 11
1695 1023 1822 1086 fructus
1858 1026 1991 1101 predu-

1189 1131 1265 1179 cere
1280 1117 1407 1189 fecerit,
1424 1119 1638 1196 ciathumque
1651 1121 1741 1182 hunc
1756 1137 1865 1184 meum
1880 1125 1990 1186 musto

1189 1227 1232 1275 ex
1253 1215 1422 1276 sarmento
1440 1216 1503 1278 boo
1515 1232 1675 1294 expresso
1696 1219 1827 1280 valeam
1841 1221 1988 1297 replere.

1189 1313 1327 1388 Mirum;
1349 1313 1461 1376 statim
1480 1313 1628 1376 fronduit
1646 1315 1736 1389 vitis,
1761 1331 1845 1378 uvas
1865 1321 1988 1396 protu-

1188 1408 1239 1476 lit,
1262 1411 1296 1473 et
1318 1411 1426 1472 sancti
1449 1411 1515 1473 viri
1538 1412 1711 1475 miraculis
1732 1413 1866 1490 plenam
1886 1416 1987 1478 tidem

1189 1508 1392 1571 conciliavit.
1424 1511 1531 1586 Hujus
1565 1509 1718 1572 miraculi
1751 1527 1819 1574 nou
1847 1529 1916 1575 una
1952 1513 1989 1577 11

1189 1605 1312 1666 mentio
1336 1605 1372 1666 iu
1396 1606 1504 1667 sancti
1517 1605 1583 1667 viri
1596 1605 1718 1680 1111111,
1735 1609 1823 1686 qnod
1844 1611 1989 1676 recitant

1189 1701 1348 1762 Minores.

1227 1798 1337 1860 irrisit
1348 1798 1448 1860 etiam
1464 1799 1653 1862 clanculum
1664 1801 1815 1879 quaedam
1826 1806 1988 1870 exsaucti

1188 1895 1253 1956 viri
1269 1894 1441 1958 miraculis
1454 1897 1633 1960 Guidctrus
1647 1897 1687 1960 de
1699 1900 1911 1976 Anquillaria
1922 1901 1989 1963 111-

1190 1992 1291 2061 ricus,
1315 1994 1470 2056 Patavini
1492 1994 1641 2073 episcopi
1665 1994 1876 2069 domesticus,
1907 1999 1987 2060 dum

1189 2089 1388 2152 constitutus
1410 2105 1523 2154 coram
1549 2091 1715 2169 pontificis
1745 2094 1987 2156 commissariis

1188 2186 1345 2252 audiebat
1364 2188 1497 2260 multos,
1521 2189 1578 2266 qul
1593 2192 1728 2266 recepta
1751 2189 1926 2265 beneficia,
1954 2197 1989 2254 et

1188 2284 1278 2346 circa
1290 2301 1327 2348 se
1337 2283 1426 2348 fucta
1438 2286 1984 2366 miraculajuridicedeponebant.

336 2385 405 2448 dita
418 2386 469 2448 est
483 2380 656 2446 confestim
670 2381 830 2442 exiliente
843 2395 926 2442 sanc
938 2395 957 2442 e
971 2379 1130 2452 brachiis,
1188 2383 1263 2444 Non
1283 2382 1318 2444 id
1343 2383 1421 2446 fecit
1444 2384 1591 2462 impune,
1607 2401 1685 2448 1111
1699 2387 1876 2462 repentino
1892 2389 1986 2450 motu

336 2498 433 2561 quem
452 2483 619 2544 mortuum
634 2476 918 2555 complexabatur.
937 2479 974 2538 11
995 2477 1133 2538 11111111
1187 2480 1255 2543 1111
1269 2481 1368 2559 coepit
1382 2495 1521 2559 corpore
1533 2481 1617 2546 adeo
1629 2483 1845 2546 vehementer
1857 2484 1985 2559 dolere,

336 2579 587 2656 Monopolitana
621 2579 658 2638 ln
696 2577 817 2654 Apulia
852 2591 955 2653 prope
989 2574 1130 2636 fratrum
1187 2578 1223 2640 ut
1245 2577 1281 2638 in
1306 2579 1439 2655 apertas
1467 2595 1567 2642 voces
1595 2581 1815 2658 irrumperet,
1845 2581 1985 2658 dignum

336 2676 441 2738 aedem
458 2675 593 2753 juvenis
608 2673 743 2752 quidam
757 2676 882 2735 terram
897 2673 1071 2748 effodiens,
1087 2688 1132 2734 ex
1186 2689 1266 2750 erga
1276 2688 1312 2736 se
1323 2675 1553 2752 Deijudicium
1564 2677 1755 2755 propalans.
1768 2681 1928 2741 vocatam
1939 2681 1984 2742 ad

335 2775 441 2836 latere
455 2773 559 2835 vicini
571 2771 668 2834 collis
686 2786 809 2848 aggere
823 2771 973 2833 irruente
994 2771 1131 2832 obrutus
1186 2787 1223 2833 se
1235 2772 1376 2834 matrem
1391 2775 1524 2848 rogavit
1537 2776 1574 2837 ut
1585 2775 1742 2852 quoniam
1756 2791 1793 2838 se
1808 2776 1984 2852 indignum

337 2872 400 2934 est.
436 2874 624 2934 accurrens
659 2884 735 2931 cum
770 2869 891 2931 vicinis
925 2868 1132 2945 gemebunda
1181 2869 1364 2946 judicabat,
1380 2870 1435 2947 qui
1450 2885 1564 2934 corum
1574 2877 1689 2935 sancto
1699 2873 1869 2950 bajulatus
1884 2891 1986 2952 appa·

334 2971 443 3032 mater
477 2969 639 3030 excavata
674 2966 762 3028 mole
791 2967 904 3028 vivum
939 2966 1129 3038 extrahunt,
1186 2968 1286 3036 reret,
1302 2966 1363 3030 illa
1376 2968 1418 3030 ad
1433 2969 1596 3032 tumulum
1609 2971 1682 3046 ejus
1697 2971 1836 3032 sceleris
1848 2973 1984 3034 veniam

337 3083 435 3145 quem
461 3065 624 3127 minutula
647 3065 822 3126 contusum
839 3063 1046 3141 judicabant.
1071 3065 1129 3125 In·
1186 3065 1352 3136 exoraret,
1369 3065 1402 3128 et
1414 3080 1474 3142 pro
1490 3065 1560 3128 illio
1575 3065 1755 3143 sponderet
1768 3067 1903 3144 dignam
1919 3084 1985 3130 ex-

335 3167 525 3240 terrogatus
552 3161 716 3240 quomodo
740 3161 801 3222 sub
825 3164 917 3224 tanta
941 3161 1040 3223 ruina
1065 3177 1131 3222 non
1185 3160 1364 3224 bibendam
1384 3177 1443 3240 pro
1465 3161 1606 3224 crimine
1619 3164 1861 3240 poenitentiam,
1877 3167 1981 3240 Fecit,

336 3259 676 3340 perieritlrespondit
687 3259 723 3320 in
733 3259 807 3336 ipsu
820 3260 919 3322 ruina
930 3258 994 3320 sibi
1007 3259 1131 3320 vidisse
1186 3259 1219 3322 et
1243 3259 1413 3331 exoravit,
1441 3260 1553 3322 statim
1581 3261 1670 3324 enim
1695 3261 1736 3322 ad
1762 3263 1986 3340 supplicantis
2088 3299 2089 3326 l

337 3358 475 3420 fratrem
506 3357 671 3420 Minorem
697 3357 843 3434 aliquem
874 3373 975 3418 manu
1003 3357 1132 3435 pondus
1185 3357 1302 3420 matris
1329 3356 1495 3434 lacrymas
1523 3357 1700 3420 remissurn
1734 3362 1784 3420 est
1814 3359 1985 3437 piaculum

336 3471 434 3520 omne
468 3455 681 3527 sustinuisse,
724 3471 767 3518 ne
807 3456 986 3531 premeret,
1024 3469 1131 3532 neque
1186 3453 1266 3526 tilio,
1282 3455 1317 3517 et
1331 3453 1479 3516 laxatum
1492 3455 1703 3532 supplicium.
1719 3457 1855 3532 Accepti
1875 3456 1984 3520 bene-

335 3554 439 3616 alium
465 3554 554 3614 hunc
587 3567 624 3615 se
652 3553 769 3630 putare
802 3553 924 3629 praeter
953 3552 1130 3614 Antonium
1185 3551 1253 3614 ficii
1268 3551 1326 3614 ille
1341 3567 1407 3614 non
1421 3553 1598 3614 immemor
1616 3552 1691 3629 plus
1713 3554 1867 3614 omnibus
1887 3553 1987 3618 dein-

334 3651 546 3724 Patavinum,
575 3665 673 3727 quem
704 3648 745 3710 ob
772 3649 918 3728 undique
950 3650 1130 3727 praedicata
1185 3665 1262 3727 ceps
1277 3649 1520 3712 instititsancti
1535 3650 1600 3714 viri
1616 3649 1770 3712 laudibus
1785 3652 1980 3714 11111111-

334 3749 497 3812 miracula
512 3749 547 3810 in
562 3748 635 3826 ipso
648 3748 817 3810 invocavit
831 3747 992 3825 periculo.
1184 3748 1320 3810 rationi.

373 3845 573 3909 Aleardinus
605 3845 702 3908 miles
737 3860 755 3906 e
789 3845 981 3908 salvaterra
1010 3859 1129 3922 parum
1224 3844 1982 3910 1111111111111111111111111111111111-

334 3945 412 4008 11111
431 3945 606 4006 catholica
626 3945 740 4016 tenax,
763 3959 863 4021 quam
887 3943 972 4004 alias
992 3944 1129 4006 omnino
1184 3943 1268 4019 gluti
1279 3958 1339 4005 sex
1348 3943 1550 4005 utVenetias
1560 3941 1744 4016 tenderent,
1758 3959 1878 4006 navem
1891 3947 1983 4022 apud

334 4043 517 4121 respuerat,
543 4041 622 4102 dum
646 4040 806 4118 ubiquea
830 4041 932 4104 tantis
958 4041 1130 4104 miraculis
1185 4040 1336 4102 sanctum
1350 4039 1516 4102 Hilarium
1538 4041 1816 4113 conscenderunt,
1839 4057 1984 4120 cumque

334 4139 559 4203 commendari
575 4137 706 4200 audiret
724 4138 914 4210 Antonium,
941 4139 1027 4201 nihil
1051 4155 1129 4202 cre·
1184 4138 1267 4200 hora
1282 4137 1489 4216 completorii
1498 4137 1539 4200 ad
1549 4137 1703 4200 lacunam
1713 4139 1811 4215 juxta
1828 4141 1983 4202 sanctum

334 4236 443 4309 debat,
460 4235 598 4296 veniens
619 4251 697 4297 mox
711 4237 886 4297 Patavium
904 4252 979 4298 cum
994 4237 1030 4298 11
1045 4237 1129 4298 hos·
1184 4236 1363 4312 Georgium
1377 4235 1419 4298 de
1430 4233 1533 4312 aloga
1548 4236 1790 4312 pervenissent,
1807 4237 1882 4299 orta
1897 4240 1986 4300 tem-

334 4334 417 4414 pitio
432 4331 549 4394 eadem
564 4331 792 4410 multiplicari,
809 4335 843 4396 et
858 4333 968 4396 videri
981 4336 1129 4412 quotidie
1184 4335 1311 4412 pestate
1325 4333 1524 4409 gravissima
1539 4331 1580 4394 ad
1596 4333 1706 4395 locum
1721 4333 1916 4410 praedictum
1933 4350 1984 4396 re·

333 4428 1127 4510 1111111111111111111111111111111111,
1183 4431 1299 4508 fugere
1325 4430 1543 4493 conabantur.
1577 4430 1843 4494 praevalescente
1868 4436 1985 4499 autem

333 4529 453 4607 inquit,
478 4543 540 4602 ego
560 4541 632 4588 sum
655 4527 745 4599 fidei,
768 4543 875 4605 neque
892 4527 1071 4606 quidquam
1086 4543 1130 4591 ex
1182 4529 1315 4592 turbine
1330 4527 1555 4606 conquassati,
1572 4528 1612 4590 ad
1629 4526 1798 4604 incognita
1809 4527 1873 4590 sibi
1889 4546 1984 4606 pror·

333 4629 431 4694 dictis
447 4625 592 4694 credam,
609 4625 676 4686 nisi
689 4627 873 4702 projectum
888 4625 952 4688 boc
965 4625 1044 4688 vitri
1057 4643 1130 4691 vas·
1183 4642 1241 4689 sus
1265 4626 1340 4690 loca
1361 4626 1463 4689 delati
1489 4626 1576 4699 sunt,
1601 4639 1678 4690 nam
1702 4625 1812 4702 caligo
1827 4626 1983 4704 quadam

333 4727 456 4798 culum,
473 4724 506 4785 et
516 4723 552 4784 in
567 4724 694 4800 petram
710 4723 862 4785 collisum
877 4723 1045 4800 integrunt
1056 4741 1129 4787 ser·
1183 4725 1282 4786 simul
1297 4740 1372 4787 cum
1391 4727 1490 4787 vento
1502 4727 1535 4787 et
1548 4724 1660 4801 pluvia
1682 4723 1730 4786 ita
1756 4725 1865 4800 spissa
1881 4725 1987 4786 desu-

332 4823 464 4889 vaverit
475 4823 544 4896 ille,
562 4838 659 4899 quem
674 4823 841 4885 tantorum
856 4823 1009 4884 asseritis
1020 4825 1127 4886 mira·
1183 4839 1242 4900 per
1257 4822 1477 4894 incumbebat,
1490 4824 1526 4883 ut
1536 4837 1572 4882 se
1584 4822 1730 4884 invicem
1743 4821 1802 4884 vix
1816 4822 1980 4894 videntes,

332 4921 485 4985 culorum
495 4921 708 4998 patratorem.
721 4919 867 4998 Projecit
878 4919 1007 4984 fortiter
1017 4922 1052 4982 in
1063 4937 1127 4999 pa·
1183 4920 1223 4982 de
1236 4920 1343 4983 salute
1353 4921 1486 4998 penitus
1496 4919 1722 4996 desperarent,
1735 4917 1822 4981 11111
1836 4919 1984 4996 denique

331 5020 514 5083 vimentum
529 5018 639 5094 lapide
650 5019 802 5090 stratum,
815 5019 872 5096 qui
887 5018 972 5080 alias
986 5019 1040 5082 111
1054 5019 1127 5096 ipso
1183 5018 1392 5080 confessione
1418 5018 1647 5095 peccaminum
1673 5018 1708 5080 et
1742 5032 1761 5078 a
1794 5017 1980 5090 sacerdote,

332 5133 414 5181 casu
437 5116 648 5192 frangeretur
668 5115 796 5178 vitreus
820 5117 972 5192 cyathus,
990 5117 1048 5178 sed
1068 5118 1126 5180 in·
1182 5117 1239 5194 qui
1251 5115 1423 5188 intererat,
1438 5114 1647 5178 absolutione
1661 5116 1814 5192 suscepta
1828 5115 1984 5178 11111111-

331 5218 425 5292 teger
443 5214 535 5276 velut
556 5213 658 5276 durus
681 5213 769 5275 silex
791 5213 945 5276 resilivit.
970 5217 1040 5286 Quo
1054 5216 1127 5278 viso
1182 5213 1329 5276 moribus
1341 5215 1373 5276 et
1388 5213 1544 5291 lacrymis
1554 5213 1731 5284 ululantes,
1744 5215 1812 5274 Dec
1823 5213 1856 5274 et
1866 5214 1902 5274 B.
1917 5215 1983 5274 An-

332 5312 495 5376 miraculo
510 5311 653 5375 credidit
666 5312 811 5384 cacteris,
836 5312 973 5374 Antonii
997 5314 1126 5377 sancti·
1182 5312 1274 5386 tenio
1288 5312 1483 5388 suppliciter
1493 5311 1708 5381 devoverunt,
1723 5312 1905 5388 statimque
1917 5327 1982 5372 au-

331 5413 393 5476 1111
405 5412 439 5473 11
452 5409 530 5473 fidei
543 5408 729 5479 catholicae,
746 5412 845 5486 atque
858 5411 1031 5487 praemissa
1046 5425 1127 5488 pec·
1181 5411 1247 5474 tem
1263 5408 1351 5473 facto
1365 5411 1443 5472 voto
1459 5409 1549 5472 circa
1565 5423 1686 5470 navem
1707 5407 1855 5484 procella
1881 5409 1980 5486 quie-

331 5512 482 5572 catorum
504 5506 713 5568 confessione
741 5509 854 5584 paruit
879 5508 1035 5585 deinceps
1062 5512 1126 5572 Ec·
1181 5508 1240 5578 vit,
1257 5507 1523 5572 incumbentibus
1546 5510 1657 5570 tamen
1677 5505 1826 5568 tenebris
1849 5505 1905 5568 ubi
1927 5507 1980 5567 fo-

332 5607 444 5668 clesiae
469 5607 592 5666 sunctae
617 5603 892 5678 institutionibus,
919 5606 1042 5684 ubique
1068 5609 1126 5668 de·
1183 5608 1265 5678 rent,
1284 5606 1334 5666 111
1357 5621 1420 5683 quo
1442 5605 1626 5674 tenderent,
1652 5619 1748 5664 nemo
1764 5605 1978 5679 praesentium
