4204 6402
374 373 433 434 851

368 530 517 616 [bonam
535 525 677 590 lacobus
698 527 809 588 autem
832 525 1072 602 interpretatur
1084 539 1166 600 sup-

369 626 547 703 plantator.
561 625 679 684 morto
690 622 796 697 igitur
809 625 926 684 Jacobs
940 621 1095 696 designat
1115 619 1162 680 il-

370 721 451 794 lum,
467 720 525 796 qui
548 718 778 780 mortificando
807 733 952 789 carnem,
978 721 1012 778 at
1035 732 1162 778 concu-

369 817 577 895 piscentiam,
603 815 825 892 reprimendo,
850 814 1043 890 supplantat
1061 813 1163 885 ritla;

370 912 456 991 qnod
482 911 567 974 bene
595 912 773 988 respondet
797 911 996 972 Sulamilidi.
1029 913 1165 972 Salem

369 1010 608 1086 interpretatur
620 1008 769 1084 pacifica,
781 1008 814 1069 et
827 1007 938 1082 signat
951 1021 1064 1083 pacem
1079 1021 1167 1068 men·

368 1107 426 1176 tis,
445 1107 478 1166 at
491 1105 767 1181 tranquillitatem
782 1103 823 1165 ad
844 1104 1034 1180 proximum
1050 1103 1167 1179 acqui-

370 1201 480 1269 sitam,
505 1203 540 1261 et
553 1200 717 1276 adeptam.
738 1201 778 1261 nt
802 1201 892 1272 nota,
910 1199 995 1276 quod
1011 1199 1167 1276 quaelibet

369 1297 471 1360 trium
494 1297 671 1358 mulierum
697 1298 840 1359 vocatur
853 1299 981 1370 Marta,
1009 1297 1165 1372 quoniam

368 1393 406 1454 in
424 1394 692 1471 supplantatione
712 1393 871 1455 vitiorum
892 1394 944 1455 est
965 1393 1163 1462 amaritudo,

371 1489 451 1550 etin
464 1488 710 1566 expugnatione
720 1489 959 1562 tentationum
974 1490 1092 1550 etcum
1107 1503 1166 1565 per

369 1585 433 1648 hoc
448 1586 567 1662 adepta
583 1585 683 1646 fuerit
697 1601 764 1662 pax
777 1585 909 1655 mentis,
928 1587 1034 1646 restat
1046 1586 1166 1646 amari·

370 1682 449 1744 tudo
470 1698 514 1744 ex
539 1683 698 1743 dilatione
717 1682 847 1758 patriae,
874 1697 947 1758 quae
972 1681 1070 1743 debet
1091 1695 1165 1742 esse

369 1779 583 1840 amarissima
595 1780 778 1840 seeundum
791 1778 874 1838 illud
899 1777 1049 1838 Ezechiae
1066 1777 1112 1857 (1)
1128 1782 1165 1839 tn

368 1889 453 1949 poce
471 1875 668 1936 amaritudo
682 1889 761 1936 maa
785 1877 1028 1949 amaricatam
1056 1875 1164 1951 siqui-

370 1969 445 2030 dem
478 1985 579 2047 super
621 1970 795 2046 epistolam
830 1970 872 2030 ad
916 1969 1051 2031 Galatas
1084 1971 1165 2031 dicit

369 2066 487 2127 Glossa
502 2065 563 2144 (2),
579 2067 664 2143 quod
686 2067 794 2127 Maria
810 2067 916 2128 mater
936 2065 1079 2127 filiorum
1099 2069 1162 2128 Ze-

368 2162 551 2226 bedaeifuit
564 2163 635 2224 fllia
651 2163 801 2238 Salome;
822 2164 980 2240 quoniam
1002 2163 1164 2226 amaritu-

369 2258 464 2320 dines
498 2258 665 2334 praedictaa
695 2261 945 2336 consequuntur
970 2275 1097 2336 pacem,
1131 2261 1164 2321 et

369 2355 660 2432 tranquillitatem.

410 2453 490 2513 Item
505 2452 546 2514 de
562 2452 615 2512 his
630 2451 871 2524 tabernaculis,
895 2451 1011 2514 ultimo
1033 2452 1162 2514 Zacha-

369 2545 429 2607 rias
457 2545 520 2626 (14,
549 2549 588 2607 11)
609 2549 642 2609 et
665 2545 717 2626 17)
738 2564 780 2607 ιιι
806 2549 876 2608 Ηοο
902 2547 967 2609 erit
992 2549 1161 2624 peccatum

368 2644 515 2719 AEgypti,
531 2644 563 2704 at
575 2644 638 2704 hoc
652 2645 823 2719 peccatum
837 2643 985 2704 omnium
1000 2643 1160 2719 gentium,

368 2755 443 2816 qua
457 2754 525 2800 non
539 2738 752 2801 ascenderint
766 2739 806 2800 ad
821 2739 1053 2801 celebrandam
1068 2739 1162 2802 festi·

369 2835 504 2898 uitatem
513 2835 815 2898 tabernaculorum.
825 2837 900 2898 Non
910 2837 1032 2899 eriteis
1043 2836 1159 2905 imber,

367 2931 425 2994 sed
441 2933 554 3008 ruina;
571 2933 705 3010 »quasi
716 2932 806 2994 dicat
824 2954 831 2992 :
848 2935 919 2994 Hoc
933 2933 998 2995 erit
1016 2934 1066 2994 eis
1081 2949 1161 3010 pec-

367 3029 489 3101 catum,
503 3031 536 3090 et
550 3044 647 3106 poena
662 3030 801 3106 peccati,
819 3031 875 3106 qui
891 3030 1071 3092 noluerunt
1083 3030 1160 3092 ani·

367 3141 458 3188 mum
482 3141 639 3203 separare
663 3125 704 3188 ab
729 3141 842 3188 amore
861 3127 1105 3202 temporalium,
1128 3127 1162 3187 et

368 3222 724 3298 concupiscentiarum,
761 3221 848 3298 quod
881 3221 1013 3284 deliciet
1042 3222 1078 3284 in
1110 3223 1160 3283 als

368 3317 475 3378 imber
493 3318 623 3392 gratiae,
646 3320 679 3379 et
700 3317 943 3380 benedictionis
966 3318 1104 3394 divinae3
1127 3322 1161 3380 et

368 3413 470 3476 instat
487 3413 586 3476 ruina
607 3414 647 3474 de
669 3415 805 3489 peccato
826 3414 860 3474 in
877 3417 1060 3490 peccatum.
1078 3416 1159 3478 «ad

368 3509 600 3574 celebrandam
609 3509 822 3574 festivitatem
832 3511 1158 3584 tabernaculorum»

367 3605 456 3671 idest
469 3607 650 3683 judicando
672 3623 709 3670 se
731 3607 887 3677 advenas,
905 3610 938 3670 et
951 3609 1156 3686 peregrinos,

366 3703 453 3767 siout
473 3703 551 3766 fecit
570 3703 750 3776 Abraham,
766 3709 825 3779 pot
839 3705 981 3766 tetendit
997 3706 1159 3767 taberna

364 3805 480 3862 culum
492 3801 586 3864 tuter
598 3805 681 3872 Hal,
695 3802 729 3862 ct
743 3802 860 3863 Bctbel
875 3798 983 3879 (Gen,
999 3803 1047 3872 12,
1063 3799 1098 3879 8)
1115 3801 1157 3862 ad

365 3896 538 3959 orientem.
575 3898 641 3958 Per
673 3900 755 3968 Hal,
797 3897 883 3974 quod
919 3897 1158 3974 interpretatur

365 3992 450 4065 fons,
467 3995 522 4056 rel
537 3994 665 4064 oculus,
683 3993 890 4068 designatur,
906 3994 992 4070 quod
1008 4009 1067 4070 per
1082 4007 1158 4056 ocu·

365 4089 434 4150 lum
449 4087 606 4152 debemus
625 4090 743 4151 sistere
758 4091 793 4150 in
813 4089 903 4150 fonte
921 4089 1155 4167 lacrymarum,

364 4186 399 4249 et
419 4201 585 4262 apponere
609 4186 724 4248 contra
745 4185 868 4262 gaudia
890 4187 1098 4263 temporalia,
1125 4189 1158 4250 et

365 4282 482 4344 contra
505 4281 759 4357 prosperitatem
787 4281 994 4355 defectivam,
1022 4283 1154 4359 signiti-

364 4379 473 4449 oatam
492 4392 550 4453 per
572 4377 744 4444 orientem,
768 4377 856 4440 unde
876 4381 969 4441 venit
990 4379 1050 4440 lux
1070 4379 1155 4440 dell·-

364 4474 474 4550 cians;
497 4475 589 4536 utin
611 4474 873 4538 occidentanae
898 4477 1021 4537 nostrae
1038 4475 1154 4552 quies-

363 4587 477 4634 camus
501 4571 536 4636 in
561 4572 690 4642 Bctbel,
717 4571 804 4633 idest
829 4571 865 4631 in
889 4570 986 4634 domo
1010 4573 1153 4646 bomini,

364 4669 452 4730 sicut
468 4669 592 4745 legitur
606 4668 745 4730 Levitioi
761 4662 824 4746 (23,
847 4670 886 4729 42
900 4670 933 4730 et
947 4667 999 4747 43)
1013 4689 1020 4728 :
1037 4685 1055 4729 ιι
1072 4672 1153 4731 Om-

362 4767 426 4839 nis,
441 4768 498 4844 qui
513 4767 554 4828 de
568 4781 690 4841 genero
705 4765 808 4826 lsrael
823 4767 884 4836 est,
902 4763 1047 4828 manebit
1060 4766 1094 4828 in
1109 4767 1155 4828 ta·
1194 4805 1200 4818 ·

275 4879 277 4886 ’
362 4863 552 4926 bernaculis
574 4883 581 4924 ι
599 4864 635 4924 ut
653 4862 782 4924 discant
797 4862 922 4938 posteri
935 4863 1050 4935 vestri,
1067 4865 1153 4940 quod

362 4961 398 5021 in
411 4959 637 5029 tabernaculis
660 4958 813 5020 babitare
836 4957 971 5019 fecerim
993 4959 1079 5020 lilios
1098 4963 1152 5022 Is-

363 5055 446 5126 rael,
463 5071 537 5118 cum
552 5055 727 5117 educerem
742 5069 798 5116 eos
812 5053 852 5116 de
868 5057 958 5118 terra
971 5056 1118 5133 AEgypti.
1135 5074 1154 5119 s

362 5153 400 5212 In
415 5151 529 5214 eodem
544 5152 689 5228 capitulo
705 5149 770 5241 (23⁹2,
787 5150 839 5230 40)
854 5173 862 5212 :
878 5169 897 5213 a
913 5153 1056 5214 Sumetis
1068 5153 1155 5216 fruc-

398 5353 439 5424 (1)
451 5351 579 5410 Erectio
589 5351 693 5415 rectius
708 5353 799 5421 lario,
814 5352 861 5421 38,
879 5355 923 5423 17,
937 5355 962 5412 7.
1024 5385 1034 5398 -

793 369 826 429 s.
854 365 1030 429 nuroun
1058 365 1246 426 annuant
1274 365 1412 426 orans
1440 323 1587 426 onum.

1937 367 1981 431 aa

1219 523 1273 584 tus
1287 521 1417 584 arboris
1439 521 1686 606 pulcherrimae,
1707 521 1915 601 spatulasque
1932 527 1986 602 pal-

1220 634 1360 690 marum,
1375 621 1409 682 at
1422 635 1533 681 ramos
1545 618 1630 694 ligni
1642 618 1822 680 densarum
1834 618 1984 694 frondium,

1219 717 1253 776 at
1267 715 1388 777 salices
1403 715 1444 775 de
1459 716 1619 786 torrente,
1637 716 1671 776 et
1687 715 1885 777 laetabimini
1899 733 1985 778 coran

1220 811 1360 872 Domino
1375 813 1443 872 Deo
1458 814 1581 872 vestro.
1596 827 1615 872 a
1635 808 1807 888 Siquidem
1821 811 1915 872 arbor
1930 814 1986 889 pul·

1220 907 1387 969 cherrima
1406 909 1459 968 ast
1480 908 1647 981 Christus;
1670 907 1758 970 unda
1774 907 1876 986 (Psal.
1891 909 1984 986 atil:

1220 1021 1238 1064 ιι
1253 1005 1431 1081 Speciosus
1443 1004 1550 1065 forma
1565 1019 1634 1080 prae
1650 1004 1728 1065 tiliis
1743 1005 1920 1066 hominum.
1935 1008 1985 1064 »b

1220 1101 1365 1162 canticis
1385 1100 1429 1180 (2,
1450 1100 1507 1180 3):
1528 1117 1547 1161 s
1565 1101 1659 1162 Siout
1681 1101 1790 1162 malus
1815 1101 1898 1162 inter
1917 1101 1984 1175 ligna

1220 1196 1391 1269 silvarum,
1419 1197 1468 1258 sic
1491 1198 1631 1259 dilectus
1656 1213 1749 1259 meus
1774 1197 1985 1258 interillos.»

1212 1293 1379 1356 -Subditur
1393 1311 1435 1354 :s
1456 1294 1523 1354 Sub
1538 1293 1656 1354 umbra
1674 1295 1781 1367 illius,
1803 1310 1896 1370 quem
1914 1294 1984 1354 desi·

1219 1390 1426 1461 derareram,
1443 1391 1514 1451 sadi
1527 1407 1534 1452 :
1549 1393 1582 1454 et
1597 1391 1723 1453 fructus
1736 1394 1811 1468 ejus
1826 1390 1985 1465 dulcisgut·

1220 1488 1287 1548 turi
1302 1503 1388 1548 meo.
1404 1505 1423 1548 a
1441 1489 1583 1550 Fructus
1603 1488 1726 1550 Christi
1746 1487 1799 1549 est
1821 1489 1926 1548 nostra
1941 1503 1984 1547 re·

1219 1583 1376 1660 demptio,
1415 1583 1448 1645 et
1480 1586 1614 1644 aeternae
1650 1583 1823 1646 solicitatis
1856 1583 1984 1660 jncundi-

1219 1681 1281 1740 tas.
1302 1681 1342 1742 nt
1362 1695 1421 1756 per
1443 1681 1598 1756 spatrclas
1615 1686 1820 1755 palmorum.
1839 1681 1983 1754 signantur

1220 1776 1379 1854 triumphi
1408 1778 1625 1854 martyrum:
1658 1777 1813 1838 Victores
1849 1777 1983 1852 siquiden

1219 1873 1328 1948 palma
1343 1875 1556 1936 coronantur.
1576 1876 1641 1935 Por
1654 1887 1775 1935 rumor
1793 1876 1874 1949 ligni
1887 1877 1982 1934 αειιει-

1218 1985 1299 2031 rum
1322 1967 1511 2048 frondium,
1543 1969 1686 2032 divorse
1712 1969 1884 2032 sententiaa
1904 1983 1981 2028 sacra

1220 2067 1399 2142 Scripturas
1430 2067 1673 2142 intelliguntur,
1707 2081 1784 2143 quae
1808 2066 1842 2127 in
1867 2081 1903 2126 ea
1926 2066 1981 2124 sunt

1217 2159 1979 2242 tanquamlrondescondensae;unde(Ps.28,9l:

1217 2261 1324 2320 «Vox
1338 2261 1470 2322 Domini
1485 2259 1705 2336 praeparantis
1720 2275 1850 2332 carros,
1869 2260 1899 2319 et
1912 2272 1980 2318 rere

1217 2355 1300 2417 labit
1321 2357 1499 2430 condensa,
1515 2357 1634 2418 »idest
1654 2357 1703 2418 eis
1725 2356 1889 2417 condensa
1907 2367 1980 2414 rera-

1217 2451 1339 2520 lantur,
1358 2453 1445 2516 idest
1464 2452 1615 2514 obscurae
1635 2453 1816 2514 sententia
1833 2467 1978 2528 exponun-

1216 2549 1281 2620 tur,
1295 2549 1352 2625 qui
1364 2551 1543 2626 properant
1554 2549 1596 2610 ad
1608 2549 1852 2626 poenitentiam,
1868 2549 1900 2610 ut
1910 2546 1978 2607 cerri

1216 2645 1257 2705 ad
1274 2645 1398 2706 iontem
1416 2646 1541 2720 rivum,
1562 2647 1726 2722 quatenus
1748 2661 1904 2709 venenum
1921 2656 1978 2720 pec·

1216 2743 1292 2814 cati,
1316 2742 1402 2819 quod
1422 2743 1615 2815 hauserant,
1636 2743 1837 2818 extinguant
1856 2743 1887 2802 in
1905 2739 1977 2815 aquls

1216 2853 1320 2898 sacrae
1335 2838 1526 2914 Scripturas.
1541 2839 1720 2916 Sequitur:
1745 2857 1765 2899 ιι
1780 2841 1819 2900 nt
1833 2838 1937 2900 salicas
1949 2835 1977 2894 de

1215 2934 1408 2994 torrente.»
1428 2933 1522 2994 Salia
1540 2935 1591 2995 est
1608 2934 1709 2995 arbor
1729 2935 1934 3002 infructuosa,
1951 2931 1974 2988 et

1216 3029 1368 3105 designat
1390 3030 1468 3091 ritae
1492 3030 1748 3105 continentiam
1775 3031 1833 3092 sed
1853 3029 1921 3090 licet
1936 3028 1975 3086 in·

1215 3125 1376 3187 fructuosi
1408 3125 1477 3187 sint
1511 3126 1718 3188 continentes
1745 3128 1782 3188 in
1816 3122 1975 3203 generando

1215 3223 1302 3282 lilios
1324 3222 1488 3286 carnales.
1509 3226 1587 3284 sunt
1607 3223 1705 3286 valde
1725 3222 1884 3285 fructiferi
1901 3233 1975 3296 gene

1213 3319 1318 3380 rando
1341 3319 1501 3381 virtutum
1522 3335 1641 3396 opera;
1667 3320 1756 3381 unde
1780 3320 1872 3380 isaia
1895 3315 1974 3394 (511

1214 3417 1247 3477 et
1257 3414 1290 3494 5)
1307 3417 1436 3477 :cilaeo
1448 3416 1529 3478 dicit
1541 3417 1701 3478 Dominus
1713 3415 1890 3478 eunuchis:
1905 3410 1973 3472 babo

1213 3511 1306 3574 robis
1318 3513 1354 3573 in
1365 3513 1462 3574 domo
1473 3527 1557 3585 maa,
1572 3515 1605 3574 et
1616 3513 1652 3574 in
1662 3515 1768 3574 muris
1784 3513 1864 3573 mois
1877 3511 1972 3574 locum.

1213 3609 1245 3670 et
1258 3623 1378 3670 nomen
1391 3608 1510 3670 melius
1526 3625 1546 3670 a
1561 3609 1652 3681 liliis,
1676 3611 1710 3672 et
1724 3609 1864 3680 filiabus,
1879 3618 1972 3666 nonen

1213 3705 1461 3782 sempiternum,
1478 3706 1565 3782 quod
1580 3721 1646 3767 non
1662 3705 1801 3782 peribit;
1816 3721 1835 3766 s
1848 3698 1974 3782 quasili-

1212 3803 1287 3864 oat:
1308 3803 1488 3874 Eunuchis,
1506 3801 1590 3865 idest
1607 3803 1720 3875 castis,
1742 3804 1799 3880 qui
1817 3816 1851 3862 se
1869 3799 1972 3862 casua·

1212 3901 1335 3962 verunt
1355 3901 1491 3975 propter
1511 3915 1651 3975 regnum
1674 3900 1835 3962 coelorum
1853 3893 1970 3976 (blatth,

1213 3996 1261 4066 19,
1279 3994 1342 4074 12),
1359 3993 1444 4056 dabo
1461 3995 1569 4061 locum
1588 3996 1624 4056 in
1643 3995 1741 4058 domo
1758 4011 1841 4066 mea,
1859 3987 1970 4054 idesth

1212 4091 1372 4162 Ecclesia,
1386 4094 1420 4153 et
1433 4107 1554 4154 nomen
1570 4093 1703 4168 molius,
1719 4092 1806 4170 quod
1819 4088 1903 4152 nulla
1913 4082 1972 4146 obli·

1210 4189 1310 4250 riona
1334 4188 1508 4260 delebitur,
1533 4189 1569 4251 ut
1590 4189 1748 4250 dicantur
1772 4193 1877 4267 patres
1893 4179 1971 4258 spiri·

1210 4286 1330 4358 tuales,
1344 4301 1410 4346 non
1425 4285 1589 4348 carnales.

1250 4383 1408 4459 Sequitur
1428 4403 1436 4442 ε
1456 4383 1633 4458 protegar
1655 4383 1693 4443 ta
1716 4379 1899 4444 uelamento
1916 4377 1971 4435 ola·

1209 4493 1289 4540 rum
1314 4481 1474 4550 tuarum;
1497 4479 1585 4540 unde
1603 4479 1825 4540 Numerorum
1843 4474 1885 4554 (9,
1903 4471 1935 4532 lb
1947 4465 1971 4527 ct

1210 4573 1263 4653 16)
1276 4597 1284 4635 z
1301 4591 1319 4635 ιι
1334 4575 1439 4650 Igitur
1450 4575 1515 4644 die,
1533 4590 1598 4652 qua
1613 4576 1761 4637 erectum
1776 4575 1826 4636 ost
1842 4570 1970 4634 taberna·

1209 4671 1333 4742 culum,
1359 4671 1491 4748 operuit
1521 4671 1603 4734 illud
1626 4671 1732 4732 nubes
1756 4686 1815 4748 per
1839 4668 1925 4735 diam,
1946 4658 1969 4718 el

1209 4767 1303 4844 quasi
1318 4767 1407 4842 ignis
1421 4769 1550 4844 species
1564 4783 1624 4844 per
1638 4769 1779 4830 noctem.
1797 4763 1968 4826 »Tabana-

1209 4864 1320 4926 culum
1333 4865 1465 4926 Domini
1485 4865 1535 4928 ast
1552 4864 1713 4936 Ecclesia,
1737 4879 1835 4942 quam
1853 4849 1968 4937 protegit

1209 4963 1295 5022 Deus
1310 4960 1400 5022 nube
1416 4960 1587 5036 retbigerii
1603 4960 1779 5022 inardore
1792 4949 1966 5025 tonationis.

1208 5058 1242 5121 et
1260 5057 1295 5118 in
1314 5060 1411 5120 nocte
1425 5057 1552 5134 peccati
1571 5051 1926 5132 illustrationegratiae,
1944 5043 1967 5103 θ*
2035 5043 2036 5100 l

1209 5155 1358 5218 caritatis
1372 5155 1414 5216 ad
1426 5147 1922 5238 tollendamabyssumpeccati..

1244 5357 1285 5428 (1)
1298 5356 1396 5414 dtoaso
1410 5355 1471 5416 ord.
1486 5355 1517 5412 ia
1528 5369 1590 5427 cop.
1603 5357 1616 5413 1
1633 5355 1709 5426 aar,
1722 5371 1748 5413 o.
1765 5355 1809 5412 lli.
