4152 6388
343 305 406 368 215

343 463 573 529 contradicere
585 477 651 522 non
672 460 854 534 audebant;
870 476 914 522 ex
930 459 1036 522 altera
1046 477 1137 534 vero,

343 561 550 624 verebantur
574 573 616 620 ne
638 559 706 620 tam
728 574 873 632 sacrum,
898 558 932 620 et
958 558 1140 635 pretiosum

344 659 465 736 pignus
478 656 666 718 auferretur
675 655 717 716 ab
729 656 863 728 Ordine,
872 655 975 718 veluti
985 671 1046 734 per
1055 656 1140 718 alios

345 756 438 832 prius
455 753 564 816 tuerat
576 753 785 815 attentatum.
803 749 839 812 »'

382 853 423 912 nt
447 852 493 912 ita
518 851 630 912 evenit
652 853 688 912 ut
711 852 838 928 postea,
865 849 1000 910 saeculis
1016 849 1139 926 elapsis

343 948 509 1025 plurimis„
531 947 743 1010 nesciebatur
771 947 829 1008 ubi
854 948 993 1024 praecise
1019 963 1138 1023 corpus

338 1047 478 1123 jaceret.
494 1045 587 1118 Quod
604 1047 775 1106 inventum
789 1045 1005 1106 tuitinannis
1020 1059 1140 1105 recen-

342 1143 497 1214 tioribus,
512 1145 545 1204 et
557 1143 751 1205 solemnitas
762 1157 921 1204 concessa
932 1144 1012 1203 esta
1023 1142 1138 1202 sancta

343 1239 423 1301 sede
437 1243 478 1302 de
492 1241 697 1302 Inventione
717 1243 874 1314 corporis
887 1242 922 1302 S.
945 1242 1136 1310 Fronctsct,

343 1337 386 1398 ab
411 1338 501 1398 omni
516 1336 639 1398 Ordine
653 1336 863 1398 celebranda.
885 1339 965 1398 llaeo
985 1336 1139 1412 leguntur

343 1434 380 1496 in
394 1433 563 1496 breviario
577 1433 802 1495 Franciscano
818 1455 827 1493 r

381 1532 579 1592 ,assisiensis
600 1530 752 1600 basilica,
767 1546 866 1608 quam
885 1531 1065 1606 Gregorius
1079 1531 1135 1601 lX,

340 1627 431 1690 obs.
448 1628 629 1700 Francisci,
644 1628 876 1690 Minoritarum
896 1628 1052 1704 parentis,
1070 1627 1136 1688 ho-

341 1741 468 1798 norem,
485 1727 584 1804 atque
599 1727 786 1789 adsacrum
806 1727 913 1802 ipsius
928 1740 1048 1802 corpus
1063 1724 1137 1785 loco

342 1821 577 1885 honestissimo
602 1823 821 1896 condendum,
838 1822 1010 1885 molitione
1024 1821 1135 1882 admi-

341 1920 440 1982 rabili
450 1922 671 1983 extruendam
686 1921 727 1982 ah
739 1921 895 1982 inchoata
911 1919 1052 1990 curavit,
1066 1919 1137 1978 sin-

341 2019 450 2094 gulari
473 2019 615 2096 quadam
639 2018 762 2081 divinae
778 2018 1001 2080 Providentiae
1018 2016 1135 2093 dispo-

340 2115 478 2189 sitione,
497 2117 555 2177 illo
579 2116 751 2192 dignitatis
766 2131 806 2176 ao
826 2115 943 2192 gloriae
959 2114 1135 2190 splendore

339 2215 508 2276 cumulata
523 2213 596 2286 luit,
613 2214 669 2290 qui
685 2213 726 2274 ad
738 2211 918 2290 perlectum
934 2209 1136 2273 absolutum·

340 2328 405 2390 que
419 2301 568 2389 ejusdem
580 2311 681 2372 decus
692 2310 877 2372 desiderari
889 2309 986 2370 unice
997 2307 1136 2370 videba-

338 2409 405 2472 tur.
423 2409 593 2470 Communi
611 2409 732 2486 quippe
752 2407 972 2474 consensione
995 2421 1134 2484 percre-

339 2507 467 2580 buerat,
492 2507 552 2568 sub
575 2522 635 2568 ara
650 2506 800 2583 principe
816 2505 964 2583 ejusdem
985 2503 1134 2564 basilice

340 2603 452 2666 locum
474 2620 549 2665 esse
572 2604 607 2664 in
627 2619 692 2681 quo
708 2603 773 2664 viri
794 2602 997 2664 sanctissimi
1013 2617 1134 2678 corpus

339 2702 497 2764 exstaret.
518 2702 640 2762 Verum
659 2699 806 2761 nondum
821 2699 1011 2760 adinveniri
1024 2713 1133 2775 posse,

340 2800 440 2875 atque
477 2798 511 2858 in
546 2798 670 2870 lucem,
699 2797 935 2874 aspectumque
962 2796 1134 2858 hominum

338 2897 492 2974 proferri,
519 2895 699 2957 lectissima
724 2895 809 2956 tanti
831 2893 935 2971 patris
950 2893 1077 2954 tamilla
1102 2895 1135 2955 et

338 3009 394 3058 res
416 2993 599 3056 christiana
630 2992 836 3055 condolebat.
864 2993 933 3053 lmo
957 2991 1082 3052 Paulus
1106 2993 1134 3052 V

339 3092 464 3154 diserte
477 3092 576 3159 cavit,
594 3091 630 3152 ut
643 3106 775 3151 sacrum
791 3104 911 3166 corpus
928 3089 1132 3166 perquirere,

339 3189 571 3265 fossionesque
601 3189 659 3250 eut
682 3187 772 3248 aliud
801 3187 971 3264 quidpiam
997 3186 1032 3246 in
1058 3201 1133 3246 eum

340 3287 439 3348 tinem
462 3286 651 3362 pertentare
675 3283 725 3346 ias
750 3286 839 3346 esset
857 3283 995 3344 nemini.
1020 3283 1135 3344 illuxit

337 3385 450 3447 tamen
464 3385 594 3460 tempus
615 3399 635 3444 a
661 3384 729 3443 lieo
747 3381 958 3458 praefinitum,
978 3397 1042 3458 quo
1057 3396 1135 3457 pre-

338 3482 445 3544 tiosus
465 3481 523 3543 ille
545 3480 724 3542 thesaurus
737 3479 982 3557 protrahendus
997 3477 1084 3540 toret
1097 3479 1133 3540 in

338 3579 457 3651 lucem,
474 3579 506 3639 et
519 3579 599 3640 Pius
615 3593 699 3655 papa
712 3578 884 3654 septimus,
902 3575 1056 3654 precibus
1069 3592 1133 3638 en-

337 3693 444 3739 nuens
458 3675 626 3754 generalis
640 3675 786 3736 ministri
802 3675 968 3736 Minorum
982 3688 1132 3735 conven-

337 3775 489 3846 tualium,
522 3775 680 3850 derogato
708 3772 884 3834 interdicto
911 3770 1008 3832 Pauli
1033 3773 1073 3844 V,
1098 3772 1134 3832 ut

338 3887 425 3935 nova
438 3872 619 3950 prudenter
638 3871 733 3932 fieret
746 3870 834 3931 sacri
855 3869 1005 3946 corporis
1020 3867 1135 3946 inqui·

338 3971 427 4044 siti0,
444 3969 586 4047 benigne
607 3968 783 4031 concessit.
799 3970 913 4043 Longo
927 3967 1031 4042 igitur
1045 3965 1132 4029 dua-

337 4084 411 4130 rum
438 4071 471 4132 et
494 4067 735 4146 quinquaginta
764 4065 926 4136 noctium,
955 4065 1053 4140 atque
1074 4063 1131 4124 in-

335 4164 488 4226 credibili
503 4165 628 4232 labere,
654 4163 738 4224 clam
754 4163 787 4222 et
808 4162 935 4223 occulte
951 4160 1130 4237 insumpto,

613 303 669 363 no
690 301 826 364 oraru
848 301 881 362 s.
905 299 1126 384 salomom
1146 302 1374 364 nssrsmms
1395 267 1718 366 rnonnoounun.

1938 305 1999 366 alo

1193 461 1242 523 uti
1270 463 1404 524 cautum
1431 461 1551 534 tuerat,
1576 461 1668 524 illico
1690 462 1873 532 obstructo,
1891 479 1999 541 reque

1193 559 1234 619 ad
1251 559 1444 620 Pontificem
1457 559 1578 632 delata,
1595 561 1739 636 primum
1754 562 1915 638 episcopo
1928 567 1998 623 As-

1194 656 1328 717 sisiensi
1341 656 1533 718 mandatum
1547 657 1620 728 luit,
1633 659 1670 718 ut
1679 673 1718 719 ea
1730 657 1907 732 duntaxat,
1920 677 1998 736 quae

1193 769 1298 830 usque
1322 758 1402 814 tunc
1425 755 1499 815 acta
1520 753 1785 830 proterebantur,
1816 757 1883 817 rite
1920 759 1998 834 ipse

1193 852 1418 926 cognosceret,
1435 852 1515 927 quin
1529 853 1640 914 tamen
1656 851 1697 914 de
1718 854 1824 915 sacris
1837 854 1998 930 reliquiis

1193 949 1410 1025 quaestionem
1436 949 1637 1010 institueret.
1666 952 1747 1012 Mox
1772 966 1833 1026 per
1861 951 1998 1012 litteras

1193 1044 1227 1104 in
1255 1043 1361 1106 torma
1387 1045 1511 1116 brevis,
1532 1045 1592 1107 alii
1615 1047 1774 1124 episcopi,
1798 1049 1996 1108 Nucerinus
2048 1109 2049 1116 ,

1193 1156 1321 1219 nempe,
1346 1143 1555 1219 Spoletanus,
1577 1144 1759 1204 Perusinus
1782 1144 1998 1220 etFulgina-
2048 1179 2049 1188 2

1192 1239 1309 1309 tensis,
1325 1239 1446 1316 adjecti
1458 1240 1602 1312 luerunt,
1615 1242 1651 1302 ut
1664 1241 1801 1302 insimul
1811 1242 1848 1301 in
1864 1257 1998 1302 memo-

1192 1337 1301 1397 ratum
1324 1336 1433 1398 locum
1456 1338 1685 1409 convenirent,
1701 1353 1804 1416 reque
1831 1337 1996 1398 universa

1192 1431 1444 1494 accuratissime
1466 1436 1654 1512 conspecta,
1681 1435 1763 1496 viris
1786 1437 1914 1498 artium
1936 1452 1997 1512 pe-

1192 1531 1266 1592 ritis
1292 1533 1326 1593 et
1353 1531 1388 1592 in
1410 1545 1552 1592 sumen
1575 1532 1720 1604 vocatis,
1747 1549 1788 1594 ea
1813 1534 1931 1594 omnia
1959 1533 1993 1593 in

1191 1629 1265 1689 acta
1280 1628 1442 1689 solemnia
1457 1628 1631 1700 referrent,
1642 1630 1874 1706 acJuridicum
1890 1647 1995 1708 super

1191 1725 1365 1788 identitate
1386 1726 1474 1788 sacri
1494 1727 1643 1802 corporis
1670 1741 1865 1802 processum
1893 1744 1994 1802 pera-

1189 1825 1318 1899 gerent,
1328 1823 1554 1899 obsignarent,
1571 1825 1656 1885 etad
1671 1824 1794 1886 Urbem
1804 1825 1991 1895 mitterent,

1190 1919 1353 1998 simulque
1368 1921 1597 1996 significarent
1619 1921 1698 1999 quid
1713 1922 1753 1983 de
1768 1938 1805 1984 re
1820 1923 1899 2000 ipsa
1914 1939 1994 1984 sen-

1190 2017 1301 2080 tirent.
1329 2018 1389 2079 llis
1411 2018 1565 2080 omnibus
1588 2017 1761 2091 absolutis,
1792 2020 1922 2082 Christi
1954 2022 1989 2082 in

1190 2116 1288 2176 terris
1310 2116 1464 2177 vicarius
1487 2119 1561 2178 acta
1584 2117 1697 2178 omnia
1724 2117 1940 2179 discutienda
1961 2123 1993 2180 et

1190 2213 1423 2289 perpendenda
1450 2213 1662 2276 demandavit
1688 2214 1821 2276 selecta
1855 2216 1991 2277 cuidam

1190 2311 1456 2387 congregationi.
1485 2311 1611 2374 Deinde
1634 2327 1726 2383 vero,
1748 2327 1889 2374 causam
1915 2313 1992 2374 nni-

1188 2422 1321 2469 versam
1343 2409 1431 2470 serio
1452 2409 1695 2487 diligenterque
1709 2409 1992 2472 considerandam

1189 2505 1260 2582 ipse
1271 2506 1428 2582 suscepit,
1439 2507 1539 2584 atque
1548 2506 1712 2584 peculiari
1722 2506 1848 2569 divinae
1858 2508 1992 2584 sapien·

1188 2604 1244 2665 tiae
1263 2603 1419 2681 praesidio
1442 2603 1545 2665 multa
1569 2603 1755 2681 humilique
1780 2619 1883 2682 preca
1908 2621 1993 2666 exo-

1188 2699 1273 2772 rato,
1300 2701 1399 2762 nonis
1420 2700 1617 2778 septembris
1631 2717 1720 2763 anno
1735 2702 1814 2763 1820
1834 2701 1946 2763 edixit
1960 2705 1991 2764 et

1189 2797 1373 2860 declaravit
1386 2820 1394 2859 ε
1406 2799 1591 2860 ‹Gonsmrs
1599 2799 1641 2860 de
1650 2797 1823 2860 identitate
1834 2801 1990 2877 corporis

1190 2909 1297 2970 nuper
1310 2893 1370 2954 sub
1396 2909 1456 2954 ara
1477 2895 1622 2956 maxima
1644 2893 1815 2956 interioris
1836 2895 1991 2958 basilica

1189 2990 1387 3053 Assisiensis
1407 2991 1550 3063 inventi,
1567 2991 1715 3069 illudque
1730 3007 1851 3054 revera
1865 3009 1991 3070 corpus

1189 3105 1262 3150 esse
1283 3091 1316 3150 S.
1335 3089 1518 3162 Francisci,
1535 3089 1668 3151 Ordinis
1680 3090 1850 3151 Minorem
1864 3089 1993 3152 lunda-

1188 3187 1283 3248 toris.
1297 3186 1444 3248 »Voluit
1459 3187 1587 3258 tamen,
1603 3203 1646 3248 ne
1658 3187 1852 3250 venerabile
1865 3203 1991 3266 corpus
2048 3195 2049 3198 ’

1188 3299 1232 3345 ex
1246 3282 1463 3346 subterraneo
1473 3285 1558 3356 loco,
1570 3284 1606 3344 in
1618 3300 1682 3361 quo
1693 3284 1763 3346 tere
1776 3301 1839 3346 sex
1851 3287 1990 3348 saeculis

1188 3381 1371 3458 quieverat,
1385 3382 1452 3442 alio
1462 3381 1647 3455 deteratur;
1663 3383 1742 3443 item
1754 3397 1797 3443 ne
1809 3383 1988 3445 minimam

1188 3479 1320 3556 quidem
1330 3493 1502 3541 sacrorum
1513 3478 1638 3540 ossium
1651 3479 1779 3556 partem
1794 3479 1899 3543 liceat
1909 3482 1988 3543 inde

1188 3576 1320 3638 extrahi
1346 3575 1558 3654 auferriqu03
1588 3591 1628 3638 ac
1653 3575 1786 3639 demum
1813 3593 1859 3640 ne
1894 3595 1986 3650 arca,

1188 3673 1360 3750 postquam
1380 3673 1495 3734 clausa
1518 3673 1620 3736 fuerit
1643 3673 1677 3736 et
1701 3673 1891 3752 obsignata,
1918 3677 1987 3738 ullo

1188 3785 1334 3847 unquam
1344 3770 1494 3846 tempore
1508 3770 1633 3848 absque
1653 3772 1795 3833 Romani
1808 3773 1986 3834 Pontificis

1188 3867 1352 3944 permissu
1382 3869 1560 3930 reseretur.
1598 3869 1701 3941 Quod,
1729 3869 1764 3929 ut
1792 3871 1985 3932 executioni

1188 3965 1414 4038 mandaretur,
1431 3967 1561 4042 magnis
1577 3965 1761 4044 sumptibus
1776 3983 1874 4028 mons
1890 3983 1987 4028 scru-

1187 4079 1270 4140 peus
1285 4062 1442 4126 effractus
1466 4066 1526 4136 est,
1551 4063 1679 4140 lapides
1698 4064 1812 4136 amoti,
1837 4065 1872 4126 et
1886 4065 1985 4127 tertia

1187 4158 1330 4222 ecclesia
1346 4161 1436 4222 circa
1451 4161 1561 4222 locum
1576 4162 1766 4223 constructa
1781 4161 1843 4235 est,
1860 4161 1921 4223 uhi
1932 4178 1986 4224 se-
2048 4201 2049 4252 ,

339 4263 450 4323 locum
468 4261 599 4322 demum
614 4260 834 4336 introspicere
847 4258 959 4321 datum
975 4258 1047 4331 luit,
1064 4273 1132 4319 are
1186 4256 1317 4334 raphici
1330 4257 1394 4319 viri
1413 4273 1533 4335 corpus
1555 4258 1596 4319 ab
1615 4258 1711 4320 initio
1723 4257 1786 4320 tuit
1801 4259 1982 4321 conditum.
2048 4267 2049 4324 l

336 4359 594 4420 maximeerecte
609 4357 829 4434 suppositum,
845 4357 881 4416 in
898 4371 962 4433 quo
982 4370 1060 4417 arca
1074 4355 1130 4416 la·
1188 4355 1230 4416 ot
1251 4355 1362 4416 autem
1383 4357 1542 4432 perpetua
1555 4355 1595 4417 de
1613 4355 1676 4417 hoc
1688 4356 1797 4418 exstet
1809 4357 1982 4428 memoria,

309 4457 434 4535 apidee
456 4454 600 4532 jacebat,
620 4469 719 4532 quam
735 4453 835 4515 terrei
865 4452 986 4515 clathri
1009 4451 1130 4515 validis
1185 4452 1251 4514 Leo
1276 4454 1338 4514 Xll
1367 4452 1523 4514 Pontifex
1551 4453 1717 4514 maximus
1743 4454 1882 4514 missam
1910 4471 1983 4515 cum
2048 4471 2049 4520 ;

335 4553 453 4631 virgis,
491 4552 697 4630 interiusque
730 4567 769 4614 ac
804 4551 958 4627 superius
991 4549 1131 4612 mirifice
1186 4548 1295 4611 otflcio
1311 4553 1350 4612 dc
1365 4551 1570 4612 Inventione
1580 4555 1739 4626 eorporis
1752 4554 1788 4614 S.
1801 4555 1983 4614 Franciscr'

336 4652 448 4714 densis
477 4647 793 4716 circumcludebant,
817 4647 897 4725 quin
922 4663 1035 4708 sacras
1054 4647 1132 4708 reli·
1186 4645 1393 4724 approbavit,
1407 4647 1490 4708 etab
1504 4649 1661 4710 universo
1676 4647 1844 4710 Minorum
1858 4649 1981 4711 Ordine

337 4751 433 4827 quies
453 4748 574 4810 ibidem
599 4746 791 4809 observatas
807 4745 952 4807 invisere
974 4744 1132 4822 prohibe-
1186 4743 1349 4806 celebrari
1362 4745 1531 4822 precepit.

335 4848 421 4909 rent.
441 4845 541 4908 Aditu
563 4843 702 4923 proinde
719 4845 756 4906 in
780 4859 898 4907 cavum
913 4859 989 4906 eum
1008 4843 1129 4917 sinum,
