4158 6380
332 245 390 306 127

332 405 470 468 devotus
494 397 648 462 celeriter
671 396 711 457 de
735 411 820 472 equo
843 395 1026 467 descendit,
1044 395 1127 456 utet

331 505 406 568 viro
418 502 478 564 Dei
499 495 721 559 reverentiam
743 493 879 564 faceret,
901 495 935 554 et
958 493 998 554 de
1019 492 1127 552 salute

332 602 452 664 animae
467 597 579 672 aliqua
592 609 667 654 cum
680 593 753 668 ipso
772 591 951 652 conferret.
968 589 1126 661 Tandem,

331 699 446 760 habita
468 691 645 754 collatione
672 689 779 754 suavi.
804 687 907 748 abbas
931 686 1124 756 abscedens,

332 795 423 858 orari
447 807 506 870 pro
531 805 566 850 se
591 787 762 850 humiliter
781 785 885 862 petiit.
912 785 972 844 Cui
993 785 1046 844 vir
1060 785 1127 844 Deo

332 907 431 956 carus
459 887 631 964 respondit
658 907 665 944 ε
693 883 801 945 Orabo
827 883 980 943 libenter.
1004 884 1126 941 Parum

330 991 443 1066 itaque
459 985 649 1047 discedente
660 981 789 1048 abbate,
807 979 892 1040 dixit
904 979 1012 1039 fidelis
1027 979 1128 1038 Fran·

331 1089 440 1149 uiscus
464 1083 505 1144 ad
526 1082 653 1142 socium
675 1078 856 1156 :Expecta
882 1076 996 1146 frater,
1021 1073 1128 1134 modi-

331 1200 418 1255 cum,
435 1181 512 1258 qnia
528 1179 673 1239 debitum
693 1175 769 1237 volo
784 1175 926 1246 solvere,
948 1173 1034 1249 quod
1050 1187 1129 1250 pro-

331 1282 419 1343 misi.
438 1279 560 1340 Orante
576 1279 686 1336 autem
701 1273 771 1344 illo,
790 1272 899 1333 subito
919 1270 1020 1334 abbas
1036 1266 1129 1330 inso-

331 1379 429 1440 litum
461 1375 616 1443 calorem,
654 1373 687 1432 et
721 1370 930 1431 dulcedinem
967 1369 1130 1428 haetenus

332 1474 542 1552 inexpertam
566 1471 671 1532 sensit
692 1469 726 1530 in
752 1467 882 1544 spiritu,
908 1467 954 1528 ita
982 1465 1068 1542 quod
1093 1465 1128 1524 in

332 1588 472 1635 excessu
491 1568 610 1629 mantis
632 1566 781 1636 effectus,
807 1567 895 1626 totus
917 1580 936 1624 a
958 1564 1068 1639 seipso
1093 1563 1128 1622 in

331 1673 435 1732 Deum
449 1667 579 1729 defecit.
596 1669 706 1725 Parva
722 1661 851 1724 morula
867 1661 1029 1732 substitit;
1046 1661 1079 1720 et
1094 1659 1128 1719 in

333 1784 369 1831 se
391 1781 556 1836 reversus
586 1762 743 1824 virtutem
768 1760 929 1820 orationis
958 1761 990 1818 S.
1017 1760 1127 1818 Frau-

333 1864 415 1926 cisci
437 1860 602 1938 coguovit.
629 1855 748 1933 Majori
770 1856 908 1934 proinde
927 1855 1017 1917 circa
1037 1854 1129 1915 ordi-

334 1977 410 2023 nem
440 1973 572 2035 semper
597 1971 709 2017 amore
745 1953 911 2029 flagravit,
949 1952 1127 2028 multisque

332 2057 457 2120 factum
472 2071 532 2133 pro
546 2053 707 2115 miraculo
721 2052 846 2114 retulit.

311 2151 331 2172 '
376 2155 512 2217 Solebat
526 2153 578 2213 vir
593 2152 726 2212 sanctus
741 2149 842 2210 horas
858 2149 1037 2210 canonicas
1060 2162 1127 2208 non

333 2253 444 2316 miuus
467 2251 620 2313 timorate
645 2251 712 2308 Deo
737 2247 938 2324 persolvere,
956 2263 1054 2324 quam
1069 2245 1128 2305 de-

331 2354 418 2413 vote.
435 2351 519 2410 Nam
544 2347 623 2408 licet
647 2346 829 2416 oculorum,
846 2343 1019 2412 stomachi,
1034 2344 1126 2419 sple-

332 2449 396 2521 nis,
410 2448 442 2509 et
452 2447 583 2524 hepatis
594 2442 792 2519 aegritudine
803 2443 981 2512 laboraret,
994 2441 1129 2502 nolebat

263 2595 266 2602 .
330 2547 443 2608 tamen
459 2559 553 2604 muro
564 2542 617 2602 vel
633 2541 751 2618 parieti
767 2541 933 2600 inhaerere
946 2539 1022 2599 dum
1037 2539 1129 2616 psal-

333 2644 430 2710 leret,
453 2640 510 2701 sed
538 2639 640 2700 horas
669 2652 800 2714 semper
825 2639 974 2708 erectae,
999 2638 1032 2697 et
1053 2636 1127 2697 sine

333 2739 483 2815 caputio,
511 2752 576 2796 non
604 2735 782 2812 gyrovagis
815 2735 936 2806 oculis,
965 2749 1127 2794 naccum

332 2837 445 2914 aliqua
459 2849 603 2912 syncopa
617 2831 837 2909 persolvebat.
851 2832 886 2892 Si
897 2831 1029 2908 quando
1039 2831 1129 2892 esset

332 2935 369 2996 in
384 2934 504 2994 itinere
518 2931 728 2998 constitutus,
741 2929 861 3004 figebat
877 2929 956 2990 tunc
967 2929 1127 3005 temporis

331 3047 493 3109 gressum,
525 3027 713 3104 hujusmodi
739 3026 1011 3087 consuetudinem
1031 3041 1128 3088 reve-

332 3131 460 3190 rentem
477 3128 510 3188 et
528 3139 657 3186 sacram
674 3123 808 3201 propter
823 3123 1010 3200 pluviarum
1026 3122 1129 3184 inun-

334 3226 482 3288 dantiam
504 3239 570 3283 non
594 3221 761 3283 omittens.
790 3221 926 3282 Dicebat
950 3220 1038 3281 enim
1061 3243 1067 3282 :
1092 3221 1127 3280 Si

331 3323 443 3402 quiete
465 3320 607 3382 comedit
629 3333 749 3394 corpus
772 3317 881 3379 cibum
904 3335 1010 3390 suum,
1032 3318 1126 3380 futu-

332 3436 408 3482 rum
433 3435 508 3480 cum
528 3417 600 3492 ipso
615 3415 777 3476 vermium
804 3431 983 3486 astacum
1002 3417 1126 3492 quanta

331 3533 414 3595 pace
436 3517 468 3578 et
482 3513 725 3590 tranquillitate
738 3513 890 3589 accipere
906 3512 1001 3574 debet
1015 3513 1126 3574 anima

332 3615 442 3677 cibum
474 3613 579 3674 vitaei
612 3610 766 3672 Graviter
796 3609 895 3671 etiam
927 3625 962 3670 se
991 3610 1126 3686 putabat

331 3711 512 3783 offendere,
529 3709 557 3771 si
582 3709 713 3785 quando
738 3709 883 3769 orationi
904 3707 1044 3781 deditus,
1062 3725 1125 3769 va-

332 3812 385 3872 nis
423 3806 710 3887 phantasmatibus
755 3805 896 3866 interius
935 3808 1123 3882 vagaretur.

331 3910 413 3970 Cum
439 3905 565 3983 aliquid
590 3905 657 3966 tale
682 3903 857 3974 accideret,
884 3919 950 3964 non
972 3903 1127 3980 parcebat

331 4003 552 4073 confessioni,
575 4002 655 4078 quin
684 3999 764 4060 illud
788 4001 938 4076 protinus
963 4001 1124 4077 expiaret.

332 4105 403 4163 Hoc
429 4099 573 4161 studium
601 4097 649 4156 sic
671 4097 706 4156 in
728 4113 824 4156 usum
848 4099 1067 4168 converterat,
1091 4099 1127 4160 ut

334 4197 505 4259 rarissime
520 4208 651 4253 muscas
665 4192 855 4268 hujusmodi
871 4194 1050 4270 pateretur.
1069 4197 1127 4254 Fe·

332 4295 425 4356 cerat
452 4291 486 4351 in
511 4287 765 4366 quadragesima
788 4289 930 4365 quadam
954 4291 1126 4352 vasculum

332 4406 447 4461 unum,
460 4389 496 4448 ut
509 4385 666 4447 minutias
680 4385 851 4461 temporis,
871 4401 910 4447 ne
923 4387 1056 4447 omnino
1072 4403 1127 4449 ex·

332 4487 491 4557 uiderent,
502 4483 691 4559 occuparet.
708 4481 799 4555 Quod
816 4499 890 4543 cum
906 4483 1028 4546 dicenti
1042 4487 1125 4546 Ter-

331 4586 413 4650 tiam
428 4584 462 4644 in
478 4579 670 4642 memoriam
682 4577 819 4640 veniens
832 4579 1004 4655 paululum
1020 4580 1125 4656 ipsius

332 4684 479 4745 animum
508 4676 730 4747 detraxisset,
758 4677 867 4737 motus
894 4676 1025 4738 fervore
1051 4679 1124 4755 spi-

331 4782 427 4849 ritus,
452 4775 624 4840 vasculum
645 4775 722 4850 igne
749 4774 964 4850 consumpsit,
986 4775 1123 4837 dicens:

331 4873 533 4940 sacrificabo
549 4871 630 4933 illud
645 4871 797 4943 Domino,
813 4875 908 4948 cujus
924 4871 1125 4934 sacrificium

331 4971 513 5051 impedivit.
542 4969 694 5030 Psalmos
722 4983 796 5029 cum
822 4968 914 5029 tanta
945 4969 1065 5029 mentis
1087 4985 1126 5032 ac

332 5071 468 5150 spiritus
501 5067 684 5129 attentione
719 5065 860 5136 dicebat,
894 5067 989 5142 quasi
1023 5069 1125 5128 Deum

331 5168 529 5248 praesentem
542 5161 680 5224 haberet
697 5183 704 5221 ε
721 5163 842 5224 etcum
859 5178 978 5223 nomen
994 5165 1125 5226 Domini

329 5269 366 5328 in
380 5265 429 5326 eis
444 5259 645 5330 occurreret,
662 5274 731 5336 prae
747 5259 922 5320 suavitatis
937 5259 1123 5333 dulcedine,

330 5362 420 5426 labia
442 5373 502 5419 sua
525 5357 663 5431 lingere.
685 5355 870 5417 videbatur.
899 5359 1008 5434 ipsum
1043 5375 1126 5436 quo-

332 5475 394 5540 que
415 5453 548 5520 Domini
573 5467 691 5512 nomen
714 5467 780 5513 non
803 5453 908 5514 solum
931 5453 1122 5530 cogitatum,

772 239 827 298 Ab
849 234 987 300 OPERA
1010 235 1042 294 S.
1066 233 1286 294 FRANCISCI
1308 233 1534 295 usstsinhls

1918 235 1974 296 128

1182 394 1411 456 verumetiam
1427 395 1603 470 prolatum,
1626 394 1660 456 et
1681 395 1855 472 scriptum,
1881 411 1977 457 reve-

1182 491 1290 600 rentip
1306 492 1421 552 volens
1436 492 1603 552 bonorare
1618 492 1797 568 praecipua,
1816 491 1976 554 fratribus

1183 589 1349 664 persuasit
1377 589 1567 664 aliquando,
1594 591 1630 650 ut
1653 605 1768 650 omnes
1800 591 1976 652 schedulas

1183 686 1338 760 scriptas,
1362 685 1560 762 ubicumque
1582 689 1742 763 repertas
1767 688 1976 763 colligerent,

1185 783 1376 859 mundoque
1387 782 1460 844 loco
1472 785 1683 858 reponerent,
1695 801 1736 845 ne
1749 785 1835 847 forte
1847 801 1978 846 sacrum

1183 879 1269 940 illud
1283 895 1403 940 nomen
1416 881 1624 955 contingeret
1635 882 1836 942 conculcari.
1849 885 1977 944 Nomen

1183 977 1294 1038 autem
1315 979 1395 1038 iesu
1417 993 1491 1036 cum
1519 977 1736 1054 exprimeret,
1760 980 1812 1040 vel
1835 980 1975 1051 audiret,

1179 1073 1287 1149 jubilo
1304 1074 1444 1150 quodam
1466 1074 1613 1150 repletus
1633 1075 1790 1144 interius,
1814 1079 1904 1138 totns
1927 1079 1978 1138 vi-

1183 1169 1322 1231 debatur
1350 1171 1498 1232 exterius
1519 1171 1668 1243 alterari,
1690 1174 1777 1234 acsi
1799 1175 1977 1236 mellifluus

1184 1283 1283 1346 sapor
1296 1271 1441 1343 gustum,
1456 1268 1510 1328 vel
1528 1269 1742 1330 harmonicus
1756 1286 1858 1332 sonus
1873 1272 1978 1348 ipsius

1184 1364 1394 1426 immutasset
1404 1365 1567 1428 auditum.

1224 1463 1368 1538 Contigit
1388 1464 1499 1524 autern
1522 1477 1610 1525 anno
1631 1465 1731 1528 tertio
1753 1468 1830 1528 ante
1852 1467 1979 1528 obitum

1183 1577 1291 1628 suum,
1315 1562 1351 1622 ut
1377 1561 1570 1622 memoriam
1584 1564 1777 1626 Nativitatis
1790 1565 1886 1642 pueri
1899 1569 1979 1628 lesu

1184 1659 1226 1718 ad
1253 1658 1461 1721 devotionem
1485 1661 1696 1722 excitandam
1718 1663 1804 1739 apud
1831 1663 1978 1724 castrum

1183 1757 1303 1816 Graecii
1326 1756 1519 1833 disponeret
1533 1773 1644 1833 agere,
1662 1775 1737 1820 cum
1756 1761 1880 1837 quanta
1903 1777 1978 1822 ma·

1180 1853 1248 1930 jori
1264 1853 1473 1915 solemnitate
1488 1853 1624 1916 valeret.
1642 1857 1692 1916 Ne
1713 1871 1792 1918 vero
1808 1857 1871 1917 hoc
1894 1858 1980 1918 levi-

1182 1951 1243 2012 tati
1260 1953 1366 2027 possit
1387 1951 1543 2024 adscribi,
1561 1969 1580 2014 a
1596 1969 1725 2014 summo
1740 1954 1904 2016 Pontifice
1917 1972 1978 2032 pe-

1183 2048 1244 2110 tita
1259 2051 1292 2110 et
1307 2047 1439 2110 obtenta
1452 2049 1597 2121 licentia,
1610 2050 1689 2112 fecit
1701 2054 1886 2128 praeparari
1898 2070 1979 2129 prae

1184 2147 1323 2221 sepium,
1354 2147 1524 2224 apportari
1551 2146 1686 2216 fteuum,
1703 2148 1820 2210 bovem
1846 2153 1879 2212 et
1905 2153 1978 2211 asi-

1183 2259 1262 2304 num
1278 2244 1320 2304 ad
1335 2245 1444 2305 lo'curu
1463 2245 1594 2306 adduci.
1615 2245 1828 2308 Advocantur
1842 2247 1977 2315 fratres,

1182 2342 1366 2404 adveniunt
1399 2343 1524 2418 populi,
1551 2345 1708 2419 personat
1732 2345 1825 2421 sylva
1864 2363 1977 2418 voces,

1182 2441 1215 2500 et
1237 2439 1439 2500 venerabilis
1463 2440 1522 2500 illa
1547 2456 1615 2502 nox
1637 2441 1818 2502 luminibus
1834 2445 1978 2520 copiosis

1182 2541 1214 2598 et
1237 2537 1349 2609 elaris,
1367 2537 1585 2615 laudibusque
1609 2539 1741 2600 sonoris
1763 2541 1795 2602 et
1819 2543 1978 2602 consonis

1183 2633 1359 2709 splendens
1383 2633 1527 2696 efficitur
1550 2637 1583 2696 et
1604 2635 1773 2697 solemnis.
1796 2637 1913 2700 Stabat
1927 2639 1980 2698 vir

1182 2731 1241 2792 Dei
1264 2746 1375 2792 coram
1401 2733 1563 2807 praesepio
1587 2733 1709 2809 pietate
1725 2735 1881 2812 repletus,
1900 2750 1977 2796 res-

1182 2843 1300 2905 persus
1342 2829 1509 2904 lacrymis
1546 2833 1580 2892 et
1613 2832 1735 2907 gaudio
1768 2833 1976 2909 superfusus.

1182 2924 1398 2987 celebrantur
1443 2927 1620 2989 missarum
1669 2929 1831 2990 solemnia
1876 2947 1980 3006 super

1182 3019 1344 3098 praesepe,
1359 3022 1460 3083 levita
1487 3023 1609 3086 Christi
1635 3027 1814 3087 Francisco
1844 3043 1978 3088 sacrum

1182 3120 1393 3195 evangelium
1417 3119 1625 3182 decantante.
1660 3123 1825 3184 Praedicat
1857 3125 1979 3186 deiude

1182 3218 1304 3293 populo
1336 3218 1565 3280 circumstanti
1595 3220 1635 3280 de
1664 3221 1846 3282 Nativitate
1876 3223 1980 3298 Regis

1182 3314 1357 3392 pauperis3
1373 3329 1469 3391 quem
1486 3329 1559 3376 oum
1580 3317 1753 3378 nominare
1766 3319 1876 3390 vellet,
1896 3337 1980 3396 pue-

1182 3425 1256 3472 rum
1271 3410 1312 3472 de
1326 3411 1496 3472 Bethleem
1517 3428 1584 3488 prae
1606 3415 1731 3475 amoris
1752 3417 1979 3480 teneritudine

1182 3508 1405 3584 nuncupabat.
1420 3509 1517 3570 Miles
1532 3511 1642 3572 autem
1658 3512 1791 3588 quidam
1806 3513 1977 3578 virtuosus

1181 3607 1214 3666 et
1232 3621 1348 3674 verax,
1371 3607 1438 3683 qui,
1454 3608 1588 3684 propter
1608 3609 1731 3671 Christi
1747 3625 1893 3674 amorem
1908 3630 1977 3674 sae-

1181 3703 1288 3764 culari
1303 3703 1421 3764 relicta
1444 3705 1575 3778 militia,
1597 3705 1670 3767 viro
1685 3707 1745 3769 Dei
1770 3707 1832 3770 fuit
1854 3727 1978 3786 magna

1181 3801 1410 3862 familiaritate
1431 3804 1639 3878 conjunctus,
1656 3804 1809 3866 dominus
1828 3809 1978 3869 loannes

1181 3899 1222 3960 de
1246 3899 1384 3970 Graecia,
1410 3915 1446 3960 se
1472 3901 1598 3961 vidisse
1626 3903 1771 3965 asseruit
1799 3907 1980 3979 puerulum
2054 3889 2055 3922 ³

1181 3995 1354 4074 quemdam
1374 3996 1471 4058 valde
1491 3996 1672 4060 formosum
1685 4000 1719 4060 in
1736 4001 1794 4062 illo
1810 4006 1979 4080 praesepio

1181 4092 1410 4164 dormientem,
1431 4109 1526 4170 quem
1546 4097 1581 4154 B.
1597 4097 1796 4158 Franciscus
1814 4100 1980 4162 ambobus

1182 4191 1396 4266 complexans
1410 4189 1570 4264 brachiis,
1594 4194 1741 4256 excitare
1758 4195 1936 4258 videbatur
1959 4217 1980 4260 a

1182 4301 1318 4347 sommo.
1339 4289 1432 4348 Hanc
1444 4289 1597 4364 equidem
1612 4289 1722 4352 devoti
1738 4293 1854 4354 militis
1870 4295 1981 4356 visio-

1181 4398 1255 4443 nem
1267 4385 1769 4450 nonsolumvidentissanctitas
1781 4391 1979 4453 credibilem

1180 4479 1270 4550 facit,
1297 4481 1353 4540 sed
1377 4481 1410 4542 et
1432 4480 1605 4556 designata
1624 4486 1748 4546 veritas
1768 4488 1978 4563 comprobat.

1180 4579 1213 4638 et
1242 4577 1403 4638 miracula
1432 4577 1608 4641 subsecuta
1642 4583 1851 4645 confirmant.
1888 4587 1980 4646 Nam

1180 4675 1367 4750 exemplum
1392 4676 1562 4736 Francisoi
1577 4679 1822 4742 consideratum
1838 4697 1858 4742 a
1874 4699 1980 4744 mun-

1180 4771 1232 4842 do,
1251 4772 1467 4834 excitativum
1482 4775 1532 4834 est
1544 4774 1693 4838 cordium
1715 4777 1751 4836 in
1768 4777 1833 4839 fide
1849 4781 1981 4843 Christi

1180 4871 1393 4946 torpentium,
1408 4873 1441 4932 et
1455 4870 1578 4932 foenum
1594 4874 1748 4950 praesepii
1767 4882 1978 4941 reservatum

1180 4982 1200 5028 a
1224 4968 1356 5044 populo,
1374 4967 1573 5030 mirabiliter
1596 4973 1782 5033 sanativum
1807 4971 1870 5036 fuit
1890 4975 1979 5037 bru-

1179 5065 1287 5126 torum
1303 5064 1544 5140 languentium,
1561 5068 1594 5129 et
1608 5067 1750 5128 aliarum
1766 5072 1978 5147 repulsivum

1181 5162 1322 5238 pestium
1344 5161 1563 5233 diversarum,
1591 5165 1799 5239 glorificante
1823 5171 1891 5228 Deo
1916 5187 1981 5246 per

1180 5259 1291 5319 omnia
1321 5273 1452 5318 servum
1473 5277 1580 5332 suum,
1598 5264 1980 5340 sanctaeque-orationis

1180 5355 1363 5416 efficaciam
1394 5356 1601 5418 evidentibus
1627 5359 1864 5424 miraculorum
1888 5381 1977 5440 pro-

1180 5452 1278 5527 digiis
1293 5454 1550 5516 demonstrante.
