4204 6402
97 305 162 374 869

94 468 241 533 Domini.
258 469 385 542 Helem,
402 469 458 548 qui
478 471 718 547 interpretatur
743 484 891 542 somnus,

95 565 266 642 significat
290 565 434 642 quietem
461 566 806 642 contemplativorum,
836 564 892 641 qui

95 663 260 724 reclinato
283 661 391 740 capite
412 661 447 722 in
474 663 567 739 petra
589 677 664 723 oum
687 661 790 724 Jacob
810 661 892 722 dor-

96 761 217 833 miunt,
233 777 252 821 a
266 760 423 832 tumultu,
436 760 469 820 et
479 759 705 820 sollicitudine
725 761 895 834 tempora-

95 857 180 920 lium
192 856 405 935 quiescendo.
423 857 532 934 Capiti
553 857 642 917 enim
668 858 794 933 petram
808 871 892 932 sup-

94 970 235 1032 ponere,
249 957 300 1016 est
313 957 456 1016 mentem
472 968 567 1014 suam
586 955 622 1015 in
644 954 775 1016 Christo
790 953 896 1014 collo-

93 1069 189 1115 care.
219 1052 259 1114 nt
284 1052 362 1129 quia
396 1051 492 1112 multi
518 1059 606 1112 nunc
634 1067 694 1128 par
726 1055 895 1127 torporem

96 1151 274 1227 quiescunt
287 1150 322 1210 in
335 1149 502 1220 claustris,
523 1149 652 1210 scilicet
675 1149 710 1210 in
731 1148 894 1226 spiritua-

95 1247 185 1309 libus
200 1247 328 1319 offlciis,
346 1246 432 1308 sicut
453 1245 576 1308 dicitur
592 1246 627 1306 in
638 1244 894 1307 Deuteronomio

96 1345 163 1424 (33,
172 1342 449 1423 20):Benadiotus
462 1343 647 1421 sudumst
664 1343 717 1404 leo
731 1342 896 1420 requievit

94 1442 133 1502 in
156 1441 378 1513 latitudine»
405 1439 535 1503 scilicet
563 1440 725 1502 caritatis.
751 1439 819 1501 Gad
845 1440 896 1500 est

94 1538 300 1610 claustralis,
314 1538 369 1600 vel
381 1537 670 1615 contemplativus
686 1540 719 1600 et
730 1537 897 1613 interpre-

94 1637 187 1700 tatur
203 1637 386 1707 accinctus,
409 1635 526 1700 nonin
541 1637 676 1712 torpore
693 1634 844 1706 accidie,
861 1635 897 1695 ut

93 1749 231 1796 carnem
245 1732 450 1796 blandiendo
465 1732 587 1804 foveat,
602 1733 702 1794 sedin
720 1731 896 1793 latitudine

96 1831 247 1894 caritatis
258 1829 896 1906 accinctusoontradiabolumrequies·

95 1945 176 1992 cens
195 1931 231 1992 ut
252 1928 305 1990 leo
332 1928 459 2004 apertis
482 1927 600 1999 oculis,
625 1926 752 1988 babens
775 1926 898 1987 videli-

96 2029 151 2088 cet
181 2027 315 2103 apertos
342 2025 458 2087 oculos
484 2024 527 2086 ad
556 2027 677 2096 Deum,
707 2026 740 2086 et
763 2025 896 2086 clausos

95 2124 140 2185 ad
161 2123 372 2200 temporalia.
396 2122 512 2184 Helem
539 2124 662 2190 autem,
684 2123 717 2185 et
740 2121 808 2186 alio
834 2135 897 2182 no-

98 2221 189 2283 mine
204 2224 339 2290 Homer,
350 2218 435 2296 quod
452 2219 694 2295 interpretatur
706 2218 896 2294 deprecatio

99 2319 252 2390 Domini;
276 2315 397 2379 debent
426 2317 516 2378 enim
539 2315 788 2394 contemplativi
813 2332 895 2378 ora-

99 2415 183 2479 tioni
202 2429 324 2478 vacare
346 2431 354 2475 :
375 2417 494 2488 idaiae
519 2413 759 2490 interpretatur
783 2413 898 2475 Domi-

101 2515 138 2574 ni
152 2515 262 2584 notus‚
275 2513 308 2574 et
319 2511 486 2588 significat
500 2512 651 2589 pastores
665 2510 823 2576 Ecclesiae
839 2526 898 2588 per

99 2613 236 2688 Moysen
262 2609 480 2686 significatos,
497 2609 551 2670 cui
568 2609 691 2671 dictum
705 2609 757 2671 est
773 2624 793 2670 a
808 2611 894 2669 Deo:

100 2709 219 2771 «Novi
239 2709 273 2770 te
294 2722 338 2768 ex
361 2707 495 2769 nomine
519 2723 538 2766 a
562 2705 682 2786 (Exodi
703 2707 753 2778 33,
774 2705 843 2785 17);
864 2707 898 2768 et

100 2803 197 2868 lsaiae
211 2803 258 2886 (1)
276 2825 283 2866 :
299 2805 470 2866 vocavite
487 2803 534 2883 (2)
550 2820 594 2864 ex
614 2805 761 2878 nomine,
777 2819 896 2866 servus

100 2919 193 2964 meus
207 2918 244 2964 es
256 2901 504 2967 tuIsraelzoum
514 2901 688 2963 transieris
700 2917 760 2978 per
773 2902 894 2977 ignem,

99 2999 233 3061 damma
248 3015 315 3062 non
328 2998 461 3061 nocebit
474 2999 553 3075 tibi3
570 3003 603 3062 et
617 3015 691 3060 cum
703 3015 763 3076 per
779 3015 896 3076 aquas,

100 3098 240 3160 tlumina
264 3113 330 3159 non
356 3097 509 3174 operient
529 3100 615 3158 to.»
640 3096 762 3158 Tobiae
789 3095 896 3158 bonus

100 3195 232 3258 Domini
244 3195 495 3272 interpretatur,
512 3197 545 3258 et
557 3194 723 3272 significat
741 3197 898 3272 conjuga·

98 3295 162 3366 tos,
179 3293 236 3371 qui
257 3293 382 3370 triplici
405 3292 554 3355 bonitate
570 3293 796 3370 resplendent,
818 3290 894 3364 tide,

101 3391 205 3470 prole,
235 3390 455 3460 sacramento,
484 3390 572 3466 quod
600 3392 762 3466 quantum
790 3392 842 3453 est
860 3389 895 3449 in

99 3489 192 3566 ipsis,
208 3487 410 3551 custodiunt
428 3490 518 3548 Hem
532 3487 774 3562 interpretatur
786 3486 896 3562 gratia

99 3586 170 3659 Dei,
187 3587 219 3648 et
233 3585 401 3662 significat
423 3583 590 3661 parvulos,
612 3584 669 3661 qui
690 3583 797 3644 solum
812 3600 895 3658 gra-

97 3685 145 3748 tia
159 3685 219 3746 Dei
243 3683 316 3745 sine
339 3683 456 3744 merito
486 3682 596 3758 operis
618 3682 672 3743 sui
693 3683 897 3742 coronantur

99 3781 223 3844 aeterna
246 3781 423 3854 felicitate3
451 3779 508 3857 qui
534 3778 621 3840 bene
651 3778 808 3839 dicuntur
834 3779 897 3851 (itit

98 3882 288 3954 sorbonae,
315 3879 372 3956 qui
387 3877 627 3954 interpretatur
641 3875 788 3938 visitatio
811 3875 870 3936 Dei
887 3897 893 3936 :

99 3977 170 4038 sola
200 3977 289 4038 enim
308 3975 512 4046 visitatione,
529 3975 562 4036 et
584 3973 814 4034 misericordia
837 3974 896 4034 Dei

99 4073 331 4151 glorificantur
345 4071 487 4151 parvuli.
504 4071 543 4133 nt
558 4071 715 4148 quoniam
730 4069 896 4130 mirabilia

99 4173 151 4234 est
165 4175 253 4232 Deus
271 4171 307 4232 tn
328 4171 459 4232 Sanctis
479 4170 549 4232 suis
563 4167 667 4248 (Psal.
685 4172 738 4242 67,
751 4166 818 4247 36),
833 4183 895 4228 co-

98 4283 191 4331 ronae
205 4281 320 4330 eorum
342 4269 440 4328 erunt
460 4268 565 4344 ipsius
581 4266 652 4338 Dei,
670 4266 773 4342 quiin
786 4265 897 4328 omni·

98 4367 161 4426 bus
194 4363 325 4424 Sanctis
355 4364 565 4439 triumphat3
596 4363 683 4425 unde
718 4364 753 4424 in
779 4362 895 4424 eodem

99 4459 261 4523 Zacharia
283 4457 328 4536 (6,
344 4460 384 4519 10
396 4460 429 4521 et
442 4459 494 4539 11)
512 4482 520 4520 :
543 4463 660 4521 sumes
686 4477 706 4522 a
731 4461 894 4523 transmi-

478 311 586 372 Pnns
617 310 762 372 rarus.
778 339 819 358 -
836 289 1056 371 nnrosmto
1088 310 1131 371 m
1164 307 1367 370 essemus.

1686 307 1747 367 870

947 463 1751 552 veraefideiconl'essionem:dequibussoctesom

947 581 1053 627 rocus
1064 569 1149 629 Jeau
1170 581 1253 628 vero
1263 567 1453 638 Sacerdoti,
1471 564 1526 641 qui
1542 565 1578 624 in
1591 564 1744 625 omnibus

948 663 997 724 eis
1021 663 1216 740 triumphat.
1244 663 1307 724 Sed
1329 662 1370 722 de
1393 666 1486 725 Hem
1508 663 1604 724 nulla
1631 663 1667 724 dt
1693 663 1749 724 lric

948 761 1089 834 mentio;
1110 761 1270 838 quoniam
1292 776 1313 821 e
1335 761 1486 837 parvulis
1509 777 1577 822 non
1604 759 1748 822 sumitur

948 873 1076 920 aarum
1089 857 1306 934 operationis,
1329 873 1391 919 nec
1409 860 1596 934 arpentum
1618 858 1750 920 contes-

949 956 1066 1030 sionis,
1087 955 1165 1033 quia
1191 970 1307 1016 eorum
1330 957 1411 1016 aetas
1433 955 1587 1031 prohibet
1607 977 1615 1016 :
1636 958 1749 1022 talum

950 1054 984 1114 ln
1000 1053 1061 1127 eis,
1074 1053 1160 1114 sicut
1174 1052 1209 1112 in
1221 1050 1343 1113 adultis
1358 1053 1542 1130 triumphat
1556 1054 1655 1114 Deus.

991 1150 1222 1228 Sequitur:Et
1233 1153 1347 1225 campi
1358 1151 1410 1211 tut
1419 1151 1644 1224 replebuntur
1653 1154 1751 1213 uber·

951 1248 1031 1309 tate.
1046 1247 1159 1326 Campi
1175 1247 1342 1322 dicuntur,
1359 1246 1416 1324 qui
1437 1261 1473 1308 se
1497 1246 1644 1310 arabiles
1656 1263 1748 1326 praa·

949 1342 1093 1408 buerunt
1101 1346 1215 1406 aratro
1227 1345 1495 1422 praedicationis3
1513 1347 1620 1408 etnon
1639 1345 1747 1408 solum

950 1441 1041 1516 dicit,
1058 1442 1144 1519 quod
1168 1442 1407 1518 implebuntur,
1424 1443 1483 1506 sed
1507 1442 1747 1520 replebuntur;

951 1540 1046 1618 quasi
1061 1539 1170 1603 dicat:
1187 1539 1398 1602 Plenitudine
1419 1554 1556 1619 operum
1571 1541 1752 1620 replebun-

950 1638 1004 1699 tur
1019 1637 1172 1700 ubertate
1195 1639 1420 1713 praemiorum.
1443 1640 1482 1700 Et
1505 1639 1563 1712 ita,
1578 1642 1749 1716 pinques-

950 1733 1027 1795 cect
1040 1735 1193 1806 specioso
1216 1734 1362 1805 desertt;
1377 1733 1474 1810 quasi
1493 1733 1583 1796 dicat
1598 1757 1605 1794 :
1620 1735 1749 1796 Mentes

950 1829 1074 1893 avitiis
1089 1829 1241 1904 desertae,
1256 1846 1329 1907 quae
1344 1828 1501 1892 dicuntur
1512 1831 1656 1906 deserta,
1673 1848 1748 1908 quae

951 1929 1029 1991 sunt
1042 1942 1203 1990 conversa
1219 1928 1254 1988 in
1269 1927 1432 2004 speciosa,
1449 1928 1484 1988 in
1502 1927 1749 2004 glorificatione

951 2025 1275 2102 pinguescentUnde
1285 2027 1303 2087 J
1306 2026 1356 2088 ool
1369 2025 1413 2106 (2,
1428 2025 1482 2106 22)
1492 2027 1747 2089 :atterminave-

951 2123 1030 2184 runt
1054 2121 1206 2198 speciosa
1233 2122 1367 2197 deserti,
1383 2123 1462 2199 quia
1482 2123 1609 2198 lignum
1635 2125 1749 2188 attulit

951 2219 1227 2292 iruatrumsuum,
1236 2219 1330 2293 dous,
1342 2223 1377 2282 et
1391 2220 1490 2282 vinea
1503 2220 1666 2283 dederunt
1676 2222 1748 2282 vir·

950 2317 1054 2378 tutam
1084 2329 1190 2388 susm,
1214 2315 1344 2378 scilicet
1360 2316 1507 2378 trucium
1528 2316 1745 2380 beatitudinis

951 2416 1096 2476 aeternae.
1113 2414 1251 2476 Deserta
1264 2425 1428 2476 conversa
1443 2420 1521 2477 sunt
1537 2416 1571 2477 in
1583 2417 1746 2492 speciosa,

951 2513 1029 2589 quia
1039 2511 1166 2588 lignum
1176 2511 1285 2573 crucia
1296 2512 1407 2574 attulit
1416 2513 1561 2576 fructum
1572 2529 1680 2574 suum.
1697 2515 1750 2575 Fi·

952 2607 1750 2684 cusdnlcedinisgratiae‚etvinea,idostDcclesia

951 2721 1030 2768 suos
1049 2705 1220 2770 inebrians
1239 2706 1317 2768 vino
1338 2706 1476 2784 eloqu-ii,
1495 2707 1661 2770 dedorunt
1679 2709 1751 2770 vir-

951 2804 1066 2878 tutem,
1086 2819 1151 2880 qua
1170 2802 1324 2866 affectum
1345 2806 1593 2883 consequuntur
1614 2806 1651 2866 in
1670 2806 1752 2866 sub-

952 2901 1047 2962 sidiis
1060 2902 1095 2964 in
1114 2901 1283 2979 praesenti,
1304 2900 1361 2964 eed
1376 2902 1585 2977 postmodum
1609 2903 1748 2965 uberta-

950 3001 1018 3061 tcm
1049 3001 1297 3076 consequentur
1329 2999 1364 3062 in
1394 3000 1525 3076 luturo;
1553 3002 1632 3062 tunc
1659 3003 1750 3063 enim

952 3097 1245 3173 pinguescent-boo
1260 3095 1381 3174 fructu,
1397 3113 1472 3159 cum
1494 3099 1619 3161 aeterna
1638 3098 1751 3162 beati·

951 3194 1066 3258 tudine
1082 3194 1306 3272 perfruentur.

991 3292 1031 3354 nt
1050 3294 1130 3354 tuna
1151 3291 1364 3358 cernuam
1386 3298 1485 3356 codes
1507 3295 1745 3370 coniterentur.

951 3391 1016 3452 Per
1028 3388 1131 3452 colles
1142 3388 1361 3465 designantur
1379 3390 1696 3468 praedicatoresque
1710 3393 1746 3454 in

951 3502 987 3550 se
1023 3485 1178 3558 humiles,
1213 3502 1234 3550 a
1268 3487 1336 3548 Deo
1358 3487 1499 3549 exaltati
1527 3490 1748 3564 accinguntur

949 3582 1175 3658 exultationer
1192 3583 1280 3648 undo
1289 3581 1393 3662 (Peal.
1406 3586 1475 3656 149,
1490 3587 1557 3647 det
1565 3584 1599 3662 7)
1615 3586 1749 3647 :atila-

951 3680 998 3742 dii
1011 3679 1175 3756 ancipites
1198 3679 1234 3742 in
1248 3680 1401 3742 manibus
1416 3697 1543 3755 eorum,
1560 3683 1601 3742 ad
1616 3683 1748 3744 iamen-

951 3777 1027 3838 dam
1042 3776 1234 3848 demeum.
1249 3793 1270 3838 a
1283 3775 1318 3840 in
1343 3777 1397 3840 dia
1413 3778 1534 3854 judicii
1549 3795 1568 3840 s
1583 3780 1618 3840 in
1634 3779 1747 3842 natio·

952 3874 1062 3938 nibus.
1085 3892 1104 3934 »
1133 3874 1290 3950 Sequitur
1312 3894 1320 3936 r
1343 3891 1362 3934 s
1389 3875 1498 3937 Indutl
1523 3879 1601 3940 eunt
1623 3879 1748 3940 arietes

952 3973 1080 4048 ovium3
1097 3990 1116 4033 a
1131 3987 1192 4050 per
1206 3987 1289 4049 quos
1315 3971 1551 4050 predicatores
1566 3975 1750 4051 designan-

950 4072 1015 4132 tur.
1033 4071 1077 4134 Ut
1095 4071 1252 4134 notentur
1267 4069 1368 4132 duces
1390 4071 1503 4133 ovium
1525 4074 1667 4148 Domini,
1689 4075 1748 4136 in-

951 4168 1094 4231 duentur
1107 4169 1214 4239 vaste,
1241 4167 1370 4232 scilicet
1393 4169 1555 4246 nuptiali;
1570 4172 1657 4232 unde
1676 4175 1746 4234 Da·-

951 4265 1050 4328 nielis
1076 4263 1142 4345 (12,
1166 4263 1223 4344 3):
1240 4281 1258 4326 s
1277 4265 1339 4338 Qui
1362 4265 1450 4328 docti
1469 4267 1605 4340 suerint,
1634 4269 1748 4347 fulge-

950 4363 1032 4426 bunt
1047 4361 1094 4442 (4)
1111 4365 1271 4440 tanquam
1290 4361 1546 4436 firmamentum,
1562 4366 1596 4430 at
1609 4369 1666 4444 qui
1681 4369 1746 4430 do-

951 4460 1093 4532 cuerint,
1105 4462 1205 4523 erunt
1222 4459 1318 4537 quasi
1333 4461 1438 4523 stellae
1453 4461 1488 4523 in
1506 4466 1745 4539 perpetuum.»

99 4557 253 4637 gratiane
271 4554 313 4616 ab
336 4555 469 4627 Holdai,
482 4556 584 4633 idaja,
599 4557 633 4618 et
646 4556 749 4618 'lobia
764 4573 893 4628 aurum,
952 4557 1108 4635 Sequitur
1133 4574 1141 4618 :
1170 4561 1278 4620 Vadas
1310 4560 1530 4620 adtendebant
1556 4563 1744 4634 frumento.

99 4658 133 4718 et
158 4653 360 4730 argentum:
382 4652 530 4714 atracias
554 4667 707 4726 coronas,
723 4668 805 4729 quas
826 4653 894 4714 im·
950 4659 1016 4718 Per
1029 4654 1134 4720 valles
1155 4655 1373 4730 designantur
1393 4655 1552 4731 virgines,
1576 4659 1655 4735 quia
1670 4661 1744 4722 vir-

100 4767 203 4831 pones
229 4749 331 4828 capiti
352 4747 400 4828 (3)
426 4751 507 4812 Jesu
533 4748 595 4810 dlii
620 4749 759 4812 Josodec
783 4750 895 4825 magni
950 4751 1089 4831 ginitas,
1115 4751 1201 4814 sicut
1227 4751 1300 4816 lilia
1323 4751 1540 4826 convallium,
1563 4757 1684 4820 crescit
1708 4760 1744 4821 in

101 4847 300 4912 Sacerdotis.
316 4846 365 4910 Ab
380 4847 434 4908 bis
450 4847 607 4910 videlicet
624 4839 895 4923 contemplativis
950 4849 1148 4912 bumilitate.
1164 4847 1388 4910 abundabunt
1401 4847 1578 4927 frumento,
1593 4853 1672 4918 licet
1688 4857 1744 4919 bic

98 4945 415 5022 transmigrantibus
436 4945 478 5006 de
503 4945 595 5007 vitiis
620 4944 661 5006 ad
686 4945 838 5014 virtutes,
862 4944 899 5014 et¹
950 4949 1018 5010 sint
1039 4946 1250 5010 infructuosi.
1283 4949 1430 5008 dranum
1457 4947 1624 5026 uidelicet,
1655 4955 1741 5031 quod

99 5045 260 5124 praelatis,
279 5044 312 5106 et
327 5043 642 5121 conjugatiseumes
655 5056 795 5114 aarum,
810 5041 895 5104 idest
949 5043 1071 5107 cadens
1111 5043 1146 5103 in
1179 5045 1270 5106 terra
1307 5044 1473 5106 mortuum
1507 5049 1575 5122 est,
1602 5051 1742 5116 multum

101 5157 202 5218 opera
224 5139 375 5204 caritatis
396 5140 523 5216 ignitae,
536 5141 571 5204 et
593 5139 790 5218 arpentum,
810 5137 895 5201 idest
948 5141 1091 5205 fructum
1105 5137 1214 5204 affert.
1231 5140 1292 5202 Vel
1310 5140 1416 5204 valles
1435 5141 1654 5211 abundabunt
1666 5150 1742 5212 iru-

139 5351 181 5424 (il
197 5351 280 5410 lsaioe
294 5352 339 5420 aa,
357 5354 370 5409 l
386 5358 416 5410 et
433 5352 460 5410 Ξ.

137 5425 180 5496 (2)
194 5424 280 5506 vulg,
296 5424 404 5483 Vocavi
423 5432 452 5482 te
470 5424 586 5482 nomine
609 5431 659 5482 tuo
678 5440 685 5482 :
710 5436 838 5482 meuses
853 5429 892 5480 tu.

984 5355 1013 5426 (3
1039 5354 1125 5426 vulg.
1139 5370 1147 5411 z
1160 5359 1189 5410 et
1199 5367 1289 5425 pones
1300 5353 1328 5410 in
1341 5355 1444 5426 capite.

984 5427 1013 5498 (t
1038 5423 1389 5508 Vutg.:lulgebuntquasi
1401 5427 1536 5498 splendor
1551 5429 1737 5493 firmamenti:

100 5497 172 5555 Cum
194 5494 341 5577 transieris
357 5509 407 5567 per
427 5509 525 5566 aquas,
546 5503 640 5552 tecum
659 5510 720 5563 ero,
736 5502 764 5552 et
776 5494 893 5551 tluminu
948 5496 1038 5568 etqui
1053 5496 1089 5553 ad
1112 5496 1249 5568 justitiam
1272 5495 1405 5554 erudiunt
1426 5500 1540 5570 multos,
1556 5503 1637 5575 qnasi
1651 5507 1740 5566 stellas

101 5582 160 5624 nou
182 5571 312 5637 operient
330 5571 358 5622 te
374 5582 381 5622 :
399 5579 465 5621 cunr
487 5564 678 5622 ambulaveris
697 5566 727 5621 ln
743 5566 822 5638 igne,
837 5579 893 5621 non
948 5567 976 5623 in
993 5572 1145 5640 perpetuas
1159 5565 1341 5627 aeternitates.

102 5635 294 5725 continearis,
303 5641 331 5691 et
345 5635 458 5692 damma
471 5649 528 5692 non
544 5635 689 5694 ardebitis
701 5644 738 5694 te.
