4204 6402
356 245 418 305 815
781 250 813 306 S.
842 245 1016 306 nNt'on'll
1044 243 1230 304 PADUANI
1259 243 1397 302 OPERA
1425 243 1573 302 OMNIA.
1922 247 1968 306 alo

359 421 463 482 aquas
480 405 580 476 Silue,
595 409 628 467 et
649 405 740 476 lavit,
753 406 786 465 θῖ
796 403 888 463 vidit.
907 406 971 463 Per
987 403 1049 464 boc
1064 401 1148 478 quod
1205 398 1305 462 votio.
1321 401 1497 476 inungitur
1509 401 1619 460 autem
1632 400 1749 460 oculus
1763 400 1849 474 telle,
1859 405 1967 478 quando

357 503 517 562 Dominus
532 503 635 563 lutum
649 502 760 577 posuit
774 517 875 576 super
898 501 1023 570 oculos,
1041 499 1150 573 signi·
1205 497 1303 556 bomo
1327 497 1503 556 instruitur
1518 497 1558 556 ed
1581 497 1842 570 cognoscendam
1867 499 1968 560 diaboli

357 598 486 667 ficetur,
502 597 588 672 quod
610 611 704 656 amor
718 599 925 656 terrenorum
946 597 996 654 θεῖ
1019 594 1150 654 caecitas
1205 595 1377 660 malitiam,
1393 594 1427 653 et
1449 593 1555 652 modis
1583 593 1736 653 omuibus
1759 595 1890 670 expellit
1905 598 1966 656 ina·

356 694 539 754 oculorum.
556 693 645 754 Siloa
662 693 748 752 enim
764 693 1002 767 interpretatur
1016 691 1149 750 missus.
1206 707 1279 750 nem
1302 691 1464 766 gloriam;
1487 693 1519 750 et
1545 690 1748 762 membrana,
1767 707 1837 768 quae
1849 694 1969 756 caecahat

355 794 458 866 Aquae
472 791 561 850 Siloa
584 794 661 850 sunt
676 806 770 866 aquae
786 789 977 864 scripturae,
997 803 1069 864 quae
1085 803 1149 846 no·
1205 789 1336 848 oculum
1351 788 1483 858 mentia,
1497 787 1597 849 cadit.

356 887 407 947 bis
437 887 629 958 mittuntur,
663 888 872 959 nunciantes
910 885 1006 962 quod.
1035 901 1053 944 e
1078 885 1150 944 Nisi
1245 889 1484 960 Deusargode
1501 887 1777 960 eoetoprospeet't
1790 890 1968 960 mapertlltot

356 985 430 1060 quis
446 983 493 1062 (1)
505 985 754 1045 renunciaverit
769 983 933 1053 omnibus,
950 997 1023 1059 quae
1038 983 1149 1057 possi·
1205 987 1393 1054 lietaldum,
1410 983 1446 1042 ut
1459 984 1585 1054 videat,
1600 986 1633 1042 st
1644 983 1696 1042 est
1715 984 1905 1058 tittelttpeaa,
1922 988 1968 1045 out
2034 967 2035 1012 3

355 1083 420 1154 det,
434 1099 499 1143 non
513 1084 620 1159 potest
636 1099 729 1142 meus
740 1097 813 1141 esse
829 1081 1012 1156 discipulus
1024 1099 1041 1139 ε
1055 1079 1148 1157 (Luc.
1205 1083 1389 1151 requirens
1404 1083 1524 1142 Deum.
1540 1078 1704 1140 Debemus
1719 1081 1821 1140 Deum
1832 1097 1966 1156 querere,
2034 1115 2035 1146 ³

355 1182 404 1244 tt.
420 1179 486 1257 35).
515 1181 554 1240 ut
579 1180 628 1240 sio
652 1180 747 1240 eritis
767 1179 921 1254 discipuli
947 1177 1090 1247 Domini,
1119 1177 1152 1237 θῖ
1206 1175 1292 1236 sicut
1319 1176 1400 1237 dicit
1434 1177 1599 1252 Propheta
1626 1199 1633 1235 :
1659 1180 1804 1236 «Deum
1830 1179 1968 1254 exquisivi

356 1277 404 1336 sic
430 1277 534 1338 lavati
563 1277 597 1335 in
620 1276 721 1346 Siloe,
745 1274 787 1336 ab
809 1275 981 1335 oculorum
1000 1275 1149 1334 caecitate
1206 1272 1359 1332 inanibus
1370 1272 1474 1350 (Psal.
1486 1276 1536 1344 76,
1550 1273 1602 1351 3);
1616 1273 1703 1334 idest
1715 1274 1873 1350 operibus.
1887 1278 1967 1335 Deum

355 1375 450 1435 eritis
483 1375 602 1434 curati.
640 1376 719 1434 Item
768 1375 913 1432 caecatur
949 1372 1059 1444 home,
1094 1371 1149 1446 qui
1206 1371 1434 1446 exquiramus
1462 1373 1499 1432 ut
1529 1371 1609 1431 dicit
1640 1376 1741 1432 Amos
1767 1371 1966 1448 (5,‹let5):

355 1487 511 1548 squamas
522 1471 665 1531 hebetia
678 1471 786 1542 oculo,
800 1470 1018 1530 sicutPaulus
1028 1469 1151 1544 legitur
1206 1468 1355 1532 euerue
1376 1483 1443 1540 me,
1467 1469 1501 1528 et
1524 1471 1710 1529 itteeitietts
1736 1468 1794 1547 (2),
1829 1471 1859 1530 et
1888 1472 1967 1530 tactile

354 1569 523 1628 habuisse.
542 1572 693 1644 Squamre
719 1570 797 1628 sunt
818 1569 982 1643 serpentis
1000 1587 1007 1624 r
1025 1569 1062 1626 ln
1078 1581 1151 1626 ser·
1204 1579 1364 1636 querere
1379 1569 1414 1625 ia
1436 1567 1564 1636 Betbct,
1585 1569 1619 1626 et
1639 1570 1676 1626 itt
1703 1570 1871 1642 Galqolm
1888 1569 1967 1626 itoltte

355 1668 454 1744 pente
468 1667 644 1742 sapientia.
658 1670 801 1742 Squama
813 1667 848 1725 in
859 1665 955 1727 oculo
971 1666 1021 1725 est
1037 1663 1152 1725 existi·
1205 1664 1353 1730 bttrore,
1370 1663 1403 1724 et
1427 1666 1461 1722 t'tt
1478 1667 1649 1724 Bersabee
1666 1677 1734 1724 aon
1749 1665 1908 1724 intrabitis
1920 1663 1965 1742 (3).

353 1765 455 1824 matio
467 1764 1017 1839 sapientiaeiuoculomerttis‚quae
1029 1763 1149 1824 mentis
1205 1759 1349 1828 Quaerite
1361 1775 1412 1819 me
1424 1759 1509 1820 bene
1528 1761 1682 1831 vivendo,
1700 1761 1866 1832 credendo,
1881 1777 1967 1836 perse
2034 1777 2035 1780 ¹

353 1861 558 1922 intellectum
571 1862 837 1934 excecat3unde
848 1860 1024 1936 Apostolus
1038 1860 1147 1938 (Hom.
1205 1857 1369 1930 verand03
1387 1859 1420 1918 et
1440 1858 1618 1919 invenietis
1640 1859 1726 1919 bene
1752 1858 1915 1934 operando.
1939 1859 1968 1918 Et

355 1958 453 2036 122)
478 1976 520 2018 t«
540 1959 692 2018 llicentes
708 1975 744 2018 se
760 1975 833 2018 esse
857 1959 1034 2034 sapientes,
1057 1957 1149 2018 stulti
1205 1970 1270 2014 non
1286 1955 1320 2014 in
1336 1955 1462 2029 Bethei,
1477 1973 1550 2032 quae
1572 1957 1639 2016 alio
1667 1957 1799 2016 nomine
1824 1955 1966 2016 dicebatur

354 2057 432 2115 lacti
449 2056 536 2115 sunt.
553 2073 571 2114 ε
588 2057 650 2126 Qui
679 2057 767 2115 euim
797 2056 867 2115 vult
896 2056 1083 2131 pertingere
1107 2055 1147 2114 ad
1204 2050 1371 2112 bethaven
1381 2051 1440 2130 (l),
1457 2069 1530 2128 quae
1546 2054 1786 2129 interpretatur
1798 2054 1902 2114 domus
1914 2054 1966 2112 ide

354 2153 553 2228 sapientiam
569 2169 690 2222 veram,
704 2170 777 2228 quae
791 2153 941 2213 Christus
958 2157 1018 2223 est,
1044 2168 1148 2228 opor·
1204 2151 1328 2224 lorum;
1345 2150 1407 2211 hoc
1421 2154 1471 2211 est
1487 2173 1495 2210 :
1513 2151 1623 2212 Nolite
1644 2167 1793 2228 quaerere
1807 2152 1964 2218 avaritiam,

353 2253 411 2320 tet,
428 2250 512 2326 quod
530 2251 675 2324 seipsum
692 2251 826 2310 stultum
839 2251 1039 2324 arbitretur3
1055 2253 1087 2311 et
1100 2253 1148 2310 sic
1204 2263 1277 2324 quae
1292 2251 1342 2309 est
1358 2249 1501 2309 servitus
1516 2249 1701 2322 idolorum;
1718 2251 1750 2310 et
1762 2251 1795 2309 in
1812 2250 1963 2324 balgalan,
2034 2301 2035 2304 ,

353 2349 471 2408 cadent
487 2363 633 2424 squamae
649 2347 690 2408 ab
703 2349 800 2408 oculo
815 2349 947 2408 mentis.
977 2351 1056 2408 Item
1078 2363 1146 2408 cae·
1203 2361 1276 2421 quae
1293 2345 1532 2421 iuterpretatur
1546 2347 1770 2420 volutabrum,
1783 2347 1861 2406 idest
1872 2347 1902 2405 in
1915 2361 1964 2405 vo·
2034 2331 2035 2346 ἶ

352 2449 448 2507 catur
460 2446 576 2506 oculus
592 2447 668 2519 igue
684 2445 837 2514 luxurie,
855 2446 1001 2510 invidiae,
1017 2447 1049 2505 et
1062 2461 1147 2505 ava·
1204 2441 1347 2512 lutebr0‚
1364 2445 1397 2505 et
1409 2443 1478 2504 luto
1494 2443 1636 2504 luxuriae
1653 2445 1756 2506 nolite
1777 2443 1963 2514 commorari3

352 2543 460 2616 ritiae;
476 2543 563 2602 unde
578 2565 584 2602 :
601 2545 833 2616 supercecidit
848 2547 948 2618 tertie,
966 2546 999 2603 et
1013 2559 1081 2602 nort
1096 2541 1149 2602 ei·
1202 2555 1264 2599 uec
1280 2542 1314 2600 in
1330 2541 1505 2612 Bersabee,
1528 2558 1602 2620 quae
1626 2543 1858 2620 interpretatur
1871 2544 1964 2618 puteus

303 2703 306 2709 ,
352 2641 478 2701 derunt
499 2647 605 2701 solem
634 2639 737 2716 (Psal.
763 2644 812 2710 57,
834 2641 879 2717 9).
907 2643 1147 2700 ltemcaeratus
1203 2639 1378 2709 satietatis,
1405 2640 1438 2698 in
1464 2655 1530 2716 quo
1560 2642 1697 2701 notatur
1728 2642 1887 2716 gulositas
1910 2639 1964 2697 sive

351 2741 403 2799 est
416 2736 536 2797 Tobiae
559 2737 762 2798 stercoribus
784 2737 985 2808 hirundinis,
1004 2739 1149 2798 cadenti·
1203 2735 1406 2798 abundantia
1421 2738 1625 2813 temporalis.
1642 2739 1707 2810 Qui
1720 2739 1771 2798 his
1785 2735 1963 2814 compedibus

351 2831 413 2894 bus
433 2835 468 2894 iu
484 2835 599 2894 oculos
615 2851 692 2894 sitos
709 2851 751 2894 ex
772 2835 849 2894 nido
866 2835 1093 2894 birundinum.
1110 2837 1147 2895 In
1203 2835 1253 2892 est
1265 2833 1481 2908 compeditus
1499 2835 1541 2894 de
1566 2836 1658 2895 facili
1686 2853 1752 2896 uon
1776 2837 1873 2912 potest
1895 2833 1963 2894 viam

351 2933 441 3000 nido,
459 2931 558 2994 elatio
577 2953 583 2990 :
601 2935 637 2992 tu
653 2931 843 3002 hirundine,
860 2932 978 2993 levitas
992 2933 1148 3006 designa·
1203 2931 1302 3006 hujus
1316 2930 1429 2990 saeculi
1446 2933 1601 2993 transire.
1625 2934 1806 2994 Ezechielis
1828 2931 1883 3011 (16,
1895 2929 1937 3007 19)
1956 2951 1962 2986 :

350 3033 415 3091 tur.
438 3031 592 3090 Stercore
607 3045 649 3090 ex
666 3029 743 3090 nido
760 3030 949 3089 hirundinis
965 3031 1148 3106 proceden-
1202 3031 1314 3087 «Haec
1337 3027 1401 3088 luit
1424 3029 1584 3106 iniquitas
1607 3031 1759 3092 Sodomae
1779 3029 1961 3096 sororistuae,

351 3127 398 3189 tia
427 3131 504 3188 sunt
525 3128 692 3200 elationis,
722 3129 755 3188 et
788 3128 947 3188 vanitatis
975 3127 1147 3188 saecularis
1203 3127 1373 3196 saturitas
1389 3126 1593 3188 abundantia
1614 3130 1725 3204 panis,
1754 3131 1787 3191 et
1811 3128 1901 3188 otium
1924 3125 1964 3199 ip-

353 3225 584 3296 immunditiae,
610 3225 730 3299 quibus
755 3239 847 3284 mens
871 3224 1014 3284 hominis
1038 3241 1148 3284 excae·
1202 3224 1283 3294 sins,
1298 3224 1331 3285 et
1346 3223 1489 3284 tiliarum
1505 3228 1578 3300 ejus
1596 3247 1603 3284 ε
1619 3227 1652 3286 at
1678 3243 1807 3286 manum
1827 3239 1926 3300 egeno,
1940 3221 1963 3280 ct

351 3323 456 3382 catur.
481 3323 526 3381 De
551 3323 726 3382 sanatione
749 3323 858 3381 autem
874 3321 984 3380 Tobiae
1013 3321 1144 3396 legitur,
1203 3321 1340 3396 pauperi
1354 3337 1418 3381 non
1432 3322 1687 3397 porrigebant.»
1703 3327 1797 3394 Nota,
1810 3322 1885 3399 quod
1898 3317 1963 3379 dici-

352 3417 540 3494 quodfllius
565 3421 637 3492 ejus
659 3419 793 3479 inunxit
821 3417 935 3478 oculos
965 3433 1043 3478 suos
1072 3419 1147 3478 selle
1203 3420 1257 3476 tur
1281 3421 1367 3478 Deus
1395 3419 1574 3495 respicere,
1601 3421 1630 3480 si
1648 3423 1701 3483 est
1727 3422 1909 3496 intelligens,
1921 3417 1963 3476 aut

351 3517 464 3593 piscis,
482 3518 514 3575 et
527 3516 631 3576 exivit
653 3516 747 3593 quasi
764 3514 990 3576 membranum
1011 3516 1051 3575 de
1067 3533 1149 3576 ocu·
1202 3516 1377 3591 requirens
1393 3519 1513 3590 Derim,
1544 3518 1639 3594 quasi
1663 3521 1693 3580 si
1714 3521 1757 3580 sit
1783 3517 1901 3594 aliquis,
1920 3511 1962 3589 qui

276 3618 283 3631 “
351 3613 394 3674 11ε
409 3615 490 3674 suis.
508 3613 712 3684 Membrana,
729 3614 800 3674 sive
814 3613 945 3674 cincina
961 3616 1011 3674 est
1023 3614 1149 3674 candor
1203 3613 1314 3690 aliqua
1328 3615 1598 3690 compensatione
1608 3617 1691 3678 velit
1701 3618 1862 3693 requirere
1875 3611 1963 3674 Domi·

351 3711 466 3786 gloriae
483 3712 667 3772 saecularis.
695 3713 728 3773 Si
756 3712 830 3788 quis
855 3712 954 3774 habet
978 3712 1146 3773 membra·
1203 3727 1292 3770 num.
1317 3712 1483 3771 Habemus
1507 3713 1607 3773 etiam
1635 3715 1672 3774 in
1701 3715 1826 3775 Psalmo
1851 3707 1960 3790 (26,8):

352 3825 441 3880 uam,
457 3809 598 3870 tractum
612 3811 661 3870 est
677 3827 786 3882 ovum,
804 3811 925 3870 etcum
942 3809 1081 3873 tractum
1097 3813 1149 3871 est
1204 3825 1220 3867 e
1237 3809 1425 3884 Exquisivit
1447 3810 1480 3870 te
1505 3810 1607 3871 facies
1635 3827 1709 3873 mea
1726 3835 1734 3872 :
1750 3813 1859 3874 taciem
1881 3811 1960 3874 tuam,

352 3923 462 3981 ovum,
486 3923 551 3968 non
574 3911 724 3972 remanet
747 3924 822 3986 spes
851 3909 1020 3982 animalis;
1045 3909 1147 3984 etqui
1203 3907 1352 3974 Domine,
1383 3907 1563 3983 requiram.
1594 3908 1669 3968 Alia
1705 3909 1869 3971 translatio
1894 3902 1931 3982 (5)
1955 3915 1960 3958 :

355 4005 471 4078 qloriae
487 4003 648 4064 secularis
665 4003 841 4064 candorem
853 4006 987 4080 appetit,
1005 4008 1149 4065 caecatur
1204 4005 1348 4074 Quaesivi
1364 4005 1491 4064 vultum
1507 4007 1611 4077 tuum,
1629 4009 1777 4068 Domine.
1794 4005 1898 4066 vultos
1913 4005 1962 4060 Do

354 4105 426 4177 ejus
442 4101 570 4173 oculus,
587 4117 647 4161 nec
670 4117 760 4177 spero
777 4100 877 4162 habet
893 4104 1025 4163 aeternae
1046 4102 1148 4163 felici·
1203 4102 1284 4162 intui
1301 4101 1362 4164 tuit
1375 4103 1485 4164 vultus
1500 4106 1716 4179 paupertatis,
1738 4099 1923 4168 humilitatis,
1939 4095 1962 4154 et

354 4200 434 4258 tatis
451 4198 591 4273 proelio
606 4197 694 4258 bono
709 4214 808 4274 opere
825 4215 896 4259 suo.
915 4201 1005 4270 Quod
1021 4201 1049 4259 si
1065 4201 1148 4260 velis
1203 4200 1388 4261 tuter-antae
1405 4201 1607 4277 passionum.
1621 4202 1708 4264 Dicit
1722 4219 1798 4278 ergo
1807 4195 1960 4274 Propheta:

353 4295 479 4365 sanari,
496 4296 664 4368 ungantur
677 4295 765 4356 oculi
781 4295 857 4355 selle
871 4297 983 4372 piscis.
1000 4300 1035 4356 lu
1058 4299 1147 4374 pisce
1203 4299 1358 4370 Quaesivi,
1384 4300 1420 4359 ut
1443 4299 1552 4361 vultus
1577 4301 1653 4360 tuus
1683 4301 1862 4375 signaretur
1884 4303 1963 4368 supet

352 4391 803 4468 significaturdiabolus21n
821 4393 897 4454 selle
919 4395 1020 4470 piscis
1045 4395 1146 4454 mali·
1203 4411 1265 4465 me,
1297 4397 1332 4456 ut
1359 4395 1462 4456 facies
1491 4412 1565 4457 moa
1602 4398 1857 4459 conformaretur
1886 4386 1960 4450 laciei

351 4493 398 4552 tia
414 4489 549 4550 diaboli.
565 4489 623 4550 Fel
639 4489 831 4566 frequenter
846 4492 1006 4552 mentitur
1023 4507 1058 4551 se
1074 4507 1146 4552 esse
1202 4494 1285 4565 tuae;
1303 4493 1365 4554 hoc
1393 4495 1453 4564 est,
1471 4494 1505 4554 in
1525 4497 1730 4571 paupertate,
1747 4497 1779 4557 et
1794 4487 1958 4554 humilitate,

230 4651 235 4668 ,
350 4589 432 4662 rnel;
458 4591 490 4652 et
516 4589 562 4650 ita
593 4587 783 4666 frequenter
805 4588 936 4651 subtilis
958 4591 1009 4650 est
1036 4590 1147 4652 inanis
1203 4591 1235 4650 et
1250 4590 1442 4666 hujusmodi
1457 4590 1548 4651 volui
1563 4592 1597 4651 iu
1614 4593 1769 4668 praesenti
1779 4591 1835 4653 tibi
1851 4584 1958 4648 corior-

350 4688 470 4762 qloria
496 4689 529 4748 et
562 4701 621 4762 per
651 4688 827 4760 augustum
852 4686 1002 4748 toramen
1032 4687 1145 4749 intrat.
1203 4689 1299 4758 inari,
1323 4690 1356 4748 et
1385 4689 1458 4748 ideo
1492 4690 1637 4766 requiro,
1664 4693 1700 4752 ut
1725 4690 1838 4750 reddas
1859 4683 1957 4744 vultum

349 4787 434 4846 Nam
449 4783 754 4861 quandoquehomo
766 4784 896 4844 videtur
911 4784 951 4843 de
963 4783 1060 4844 honis
1073 4801 1148 4861 ope·
1203 4801 1262 4862 pro
1277 4785 1380 4856 vultu,
1398 4786 1484 4848 idest
1506 4788 1631 4847 vultum
1657 4783 1893 4864 glorificationis
1915 4790 1957 4853 prb

350 4883 443 4944 ribus
458 4885 527 4942 Deo
538 4882 665 4956 gratias
682 4897 793 4956 agere,
812 4885 844 4941 et
867 4881 987 4942 mentis
1007 4883 1149 4943 incurrit
1202 4882 1295 4943 vultu
1311 4885 1529 4959 paupertatis,
1543 4885 1575 4945 et
1587 4883 1869 4946 humilitatisscio
1880 4875 1956 4938 euim.

350 4980 528 5040 elationem
544 4979 677 5039 diabolo
693 4979 911 5054 procurante3
930 4979 962 5038 et
990 4979 1036 5039 ita
1059 4979 1146 5039 sellis
1202 4980 1287 5056 quod
1325 4980 1364 5040 de
1393 4984 1426 5041 te
1451 4982 1596 5042 dicitur:
1622 4999 1641 5042 <t
1665 4981 1882 5043 illiserationes
1904 4973 1957 5046 ejus

351 5080 402 5138 est
417 5075 564 5149 infectio,
587 5093 660 5152 quae
676 5075 824 5138 creditur
845 5091 918 5136 esse
941 5077 1061 5136 inentis
1084 5078 1146 5138 de·
1202 5079 1422 5154 superomnia
1434 5094 1535 5155 opera
1549 5082 1621 5156 ejus
1635 5078 1738 5159 (Psal.
1756 5081 1818 5146 114,
1831 5074 1860 5153 9)
1876 5093 1881 5132 :
1895 5071 1957 5129 Hes·

385 5217 424 5286 (1)
441 5215 526 5287 Vulg.
540 5233 547 5272 :
563 5216 615 5284 Qui
632 5231 698 5272 non.
1202 5216 1238 5273 ilii
1255 5216 1290 5274 ab
1304 5217 1456 5274 Jeroboam
1478 5217 1536 5276 tilio
1554 5218 1645 5278 Nubat
1665 5219 1743 5276 vituli
1766 5215 1838 5274 aurei
1857 5209 1957 5266 fabricati

385 5289 425 5357 (1)
438 5287 522 5358 Vulg.
540 5302 546 5340 :
564 5288 675 5342 vivetis.
1201 5297 1276 5355 suut,
1293 5295 1322 5343 et
1337 5302 1351 5344 a
1370 5287 1469 5344 decern
1485 5289 1614 5346 tribubus
1635 5289 1753 5356 adorati,
1779 5291 1895 5343 vocatum
1908 5287 1956 5332 cast

384 5359 425 5424 (3)
443 5359 527 5428 vulg.
544 5373 550 5412 :
568 5357 732 5413 transibitis.
1201 5358 1357 5425 Bethaven,
1374 5357 1447 5415 idest
1459 5359 1576 5417 domum
1592 5360 1668 5428 idoli,
1684 5375 1747 5432 quae
1761 5348 1957 5416 antevocabattb

384 5431 422 5502 (t)
444 5427 595 5485 Dicebatur
615 5427 770 5484 Hetltaven.
785 5427 812 5484 S.
831 5428 1021 5500 Hieronymus
1035 5427 1070 5484 de
1091 5430 1144 5486 Lo·
1201 5429 1303 5486 domus
1318 5431 1404 5486 Dei.-

350 5503 392 5558 cis
409 5498 558 5558 Hebraicis
573 5497 630 5552 ait:
647 5519 657 5546 ι
674 5498 961 5571 Hethuveuoppidutu
976 5499 1086 5556 Hebraei
1099 5514 1147 5571 pu·
1238 5499 1279 5570 (5)
1294 5501 1390 5558 Graeca
1407 5501 1493 5559 LXX.

350 5581 409 5632 taut
425 5568 556 5629 enindern
568 5583 632 5624 esse
644 5567 739 5624 Hethel
754 5584 761 5623 :
777 5567 827 5624 sed
838 5584 871 5626 ex
891 5585 926 5628 eo
941 5578 1147 5644 torporeque
