4152 6388
308 319 370 380 aot

307 475 444 541 traditio
468 479 528 548 est,
545 479 579 541 et
599 476 784 538 communis
799 491 981 538 consensus
1001 474 1102 536 cada-

308 591 368 638 ver
393 577 539 636 erectum
564 574 599 634 in
623 575 736 650 pedes,
754 573 931 649 integrum,
946 574 1099 642 illaesum,

309 673 416 734 oculis
443 673 582 748 apertis,
608 670 805 733 vulneribus
835 673 1001 733 recentem
1030 685 1102 730 rna-

308 769 465 831 nantibus
486 769 682 846 sanguinem
703 767 811 829 adbuc
826 767 1029 830 conservari.
1054 767 1101 828 lta

307 866 391 929 vidit
403 867 563 929 Nicolaus
578 865 724 942 quintus,
741 867 773 926 et
788 866 927 942 quicum
940 880 979 926 eo
993 865 1099 934 erant,

308 979 447 1040 quorum
472 979 558 1024 unus
583 961 643 1022 suh
665 964 772 1024 morte
800 963 855 1024 ubi
877 961 1019 1034 adulari,
1041 976 1102 1022 nec

308 1061 442 1122 mentiri
463 1062 546 1122 adeo
569 1059 667 1120 facile
681 1060 769 1132 11111,
786 1075 858 1120 rem
873 1075 1004 1120 omnem
1023 1073 1103 1119 nar·

306 1159 405 1220 ravit.
432 1159 613 1220 Historiam
637 1159 842 1233 exceperunt
869 1157 945 1227 alii,
971 1157 1027 1233 qui
1054 1155 1101 1217 ita

306 1239 590 1332 transcripserunt
604 1276 611 1314 :

347 1351 395 1412 lid
423 1349 739 1413 reverendissimum
767 1352 866 1426 atque
901 1347 1101 1410 0111111111-

307 1465 397 1510 mum
410 1451 448 1510 D.
465 1450 503 1509 1).
516 1447 753 1508 Andriensium
768 1448 972 1524 episcopum,
990 1448 1100 1506 Fran-

198 1557 202 1566 ·
310 1546 420 1606 ciscus
433 1545 473 1605 de
487 1545 617 1615 Bautio,
637 1544 705 1604 dux
716 1543 863 1616 Andriae,
880 1545 970 1604 Com.
983 1547 1020 1604 P.
1037 1544 1073 1603 F.

348 1644 538 1719 Scripturus
573 1657 635 1718 ego
673 1641 714 1704 ad
755 1641 927 1702 Pontificis
969 1640 1100 1702 Nicolai

306 1755 519 1818 progressum
534 1737 594 1817 (t),
610 1739 666 1816 qui
683 1739 856 1815 seraphici
869 1737 974 1814 patris
994 1740 1101 1798 Fran-

306 1838 389 1898 11111
407 1853 528 1912 corpus
541 1837 736 1898 visitaverat
755 1835 988 1910 personaliter,
1006 1835 1100 1896 veri-

306 1937 360 1996 tus
375 1951 447 1994 snm
472 1950 525 2005 ne,
550 1934 585 1998 ut
600 1949 717 2010 parum
733 1933 926 2004 instructus,
942 1935 1101 2009 tanquam

306 2031 511 2108 imperitusa
528 2031 640 2108 probis
654 2032 687 2092 et
700 2030 857 2105 gravibus
870 2030 953 2090 viris
965 2044 1099 2105 arguar.

304 2131 459 2190 Attamen
481 2129 639 2206 quoniam
661 2128 694 2188 iu
711 2128 858 2203 negotio,
877 2127 963 2204 quod
979 2141 1103 2204 aggre-

306 2227 391 2298 dior,
410 2243 477 2287 non
492 2227 628 2288 levitate
643 2223 693 2304 (ut
705 2226 752 2286 ita
768 2223 890 2304 dicam)
915 2226 974 2286 aut
992 2227 1101 2287 teme-

306 2323 406 2385 ritate
426 2324 550 2401 aliqua,
567 2323 645 2400 quin
668 2323 778 2400 potius
793 2323 981 2385 reverentia
995 2323 1028 2384 et
1043 2322 1103 2383 de-

306 2421 440 2482 votione
455 2421 559 2482 fretus
570 2437 654 2491 sum,
671 2420 798 2481 idcirco
814 2420 855 2481 ad
871 2421 903 2482 te
925 2419 1101 2482 admodum

305 2519 526 2583 reverendum
542 2518 630 2580 hanc
641 2518 829 2596 epistolam,
850 2518 912 2580 etsi
927 2519 1100 2589 incultam,

307 2617 398 2679 omni
414 2617 526 2688 tamen
540 2617 682 2679 veritate
700 2615 849 2691 plenam,
866 2615 1034 2676 destinare
1048 2631 1103 2675 cu·

305 2715 390 2776 ravi.
407 2713 455 2775 Ad
470 2713 513 2786 te,
536 2713 682 2789 inquam,
700 2716 757 2788 qui
775 2713 938 2788 potestate
953 2711 1014 2774 tibi
1028 2727 1103 2774 cre-

307 2810 387 2882 dita,
402 2809 559 2872 Ecclesiae
571 2809 630 2871 Dei
642 2810 769 2886 partem
779 2808 945 2885 gubernas
956 2811 990 2872 11
999 2810 1099 2886 regis.

307 2909 395 2970 Novi
419 2908 519 2980 enim,
534 2909 570 2969 ut
583 2921 671 2980 reor,
686 2909 720 2969 11
743 2907 910 2968 recentem
929 2922 968 2968 ac
990 2907 1101 2970 vivam

307 3006 502 3068 memoriam
523 3005 669 3067 retinere
688 3019 816 3076 eorum,
836 3019 910 3080 quae
928 3004 983 3066 hic
1005 3005 1102 3067 modo

307 3101 570 3165 subinferuntur.
590 3104 797 3180 Quapropter
811 3101 874 3164 etsi
895 3102 930 3162 in
945 3102 1011 3175 bis,
1027 3119 1102 3179 quae

308 3217 368 3280 per
382 3217 435 3262 me
450 3200 625 3262 scribenda
648 3201 736 3270 sunt,
757 3199 881 3278 aliquid
897 3215 950 3262 me
964 3202 1103 3276 praeter-

308 3298 506 3370 misisse,vel
514 3299 588 3374 plus
601 3297 682 3360 11111
693 3296 862 3358 addidisse
872 3299 1101 3374 perspexeris;

308 3395 461 3460 articulis
474 3397 540 3457 tuis
553 3395 708 3471 idipsum,
719 3397 777 3455 tua
788 3394 885 3456 solita
896 3393 1102 3471 benignitate

309 3496 343 3556 et
367 3493 555 3570 prudentia,
572 3508 636 3568 qua
652 3492 833 3568 plurimum
855 3491 971 3568 polles,
990 3507 1104 3554 emen-

308 3591 389 3654 dare
401 3591 434 3653 et
446 3590 615 3664 corrigere
630 3589 764 3665 poteris.
782 3588 867 3651 Novi
878 3589 966 3650 enim
979 3587 1021 3650 ob
1039 3590 1104 3650 im·

306 3689 461 3768 peritiam
477 3703 597 3758 meam,
611 3701 662 3748 me
673 3684 801 3758 fallere,
817 3701 857 3746 ac
869 3685 941 3746 falli
955 3701 1052 3762 posse
1067 3688 1102 3748 in

282 3811 285 3831 =
308 3788 372 3849 hoc
387 3786 531 3862 negotio.

348 3887 393 3946 Te
417 3885 528 3946 autem
554 3883 611 3960 qui
634 3882 763 3944 clavem
789 3881 893 3944 David
922 3883 1013 3946 solus
1041 3883 1104 3944 ha-

307 3983 366 4048 bes
390 3983 541 4060 rogatum
562 3997 636 4042 esse
657 3979 788 4048 vellem,
805 3981 842 4042 ut
864 3980 899 4042 in
928 3980 1015 4042 hanc
1036 3980 1101 4043 ho-

747 318 802 378 Ab
824 315 962 378 OPERA
985 316 1017 376 S.
1041 313 1262 376 rnaNcrsnr
1283 305 1509 378 ASSISIATIS

1891 319 1957 380 208

1155 474 1276 537 affatus
1296 475 1357 548 est,
1375 477 1412 538 ut
1426 476 1468 537 ad
1483 492 1536 538 me
1550 491 1732 540 conversus
1746 477 1874 540 diceret
1889 501 1897 539 ε
1916 480 1956 540 Si

1156 587 1228 650 quae
1244 587 1304 649 per
1315 576 1462 650 tempora
1480 577 1646 636 retroacta
1669 591 1768 636 aures
1791 591 1874 638 meae
1889 593 1958 636 ex·

1156 671 1257 744 pertae
1271 671 1358 742 sunt,
1373 685 1439 730 non
1459 669 1644 746 ignorares,
1667 672 1726 732 tibi
1740 687 1871 750 quoque
1884 674 1956 734 ad·-

1156 766 1344 828 mirationis
1357 767 1482 829 inesset
1497 784 1609 830 causa.

1194 863 1242 924 Ad
1258 879 1356 939 quem
1372 879 1450 940 ego:
1463 867 1581 936 Quaeso
1593 868 1628 928 ut
1642 881 1716 942 quae
1727 866 1852 928 audisti
1864 867 1956 926 edis-

1156 975 1261 1022 seras.
1291 963 1383 1024 1111
1411 960 1469 1022 1111
1494 983 1502 1022 :
1532 963 1679 1034 Mallem,
1696 964 1816 1041 inquit,
1834 966 1870 1026 et
1890 979 1956 1040 per

1156 1057 1389 1120 contritionem
1400 1058 1590 1136 lacrymari,
1605 1076 1703 1137 quam
1719 1061 1753 1121 in
1770 1061 1823 1122 his
1838 1061 1956 1122 cordis

1156 1153 1359 1215 hilaritatem
1384 1155 1570 1216 ostendere.
1583 1159 1663 1218 Cum
1683 1159 1793 1218 autem
1814 1157 1887 1217 haec
1905 1156 1954 1216 ab

1155 1265 1195 1311 eo
1211 1251 1426 1322 audivissem,
1444 1251 1575 1312 avidius
1590 1253 1731 1314 adorsus
1746 1268 1819 1313 sum
1835 1253 1956 1314 homi-

1155 1363 1242 1418 nem,
1259 1351 1292 1408 et
1309 1350 1528 1424 opportunam
1545 1349 1662 1411 horam
1677 1351 1873 1427 quaeritans,
1887 1351 1956 1411 de-

1156 1447 1309 1520 precatus
1333 1461 1407 1506 sum
1431 1461 1518 1518 eum,
1543 1447 1656 1508 dicens
1671 1447 1824 1508 :Utinam
1839 1446 1956 1523 palam

1155 1541 1258 1603 abste
1271 1541 1413 1604 11111110
1427 1543 1558 1605 docear.
1573 1547 1614 1606 lili
1627 1544 1685 1605 ille
1702 1560 1709 1604 :
1728 1543 1887 1606 Libenter
1898 1545 1956 1605 fa-

1155 1640 1252 1710 ciam,
1269 1640 1387 1716 inquit,
1411 1640 1468 1701 sed
1497 1642 1610 1716 magni
1640 1641 1795 1717 ponderis
1815 1643 1955 1704 resista

1156 1738 1217 1808 est,
1234 1739 1267 1798 11
1282 1752 1349 1798 101
1359 1738 1448 1800 omni
1458 1737 1586 1798 homini
1596 1738 1956 1815 aperienda.Attamen

1155 1832 1190 1895 tu
1216 1833 1395 1909 diligenter
1420 1836 1454 1896 et
1479 1836 1605 1896 attente
1624 1835 1713 1908 audi,
1730 1839 1763 1898 et
1783 1837 1954 1898 ausculta.

1154 1931 1327 2006 Astergius
1337 1931 1471 2008 quidam
1482 1933 1571 1995 tituli
1585 1933 1836 1996 Sanctillusebii
1852 1951 1955 2012 pres-

1155 2027 1725 2104 11111111111111111111111111111
1749 2031 1842 2092 urbis
1867 2032 1952 2093 olim

1155 2125 1437 2202 archiepiscopus,
1453 2125 1577 2187 durnin
1592 2129 1742 2188 extrema
1756 2129 1955 2190 valetudine
2069 2173 2070 2178 .

1156 2224 1243 2284 esset
1261 2222 1399 2298 positus,
1416 2222 1567 2300 febrique
1583 2225 1707 2293 valida,
1725 2241 1790 2302 qua
1805 2227 1957 2288 maxime

1156 2322 1348 2392 vexaretur,
1370 2323 1406 2382 11
1421 2324 1551 2397 putaret
1571 2321 1634 2382 sibi
1649 2321 1794 2384 vicinam
1808 2325 1953 2385 mortem

1156 2415 1239 2486 fore,
1254 2420 1352 2480 nocte
1377 2420 1642 2494 superveniente,
1655 2435 1728 2496 quae
1749 2419 1849 2482 finem
1872 2421 1957 2482 lan-

1155 2515 1270 2591 guoris
1281 2530 1392 2576 secum
1405 2515 1493 2576 ferre
1508 2515 1699 2579 videbatur:
1711 2517 1759 2578 111
1770 2519 1858 2578 enim
1871 2520 1955 2579 viri·

1155 2610 1375 2689 buscorporis
1391 2613 1752 2686 1111111111111111,11
1767 2616 1955 2678 1111111111

1155 2710 1300 2771 tursum
1326 2709 1594 2786 supervicturum
1609 2711 1644 2771 in
1666 2712 1862 2774 crastinum.
1881 2717 1956 2790 Ego

1156 2821 1236 2868 vero
1262 2806 1418 2878 Jacobus,
1435 2807 1492 2884 qui
1518 2808 1623 2869 nimio
1650 2823 1765 2872 amore
1780 2809 1953 2871 hominem

1156 2903 1345 2982 diligebam,
1374 2921 1448 2966 cum
1484 2921 1631 2982 praesens
1659 2919 1779 2980 essem,
1809 2911 1955 2986 ejusque

1157 3001 1327 3074 minister,
1367 3003 1491 3064 attente
1525 3019 1728 3080 supereum
1756 3005 1952 3080 vigilabam,

1157 3099 1342 3176 dabamque
1367 3121 1375 3160 ε
1399 3103 1472 3178 Ipse
1496 3116 1576 3162 vero
1598 3102 1647 3162 sio
1666 3102 1701 3162 in
1725 3103 1884 3164 extremis
1899 3103 1957 3164 la·

1156 3197 1289 3269 borans,
1315 3211 1382 3258 non
1407 3198 1517 3258 minus
1545 3199 1674 3270 devote,
1703 3215 1801 3276 qnam
1832 3201 1887 3276 pie
1915 3202 1954 3261 in

1157 3295 1243 3355 hanc
1277 3310 1393 3356 vocem
1436 3311 1670 3373 prorumpens,
1707 3296 1902 3360 clamabat:
1926 3301 1955 3359 Ο

1158 3391 1350 3453 Franclsoet
1372 3394 1592 3454 Maneautem
1614 3394 1701 3455 facto
1717 3409 1792 3456 cum
1819 3395 1957 3470 paulus-

1158 3489 1249 3550 culas
1272 3491 1448 3566 utcumque
1477 3490 1566 3551 vires
1592 3493 1839 3568 resumpsisset,
1859 3493 1955 3552 omni

1157 3602 1232 3648 cum
1247 3587 1502 3648 mansuetudine
1518 3587 1712 3664 deprecatus
1725 3588 1904 3661 hominem,
1916 3592 1957 3651 ut

1157 3698 1293 3744 causam
1318 3683 1482 3759 ejusmodi
1524 3684 1746 3746 invocationis
1776 3686 1950 3746 Francisci

1157 3781 1239 3842 mibi
1254 3782 1463 3842 innotescere
1479 3781 1683 3858 dignaretur.
1700 3783 1814 3844 atille
1831 3803 1839 3844 ε
1856 3786 1953 3844 Ola-

1157 3877 1249 3951 1011,
1266 3893 1373 3956 quem,
1385 3879 1503 3956 inquit,
1516 3880 1550 3939 in
1562 3894 1675 3940 amore
1685 3879 1746 3941 tibi
1760 3880 1957 3956 praeferaml

1158 3978 1262 4038 Porro
1274 3977 1302 4038 11
1317 3977 1404 4038 11111
1418 3977 1657 4052 interrogasset
1666 3993 1719 4038 me
1734 3978 1777 4039 de
1786 3980 1955 4054 ejusmodi

223 4074 228 4082 ’
306 4098 380 4145 ram
407 4094 592 4142 sermonem
607 4081 733 4138 rectum
760 4093 799 4139 ac
823 4077 907 4138 bene
928 4079 1102 4140 sonantem
1157 4074 1207 4136 rei
1222 4089 1338 4146 causa,
1356 4073 1495 4136 forsitan
1510 4091 1577 4135 non
1598 4075 1691 4136 illam
1704 4075 1736 4136 ei
1752 4076 1953 4152 panderem

306 4181 343 4242 in
354 4195 391 4240 os
407 4195 515 4240 meum
527 4175 708 4238 concedere
723 4174 882 4250 digneris,
898 4177 936 4236 ut
947 4191 986 4236 ea
1002 4176 1102 4252 digne
1157 4171 1264 4234 dicam
1278 4171 1338 4236 tibi
1350 4171 1579 4242 nihilominus,
1592 4173 1957 4236 11111111111111111-

308 4279 419 4338 dicere
429 4275 570 4343 valeam,
583 4270 870 4348 quaeinfructuoso
881 4271 1014 4334 silentio
1026 4288 1104 4348 per·
1156 4269 1254 4331 tabis.

307 4373 453 4437 transire
465 4369 558 4432 nesae
576 4369 672 4430 esset.
697 4370 753 4438 Te,
769 4369 903 4444 inquam
919 4369 1100 4441 dominum,
1196 4367 1368 4439 Nicotaus,
1385 4367 1485 4446 hujus
1502 4369 1647 4430 nominis
1674 4370 1829 4432 Pontifex
1848 4371 1954 4448 quin-

307 4471 484 4534 Dominum
503 4483 612 4528 meum
635 4468 749 4527 lesum
776 4465 942 4526 Christum
961 4468 1102 4544 supplex
1155 4466 1219 4537 tus,
1236 4481 1324 4526 anno
1342 4466 1473 4527 Domini
1489 4466 1667 4528 millesimo
1692 4468 1959 4544 quadringente-

307 4571 479 4648 deprecor,
499 4581 542 4626 ne
569 4564 668 4640 hujus
691 4564 741 4624 rei
767 4577 826 4639 per
839 4578 891 4624 me
904 4565 1100 4628 enarrandae
1156 4563 1239 4624 simo
1253 4563 1505 4640 quadragesimo
1521 4580 1621 4632 nono,
1640 4565 1729 4628 beati
1746 4567 1838 4628 Petri
1852 4568 1959 4643 Apos-

307 4666 492 4732 devotionis
506 4663 617 4724 fructu
632 4675 776 4731 ceream,
793 4661 826 4724 11
841 4677 961 4738 expers
972 4662 1045 4724 sim.
1155 4661 1214 4723 1011
1230 4660 1346 4722 sedern
1365 4663 1499 4722 strenue
1528 4661 1745 4738 gubernabat.
1767 4664 1853 4724 Η111
1874 4663 1956 4724 dum

346 4764 490 4829 lacobus
515 4759 647 4838 quidem
668 4757 929 4834 Laquidoneusis
949 4760 1100 4821 ecclesiae
1154 4758 1276 4819 Assisii
1291 4774 1418 4820 moram
1447 4759 1604 4830 traheret,
1620 4760 1712 4822 venit
1736 4761 1771 4820 in
1794 4763 1957 4833 mentem,

307 4864 493 4940 episcopus,
517 4859 595 4919 dum
615 4856 712 4918 nonis
724 4856 836 4918 martii
848 4855 983 4918 Andriae
1000 4861 1098 4929 esset,
1155 4856 1191 4917 ut
1212 4855 1301 4916 beati
1327 4855 1498 4918 Francisci
1525 4872 1646 4933 corpus
1673 4857 1778 4918 oeulis
1806 4859 1955 4935 propriis

306 4963 409 5038 tuque
435 4961 468 5019 11
488 4956 560 5032 ipse
596 4954 695 5016 simul
720 4954 940 5030 alloquentes,
971 4955 1100 5016 vestros
1156 4953 1344 5030 inspiceret,
1367 4953 1408 5014 ob
1429 4969 1528 5031 quam
1543 4970 1678 5015 causam
1701 4957 1886 5018 accersitus
1901 4957 1957 5018 est

305 5058 418 5119 vultus
433 5053 653 5116 admiratione
669 5068 735 5113 non
749 5050 887 5112 minima
898 5052 1097 5127 replevistis.
1154 5051 1195 5112 ab
1206 5067 1245 5112 10
1263 5051 1419 5112 dominus
1435 5051 1553 5112 Petrus
1578 5052 1618 5113 de
1633 5053 1775 5127 Noceto;
1793 5053 1834 5113 ad
1851 5070 1953 5130 quem

306 5155 398 5227 Quod
414 5169 488 5214 cum
503 5166 575 5226 ego,
593 5150 648 5226 qui
670 5150 768 5210 simul
790 5149 938 5220 aderam,
957 5149 1098 5212 intuitus
1154 5147 1307 5210 Pontifex
1320 5169 1327 5208 :
1338 5149 1439 5220 Vade,
1454 5149 1573 5225 inquit.
1586 5149 1626 5210 ad
1643 5149 1866 5224 guardianum
1881 5151 1952 5212 loci

305 5265 571 5322 essem,causam
583 5249 683 5309 tantae
698 5246 929 5308 admirationis
940 5249 1098 5323 tanquam
1155 5239 1264 5323 111111,
1288 5248 1323 5308 11
1342 5261 1416 5308 meo
1430 5245 1565 5308 nomine
1589 5246 1639 5307 illi
1658 5247 1875 5323 significabis,
1897 5264 1955 5310 me

305 5350 468 5418 curiosus,
485 5363 504 5407 a
520 5345 612 5408 vobis
625 5345 796 5422 inquirere
810 5345 907 5422 coepi.
917 5347 1100 5421 Eapropter
1154 5344 1289 5408 omnino
1308 5343 1520 5405 visitaturum
1542 5347 1662 5410 111111
1684 5345 1835 5406 visurum
1859 5346 1953 5408 beati

302 5447 459 5514 lacobus,
480 5444 536 5522 qui
552 5443 632 5503 mihi
649 5443 800 5504 intimior
819 5443 901 5512 erat,
919 5440 972 5501 his
986 5442 1098 5504 verbis
1152 5441 1952 5522 11111111011011111111111111Ρ11111,1111111

339 5649 380 5724 (l)
393 5650 512 5710 Melias:
523 5646 558 5704 de
568 5645 677 5704 Nicolai
690 5659 854 5717 progressu,
870 5645 914 5702 vat
925 5645 1057 5719 ingressu
1073 5647 1194 5718 (scilicet
1207 5645 1241 5704 ad
1253 5647 1346 5704 101111
1358 5643 1404 5703 111
1417 5658 1521 5717 corpus
1535 5643 1562 5703 S.
1573 5646 1716 5703 Francisci
1733 5647 1909 5722 requiescit).
