4114 6396
98 307 176 374 ieet

96 467 186 539 dum,
203 467 289 546 quod
299 463 364 530 duo
379 469 502 532 sonant
521 469 558 530 13
572 469 636 532 hac
649 483 732 532 voce
749 471 819 530 :Ex
835 481 889 544 pa·

96 567 192 626 terno
206 563 293 625 euim
309 563 442 638 affectu,
454 567 488 628 et
502 565 691 641 clementia,
702 582 777 627 cum
790 564 887 626 dicit:

98 661 192 736 Heu3
216 663 267 724 iix
299 661 478 724 severitate
504 663 657 739 justitiae,
685 679 759 724 cum
783 662 887 723 dicit:

97 761 311 829 consotabor,
329 761 362 820 et
377 762 576 820 vindicabor
587 762 629 820 de
642 760 804 820 hostibus.
827 757 889 830 Qui

95 855 207 916 autem
218 855 285 915 sint
302 855 426 926 hostes,
446 856 482 916 in
505 855 638 916 Psalmo
654 855 722 917 alio
742 855 808 933 (80,
823 851 888 932 16),

96 950 153 1012 ubi
168 950 290 1012 dicitur
304 972 312 1010 ι
328 967 346 1010 ‹
359 949 490 1012 inimici
505 951 637 1012 Domini
662 952 791 1013 mentiti
813 952 891 1012 sunt

96 1047 139 1108 31.
154 1064 175 1106 t
198 1047 356 1124 Equidem
378 1049 455 1109 sunt
480 1048 621 1122 inimici,
637 1049 694 1124 qui
724 1047 889 1124 promissa

479 309 588 375 Paits
616 309 760 373 PRIMA.
776 341 817 356 -
836 307 1055 370 expositio
1082 303 1126 366 tit
1156 304 1358 367 PSALMOS.

1648 301 1738 396 ‚toea

1186 429 1325 525 33333
1347 461 1500 524 cnm.

980 606 1021 662 De
1034 602 1243 678 pulchritudine
1257 600 1465 672 confessionis3
1479 599 1515 658 de
1525 602 1702 658 ornamentis

1267 692 1413 750 virtutum.

945 811 1129 882 Confessio,
1143 809 1176 870 ct
1185 809 1402 882 pulchritudo
1413 811 1449 868 tn
1458 807 1639 882 conspectu
1648 809 1735 878 31333

982 906 1225 976 sanctimonio,
1242 906 1275 966 et
1294 905 1552 982 mopnittceotto
1577 907 1614 968 in
1632 918 1737 966 sotto-
1864 941 1868 949 -

982 1002 1171 1074 tisicottooo
1184 1005 1270 1074 ejus.
1284 1000 1386 1081 (Psal.
1400 1003 1451 1073 95,
1464 999 1511 1080 6.)

96 1143 129 1204 31
153 1159 220 1206 333
240 1145 372 1219 133331;
386 1144 422 1206 31
438 1144 475 1204 ni
497 1145 575 1206 sunt
602 1144 679 1205 taisi
708 1144 889 1205 Christiani
984 1139 1021 1200 Si
1034 1139 1108 1216 quis
1118 1137 1291 1202 3113313331
1301 1139 1594 1217 pulchritudinem,
1605 1137 1737 1201 310131-

97 1256 163 1302 non
178 1242 351 1302 seruantes
361 1239 615 1318 promissionem
625 1241 746 1303 1331333
762 1241 797 1302 13
807 1240 891 1317 bap·
944 1236 1032 1295 stum
1054 1237 1277 1312 conspexerit,
1298 1235 1522 1308 33311311133,
1542 1237 1576 1298 31
1598 1235 1737 1312 pulcher

95 1338 211 1410 tismo;
229 1338 306 1414 quia
323 1353 389 1398 non
400 1338 538 1414 Pagani,
556 1338 612 1416 qui
627 1338 711 1400 nihil
728 1337 891 1414 promise-
944 1331 1019 1392 erit.
1034 1334 1071 1392 In
1086 1331 1736 1410 33133313]ρο3311131333333133333331

95 1435 184 1495 runt.
212 1434 342 1495 Inimici
364 1435 441 1496 3331
456 1433 648 1507 Christiani,
665 1450 741 1496 cum
763 1434 889 1496 tantum
946 1426 1049 1506 (Psai.
1063 1431 1110 1502 18,
1126 1427 1173 1508 6),
1188 1429 1302 1490 331133
1317 1431 1435 1505 gratie
1449 1429 1614 1500 emittens,
1627 1432 1736 1492 31333

95 1529 294 1592 beneficium
306 1529 356 1592 313
378 1531 584 1607 praestiterit,
599 1531 684 1608 quod
698 1529 823 1593 cibavit
832 1545 889 1592 eos
945 1523 1161 1598 illuminaret,
1191 1527 1225 1588 θῑ
1245 1541 1288 1587 ex
1313 1524 1367 1586 his
1387 1525 1500 1588 radios
1515 1527 1687 1598 Virtutum,
1704 1529 1737 1591 et

95 1643 139 1688 ex
151 1627 249 1704 adipe
262 1627 430 1688 frumenti.
445 1629 553 1704 Adeps
567 1627 724 1690 frumenti
739 1627 891 1690 extrahi·
945 1621 1106 1683 honorum
1121 1639 1259 1700 operum
1274 1624 1432 1700 usquead
1448 1639 1508 1684 3ο3
1523 1623 1683 1698 dirigens.
1702 1625 1737 1686 Si

93 1727 149 1786 tur
164 1723 204 1786 de
230 1723 407 1799 irumento,
424 1725 580 1786 torrendo
593 1741 601 1798 ;
624 1727 656 1787 et
679 1723 839 1786 Dominus
854 1725 889 1786 13
945 1717 1020 1796 quis
1031 1719 1191 1781 imitando
1202 1722 1424 1797 conspexerit,
1439 1720 1650 1783 confitebitur
1664 1737 1738 1797 pec·

94 1821 251 1897 passione
265 1807 377 1883 crucis
387 1822 519 1894 torruit,
537 1823 570 1883 et
587 1821 709 1883 torreri
723 1822 841 1894 voluit,
855 1823 890 1882 ut
945 1817 1054 1876 catum
1080 1831 1189 1890 sunm,
1210 1818 1243 1879 et
1265 1832 1325 1894 par
1350 1818 1595 1893 susceptionem
1617 1819 1736 1894 gratiae

95 1919 145 1978 313
165 1917 367 1981 1333133113
382 1919 525 1995 adipem,
540 1919 626 1980 idest
641 1919 888 1996 pinguedinem,
945 1911 1084 1988 pulcher
1093 1913 1169 1974 erit.
1182 1913 1271 1974 Bene
1291 1915 1402 1974 autem
1418 1913 1596 1986 consessio,
1618 1916 1651 1975 et
1662 1914 1738 1990 pni-

95 2017 129 2076 31
141 2015 276 2076 sanaret
290 2015 411 2077 vuinus
423 2015 610 2078 adustionis
624 2017 758 2078 nostrae.
944 2007 1098 2071 chritudo
1111 2011 1372 2086 conjunguntur.
1389 2013 1567 2072 Peccatum
1582 2011 1670 2072 onim
1683 2013 1738 2071 in-

135 2111 209 2172 Vox
221 2110 354 2172 Domini
369 2113 419 2173 331
434 2111 586 2184 11333113,
603 2112 652 2174 nti
669 2111 754 2173 dixit
766 2111 886 2172 Adam:
945 2103 1024 2176 ficit.
1051 2107 1085 2166 01
1111 2107 1258 2168 venenat
1272 2107 1402 2182 :gratia
1423 2109 1534 2168 autem
1550 2107 1737 2184 quasithe·

100 2211 226 2270 331331
240 2207 887 2282 111113111133313113133333313331,
943 2201 1036 2262 ritca
1050 2202 1216 2276 ingestum
1231 2203 1387 2278 expellit;
1409 2203 1487 2279 quia
1503 2204 1588 2265 sicut
1601 2219 1661 2280 per
1675 2219 1737 2266 ve-

96 2307 130 2366 ct
149 2307 310 2366 abscondi
336 2319 393 2366 me
423 2304 518 2382 (Gen.
535 2305 566 2379 3,
586 2306 606 2365 9
628 2303 740 2383 3110).
759 2305 814 2366 Sic
832 2305 887 2365 ia·
944 2299 1737 2376 33333333333313331333133,313331333133333

96 2403 189 2464 ciunt
207 2398 303 2463 multi
324 2397 423 2462 hodie
443 2418 450 2460 :
471 2401 652 2464 audientes
672 2401 761 2462 enim
774 2416 887 2462 vocem
944 2399 1080 2460 sanitati
1109 2400 1298 2461 restituitur
1314 2417 1321 2456 :
1339 2401 1387 2462 sic
1413 2416 1474 2478 per
1494 2399 1737 2463 contessionem

98 2499 241 2571 Domini,
258 2499 387 2576 peccati
409 2498 570 2576 pericula,
585 2499 618 2560 et
629 2499 704 2560 vitae
718 2499 887 2559 miseriam
944 2495 1313 2573 redditurpuiohritudo
1326 2499 1455 2573 gratiae,
1466 2499 1677 2574 etpeccatnm
1690 2500 1739 2560 in·

97 2595 314 2668 ostendentis,
326 2611 362 2658 se
375 2595 592 2671 abscondunt,
606 2598 639 2657 et
653 2595 810 2670 elongant
820 2611 887 2657 333
943 2595 1071 2669 gestum
1086 2594 1276 2669 expellitur.
1292 2595 1353 2667 Qui
1367 2594 1455 2656 enim
1470 2595 1644 2659 Dominum
1660 2611 1736 2656 res-

97 2694 246 2767 Domino,
258 2695 292 2755 31
301 2695 502 2755 excusantes
515 2710 562 2766 33,
578 2694 704 2755 1331331
718 2693 782 2754 sibi
798 2694 889 2771 peri·
943 2689 1034 2767 picit,
1049 2693 1082 2753 31
1096 2691 1283 2766 confltetur,
1298 2690 1493 2770 3313133111,
1506 2693 1592 2754 siout
1602 2691 1737 2769 patetin

96 2791 223 2852 zomata
259 2791 300 2853 de
334 2789 424 2852 toliis
460 2789 603 2859 tionum,
638 2789 716 2850 dum
743 2793 888 2867 3333133-
944 2789 1043 2850 Petro
1082 2792 1255 2866 peccatum
1289 2805 1386 2850 suum
1415 2791 1627 2866 agnoscente.
1666 2793 1737 2852 Hoc

97 2889 180 2950 dunt
200 2889 451 2950 excusationem
480 2887 520 2948 de
547 2888 692 2964 peccatis
716 2889 797 2948 suis.
824 2887 886 2948 Sed
943 2884 1044 2947 etiam
1056 2890 1155 2964 patet,
1174 2887 1252 2964 quia
1264 2887 1409 2964 Spiritus
1426 2887 1675 2950 Sanctusdatus
1688 2891 1739 2950 331

95 2986 210 3047 iolium
225 2986 307 3046 1333
322 2986 388 3046 3113
412 2985 545 3057 arescit,
562 2985 743 3057 311333311,
760 2986 888 3046 31333-
944 2984 979 3044 13
999 2983 1123 3059 linguis
1147 2983 1273 3059 igneis;
1296 2985 1404 3060 gratia
1424 2971 1512 3046 enim
1538 2985 1669 3046 Domini
1690 2985 1736 3046 ii-

96 3083 183 3144 iacto
195 3086 274 3144 tuno
285 3082 443 3158 pudorem
455 3083 589 3158 detegit,
600 3083 804 3160 eiapparent
815 3085 890 3146 tur·
945 3081 1072 3158 quescit
1100 3095 1158 3142 cor
1181 3082 1223 3144 ad
1249 3083 1496 3153 contritionem,
1524 3071 1677 3144 dissoluit
1694 3083 1736 3144 ad

96 3181 162 3256 pia,
179 3181 256 3257 quia
270 3177 887 3254 333133333331133333331313313331,
944 3177 1199 3254 contessionem,
1231 3182 1264 3242 31
1285 3177 1453 3243 illuminat
1478 3179 1586 3242 dando
1616 3179 1737 3242 animae

96 3276 232 3338 3133113
255 3277 290 3337 13
312 3277 491 3353 conspectu
516 3277 659 3348 Domini,
686 3293 753 3338 nou
772 3277 888 3339 veiens
943 3275 1238 3352 pulchritudinem.
1508 3349 1514 3364 ,

96 3373 222 3451 peccati
245 3373 485 3450 turpitudinem
501 3374 626 3449 tegere.
644 3375 725 3436 Item
737 3391 802 3436 vox
818 3377 887 3435 Do·
983 3376 1232 3448 sanctimonio,
1256 3377 1292 3436 et
1311 3377 1594 3452 tnapntncontto:
1609 3375 1737 3438 sancti-

97 3471 178 3530 mini
191 3472 242 3532 331
252 3470 294 3532 ad
321 3473 484 3531 Lanarum
499 3485 559 3546 pet·
571 3469 773 3533 iidemVent
791 3475 889 3546 soros
943 3471 1066 3542 monia,
1078 3471 1166 3533 idest
1178 3473 1326 3544 castitas
1337 3474 1636 3548 etmagniiicentia,
1649 3473 1736 3536 idest

96 3566 449 3647 (1333.11,433141).
471 3565 797 3638 Vent,reoedendoa
810 3583 889 3644 peo-
944 3583 1069 3650 opera;
1098 3584 1173 3643 quoe
1201 3568 1286 3630 bone
1324 3572 1582 3645 conjunguntur,
1606 3571 1693 3631 31331
1718 3587 1736 3632 3

96 3667 187 3741 3313;
214 3668 322 3741 foros,
350 3665 446 3742 quasi
460 3663 571 3726 dicat:
586 3663 726 3724 dimissa
741 3663 775 3723 in
789 3661 889 3724 corde
944 3663 1113 3725 contrario
1129 3663 1275 3735 luxuria,
1299 3666 1330 3726 31
1356 3666 1545 3739 minoratio,
1569 3667 1738 3729 31331133-

95 3764 179 3824 3133
200 3761 291 3825 iores
317 3776 378 3839 per
400 3761 664 3836 contessionem
690 3759 723 3822 et
741 3760 886 3834 prount,
942 3760 1089 3821 1313313
1105 3761 1226 3822 Genesi
1243 3761 1307 3841 (49,
1322 3762 1432 3839 3311)
1449 3761 1627 3836 :tituben
1644 3765 1737 3840 prior

94 3859 312 3923 manifestans
336 3861 482 3937 peccata.
510 3857 632 3920 Ultimo
654 3873 721 3919 vox
743 3858 886 3928 Domini,
944 3857 978 3918 in
992 3855 1101 3928 donis,
1116 3861 1225 3934 major
1239 3858 1273 3918 in
1289 3857 1448 3934 imperio:
1461 3857 1587 3920 effusus
1603 3876 1638 3922 33
1651 3863 1738 3924 31331

93 3960 160 4020 imo
175 3959 313 4032 clamor,
339 3957 402 4018 init
430 3957 464 4017 in
479 3972 591 4030 cruce,
613 3955 745 4033 quando
759 3956 887 4016 tantum
943 3967 1046 4030 aqua;
1076 3969 1154 4015 ecce
1183 3955 1318 4015 luxuria
1338 3975 1345 4015 ε
1365 3969 1431 4016 333
1460 3971 1638 4031 crescas»;
1660 3973 1737 4018 ecce

93 4055 261 4127 clamavit,
278 4055 363 4133 qnod
385 4055 492 4131 magis
511 4053 658 4116 ciamare
680 4068 746 4115 non
769 4053 885 4128 potuit.
944 4051 1132 4112 minoratio.
1152 4051 1293 4113 Ratione
1303 4052 1575 4130 primogeniturae
1591 4054 1654 4115 sihi
1670 4071 1738 4115 ma·

94 4155 193 4217 Prius
203 4153 292 4214 enim
303 4151 398 4214 nobis
414 4151 683 4228 clamaveratper
691 4149 886 4227 Prophetas,
939 4147 1061 4227 joritas
1085 4148 1277 4222 debebatur,
1307 4153 1341 4212 31
1361 4151 1556 4228 imperinm;
1577 4153 1736 4215 ettotam

93 4254 126 4312 31
141 4265 255 4312 333333
266 4265 355 4322 3333,
364 4251 478 4326 postea
486 4248 844 4326 orepropri03tandem
853 4249 888 4308 nt
943 4244 1098 4324 perdidit.
1115 4247 1196 4306 Cum
1209 4246 1361 4309 Christus
1385 4247 1426 4309 13
1445 4249 1580 4325 regibus
1602 4249 1737 4312 deberet

94 4347 147 4408 uei
158 4347 206 4406 313
224 4360 283 4406 333
295 4347 466 4420 excitaret,
478 4345 783 4417 tantumoiamavit,
800 4346 885 4422 quod
942 4344 1048 4417 nasci,
1064 4346 1098 4406 31
1110 4341 1228 4406 Rubor
1250 4345 1491 4422 primogenitus
1505 4349 1603 4420 33331,
1621 4345 1736 4425 digni-

95 4441 887 4519 313333333313113311133131311311331333333
941 4443 1044 4503 tatem
1058 4441 1156 4502 istam
1168 4443 1302 4518 propter
1312 4444 1481 4504 lttxnriam
1495 4444 1606 4506 amisit
1620 4444 1738 4524 (1133

94 4543 170 4611 ejos
182 4539 375 4600 audieritis.
392 4539 512 4615 Majori
535 4538 680 4602 clamore
695 4555 761 4601 non
782 4540 888 4616 potnit
943 4536 1094 4599 Christus
1107 4536 1148 4598 de
1163 4536 1268 4614 stirpe
1280 4553 1342 4599 333
1357 4544 1565 4602 3333333133.

95 4639 183 4698 Deus
197 4651 328 4706 vocare,
344 4650 442 4712 quam
453 4635 584 4710 333313
604 4635 715 4698 emisit
734 4637 887 4713 spiritum
982 4637 1029 4695 De
1039 4633 1273 4711 conpunctione
1283 4635 1346 4698 ista
1360 4637 1560 4708 3333111313,
1571 4638 1604 4697 et
1612 4638 1739 4714 magni-

94 4749 175 4796 voce
190 4747 311 4810 magna
321 4731 507 4805 clamando,
522 4731 558 4792 nt
577 4731 729 4806 spiritum
744 4733 888 4795 hominis
944 4731 1085 4794 iicentiae
1110 4731 1251 4794 habetur
1279 4732 1315 4792 in
1339 4732 1453 4795 iudith
1478 4732 1544 4813 (10,
1568 4736 1589 4794 2
1612 4735 1653 4795 ad
1680 4734 1736 4814 i):

95 4830 260 4908 sepultum
274 4831 307 4890 in
323 4829 468 4907 peccatis
481 4827 669 4890 suscitaret.
943 4847 962 4889 ‹
977 4831 1076 4890 Exuit
1089 4844 1125 4890 se
1137 4829 1344 4891 vestimentis
1359 4829 1532 4892 viduitatis
1548 4847 1628 4902 snae,
1646 4833 1679 4893 et
1693 4833 1740 4893 la·

944 4927 993 4989 vit
1015 4941 1136 5003 corpus
1158 4941 1265 4998 suum,
1281 4929 1314 4992 et
1335 4925 1432 4989 unxit
1446 4941 1539 5005 myro
1556 4929 1692 5006 optimo,
1705 4931 1740 4993 31

131 5121 172 5194 (1)
193 5121 309 5192 Propter
329 5119 472 5179 inxuriam
494 5119 670 5186 3331311313.
694 5115 723 5176 S.
749 5116 888 5191 iiierony·
944 5113 1009 5174 onio
1032 5131 1090 5174 non
1112 5123 1233 5185 tenetur,
1257 5117 1410 5190 voluptatis
1435 5115 1543 5176 3113333
1564 5125 1592 5176 31
1610 5120 1736 5194 impetn:

95 5193 279 5261 3133033331.
294 5191 426 5249 11313313.
442 5191 634 5257 1313333131,
649 5189 735 5245 33313
750 5189 797 5246 iiia
811 5191 889 5247 :iin-
945 5188 1050 5246 idcirco
1074 5189 1207 5260 precipio
1221 5187 1282 5256 tibi,
1297 5197 1326 5244 nt
1344 5189 1416 5247 nitra
1439 5203 1495 5245 non
1511 5205 1622 5262 pecces,
1641 5193 1739 5265 sisque

94 5263 160 5330 iren,
175 5265 251 5335 prior
265 5264 293 5318 in
309 5261 401 5324 donis,
416 5268 483 5328 eto,
500 5275 656 5333 exponens,
674 5259 729 5315 ait:
744 5280 754 5308 ι
773 5260 823 5316 Est
837 5273 887 5316 an·
944 5259 972 5315 13
987 5257 1104 5315 fratrum
1117 5273 1246 5326 numero,
1264 5271 1421 5330 poenamex
1429 5268 1548 5342 peccato
1557 5261 1648 5330 tuens,
1661 5263 1737 5335 qood

94 5340 152 5389 tem
172 5347 274 5390 sensus
294 5331 341 5387 113
355 5349 362 5388 :
379 5333 421 5390 ‘in
440 5346 472 5388 es
491 5331 697 5404 primogenitus
711 5343 803 5397 mens,
827 5343 888 5385 rna·
945 5329 1129 5412 primogeniti
1143 5328 1271 5385 ordinem
1291 5328 1470 5400 perdidisti.»
1484 5331 1557 5388 Dicit
1571 5341 1737 5402 autemsa-

90 5402 136 5472 jor
155 5404 184 5460 in
200 5404 305 5470 1113313,
321 5409 350 5458 31
361 5403 482 5460 sedebas
496 5404 574 5474 juxta
586 5400 716 5458 ordinem
735 5399 891 5456 3313113113
945 5400 1112 5468 cerdonum,
1128 5406 1156 5456 et
1164 5415 1284 5472 regnum
1295 5415 1303 5468 ;
1315 5403 1519 5475 namsuperins
1528 5403 1691 5460 3313313331
1703 5417 1740 5460 ex

93 5481 158 5540 tue,
171 5471 411 5536 ethereditatem,
421 5469 892 5556 quoprimogenitiejnredeiteba·
945 5468 1096 5528 traditione
1116 5469 1310 5552 Hebraeorum,
1326 5485 1427 5528 omnes
1444 5473 1652 5599 primepeuitos
1666 5475 1738 5540 Noe,

93 5552 149 5612 tur,
165 5540 893 5616 333313133331113313133333313333331313·
945 5540 1037 5598 donee
1047 5539 1209 5598 3333313113
1227 5539 1393 5615 iungeretur
1414 5545 1518 5611 Aaron,
1549 5545 1626 5601 uisse
1644 5544 1736 5615 ponti·

94 5615 155 5674 bas.
172 5617 279 5674 Verum
294 5615 359 5686 quia
376 5613 509 5685 peccasti,
520 5621 548 5670 31
563 5611 644 5685 quasi
659 5626 743 5684 aqua,
754 5625 889 5683 quaevns·
945 5611 1023 5669 11333.
