4184 6410
758 309 814 372 AD
840 307 980 370 OPERA
1006 307 1039 368 S.
1061 305 1239 368 ANTONII
1268 305 1455 369 Panaetii
1871 307 1937 368 572

288 317 348 380 oti

170 547 175 556 ,
289 476 347 544 ubi
359 477 418 538 iile
432 473 614 537 sententias
624 469 754 533 tantum
768 489 776 528 ε
791 469 913 546 quippe
927 465 1083 529 utebatur
1137 466 1209 528 ret:
1226 464 1420 527 suffecimus
1435 466 1598 542 aptiorem
1612 466 1716 528 alium
1728 487 1736 527 ε
1747 469 1936 528 Sermones

289 574 451 637 memoria
470 585 529 648 pro
544 567 725 639 codicibus,
743 581 810 628 non
829 565 967 626 Patrum
980 563 1083 626 verba
1138 567 1175 624 to
1190 567 1358 625 Psalmos.
1377 565 1425 625 ile
1440 564 1561 640 quippe
1573 578 1653 626 vera
1666 565 1744 626 svnt
1762 579 1935 625 sermones

290 668 452 750 producit,
478 669 574 744 cujus
600 663 818 726 observandae
844 663 990 724 licentiae
1022 660 1085 722 luit
1138 661 1173 722 in
1200 661 1361 732 Psalmos,
1383 661 1451 737 qni,
1477 664 1635 739 praejacto
1657 659 1840 732 versiculo,
1871 678 1937 722 ceu

290 769 372 830 satis
388 767 544 842 trequens
563 762 695 824 occasio
711 783 719 820 :
734 761 894 837 optimum
914 759 1003 820 factu
1017 758 1085 818 dn-

288 865 410 934 ximus‚
428 861 457 924 si
469 863 600 936 integra
614 861 647 920 et
657 858 852 934 castigatior
859 859 955 934 juxta
968 855 1085 932 proba·

289 961 437 1025 tissimas
452 957 715 1020 clarissimorum
731 953 917 1031 praesertim
933 955 1083 1027 Congre-

290 1056 435 1135 gationis
462 1057 495 1116 S.
521 1054 631 1114 Mauri
657 1051 896 1113 Menaenorum
921 1049 1084 1111 editiones

289 1154 471 1216 auctoritas
485 1151 521 1212 in
536 1151 632 1212 Notis
647 1149 882 1225 apponeretur.

328 1249 497 1314 Nonnulla
511 1246 625 1309 Sancti
641 1247 713 1309 Viri
728 1247 867 1315 asserta,
888 1243 1082 1314 sententias,

287 1349 462 1424 certosque
483 1344 614 1406 dicendi
628 1343 753 1414 modos,
776 1339 895 1418 quibus
918 1340 1085 1402 delicatu-

289 1443 477 1521 lusaliqais
489 1443 544 1504 vel
565 1441 756 1511 novitatem,
776 1439 829 1500 vel
843 1435 1012 1499 levitatem
1032 1435 1086 1498 ta-

289 1543 354 1604 cile
377 1538 600 1609 succenseret,
623 1537 802 1598 anterioris
830 1534 1016 1612 cujuspiam
1040 1549 1086 1594 ex

199 1645 208 1674 ‘
291 1639 423 1702 Sanctis
440 1635 594 1698 Patribus
616 1633 808 1696 testimonio
821 1631 1081 1702 honestavimus,

289 1734 448 1798 adhibitis
480 1733 575 1794 inid
604 1732 705 1794 etiam
729 1729 913 1808 saepissime
943 1728 1084 1804 utraque

290 1833 420 1905 Glossa,
445 1829 654 1893 interlineari
678 1827 818 1900 scilicet,
833 1843 872 1888 ae
887 1825 1057 1887 ordinaria
1074 1841 1083 1898 ;

291 1945 356 2008 quo
370 1929 512 1992 tortasse
526 1927 592 1998 ilat,
609 1925 646 1987 ut
657 1925 716 2008 qui
731 1925 827 2000 legis,
844 1939 909 1985 non
925 1923 1028 1984 semel
1048 1921 1084 1981 in

289 2027 434 2090 Antonio
459 2024 634 2096 admirere,
656 2021 743 2100 quod
761 2021 797 2082 in
818 2021 951 2097 scriptis
972 2017 1084 2095 magni

291 2122 518 2201 Chrysostomi
541 2120 690 2182 Ecclesia
717 2119 870 2195 suspexit
893 2131 1035 2194 semper,
1053 2117 1085 2177 et

289 2220 416 2292 laudat,
438 2218 694 2294 interpretanda
708 2231 826 2292 nempe
838 2211 1081 2291 rationem(i),

289 2319 324 2380 ct
335 2317 562 2379 inber-eutem
580 2314 762 2375 sententiae
781 2325 964 2374 sacrorum
975 2313 1083 2372 tioro-

289 2411 384 2487 mam,
406 2414 440 2473 et
462 2415 599 2473 Patrum
620 2411 912 2485 explanationem.
938 2408 978 2469 at
1003 2423 1082 2484 pro-

290 2511 376 2573 moto
391 2510 523 2581 mirum,
542 2509 578 2570 ut
590 2507 646 2584 qul
659 2521 872 2584 praepropero
885 2505 952 2567 lato
965 2504 1082 2565 suabia-

289 2610 343 2670 tus
358 2608 415 2670 vix
429 2607 568 2682 triginta
589 2605 622 2666 et
635 2619 696 2664 sex
707 2619 813 2664 annos
825 2604 923 2664 natus
936 2603 999 2663 hac
1013 2603 1082 2663 viia

290 2706 401 2776 cessit,
411 2705 502 2765 esset
511 2703 594 2763 adeo
606 2701 829 2762 humanarum
841 2699 1084 2777 aequaaedivi-

291 2817 410 2864 narum
429 2815 542 2862 rerum
566 2799 714 2860 omnium
743 2797 929 2858 eruditione
952 2797 1085 2858 conier-

290 2901 355 2972 tus,
384 2900 420 2961 ut
442 2897 478 2958 in
499 2911 540 2959 eo
562 2896 654 2958 visus
676 2896 720 2956 sit
739 2895 877 2956 ditiores
903 2911 940 2956 se
960 2894 1081 2970 nullos,

291 3011 385 3074 aeque
400 2995 522 3057 divites
535 3009 658 3070 paucos
672 2991 847 3054 admodum
864 2990 1032 3052 babuisse.

1139 759 1338 834 argumento
1367 759 1516 830 dicendi,
1545 759 1709 836 reliquum
1739 759 1786 821 ita
1814 759 1936 836 psalmi

1139 857 1349 932 percurrunt,
1361 857 1396 917 ut
1406 855 1586 917 identidem
1597 857 1773 918 materiam
1788 857 1933 929 sumant,

1139 953 1250 1031 quoin
1272 953 1457 1014 orationem
1477 953 1672 1014 formentur.
1694 957 1804 1031 ipsum
1820 954 1934 1015 tamen

1139 1050 1358 1125 originarium
1367 1050 1519 1111 codicem
1532 1051 1756 1126 integerrime,
1770 1054 1932 1128 quantum

1138 1146 1283 1207 bominis
1311 1149 1372 1218 est,
1402 1148 1658 1224 exscripsimus3
1684 1149 1934 1210 immutavimus

1139 1244 1234 1317 nihil,
1245 1244 1330 1305 nibil
1344 1245 1535 1316 demsimus,
1545 1261 1605 1306 nec
1615 1245 1837 1324 apicemapici
1845 1247 1933 1308 intra

1138 1342 1247 1418 ipsum
1274 1343 1440 1418 postremo
1464 1343 1553 1419 Opus
1581 1342 1780 1403 addidimus.
1801 1345 1934 1406 Placuit

1139 1440 1300 1516 praestare
1318 1438 1500 1511 dumtaxat,
1518 1455 1583 1517 quo
1607 1440 1755 1501 numeris
1779 1441 1933 1502 omnibus

1138 1533 1326 1596 absolutum
1363 1536 1521 1612 prodiret,
1559 1540 1790 1613 argumentum
1834 1538 1932 1599 scili-

1139 1633 1934 1711 cetsermonibussingulispraeligendumsedei

1138 1729 1292 1802 indicem,
1310 1746 1376 1807 quo
1389 1731 1584 1807 argumenta
1595 1732 1764 1804 notantur,
1781 1732 1848 1792 alic
1863 1731 1930 1794 tri-

1142 1827 1221 1903 plici
1246 1826 1393 1890 indiculo
1417 1829 1643 1889 :accessisset
1669 1831 1807 1906 quartus
1827 1829 1934 1890 inter·

1138 1923 1336 2000 pretationis
1357 1924 1596 1986 vocabulorum
1633 1927 1744 1986 Sacrae
1780 1926 1933 2003 Scriptu-

1138 2036 1203 2093 rae,
1220 2020 1442 2083 abstinuimus
1457 2022 1579 2094 tamen,
1597 2023 1718 2100 quippe
1731 2022 1833 2084 babes
1844 2023 1932 2100 apud

1139 2119 1257 2180 Divum
1297 2119 1546 2196 Hieronymum,
1577 2119 1658 2195 quin
1692 2120 1779 2196 apud
1810 2120 1933 2182 Bedam

1139 2215 1238 2276 etiam
1262 2215 1409 2288 uberius,
1427 2216 1685 2287 cumulavimus,
1702 2232 1841 2294 quorum
1857 2217 1933 2294 pri-

1138 2327 1192 2376 mo
1222 2312 1401 2390 Scriptura
1423 2313 1533 2374 textus
1551 2313 1592 2374 ad
1613 2313 1773 2374 moralem
1797 2329 1932 2375 sensum

1138 2409 1299 2486 perducti,
1317 2410 1423 2472 altero
1443 2411 1629 2484 sententiae,
1644 2425 1683 2472 ac
1700 2411 1788 2494 dicta
1804 2427 1933 2472 memo-

1138 2506 1269 2580 rabilia,
1281 2507 1381 2569 tertio
1403 2507 1476 2584 ipsa
1500 2508 1656 2568 materies
1676 2509 1787 2584 operis
1803 2510 1837 2568 in
1852 2523 1932 2569 suos

1138 2605 1296 2666 articulos
1306 2605 1464 2679 resoluta,
1476 2605 1575 2680 atque
1588 2604 1716 2680 digesta
1730 2605 1931 2680 continetur;

1138 2701 1311 2780 exquibus
1324 2703 1453 2780 priores
1468 2701 1549 2762 duos
1564 2701 1671 2773 nobis,
1689 2703 1842 2764 ultimum
1857 2703 1931 2764 viro

1137 2799 1330 2861 Clarissimo
1349 2798 1559 2861 Ferdinando
1579 2799 1702 2861 Verato
1716 2815 1823 2862 sacrae
1837 2801 1934 2863 thec-

1137 2897 1235 2972 logiae
1261 2897 1391 2959 doctori
1415 2897 1601 2972 collegiata,
1626 2912 1645 2957 a
1668 2897 1881 2958 sacris‘Conl
1915 2929 1935 2944 -

1138 2993 1286 3056 sionibus
1307 2994 1503 3055 monialium
1526 2994 1658 3056 Sanctae
1681 2993 1796 3056 Mariae
1818 2998 1933 3072 Ange-

331 3094 504 3164 Caaterum
521 3091 579 3168 qui
600 3091 667 3152 rati
680 3104 805 3161 sumus,
818 3091 964 3161 Patrum,
981 3103 1020 3150 ac
1035 3090 1084 3149 in·
1137 3091 1257 3164 lorum,
1288 3090 1502 3168 ejusdemque
1542 3091 1736 3152 monasterii
1770 3094 1932 3170 perpetuo

291 3191 473 3268 terpretum
497 3187 727 3250 auctoritatem
751 3189 803 3248 sat
817 3201 890 3247 esse
905 3201 1003 3262 posse
1014 3187 1083 3248 cui·
1137 3187 1338 3250 moderatori
1354 3188 1526 3263 acceptum
1540 3187 1678 3260 reseres,
1693 3188 1750 3265 qui
1765 3189 1883 3251 devoto
1897 3189 1931 3250 in

290 3289 354 3362 vis,
363 3290 481 3365 utquae
492 3286 600 3348 forent
609 3285 729 3346 cuncta
741 3299 760 3345 a
770 3285 850 3345 Viro
862 3284 983 3345 Sancto
993 3283 1084 3346 inter
1139 3286 1295 3347 Sanctum
1307 3285 1487 3347 Antonium
1503 3285 1615 3346 animo
1628 3285 1808 3363 plurimum
1822 3289 1933 3350 tactus

290 3385 353 3447 bos
368 3395 549 3455 sermones,
570 3383 635 3454 vel,
661 3382 691 3442 si
710 3381 827 3452 mavis,
845 3381 881 3442 in
894 3381 957 3442 boc
971 3395 1084 3458 prom·
1137 3398 1198 3444 nec
1210 3381 1329 3454 labori,
1345 3397 1406 3444 nec
1423 3381 1568 3444 solertiae
1588 3382 1630 3443 ad
1643 3383 1676 3443 id
1689 3383 1929 3460 perficiendum

290 3469 424 3560 ptuario
437 3491 628 3543 'sermonum
638 3479 779 3557 prolata,
794 3477 910 3540 eadem
924 3480 956 3540 et
967 3479 1084 3540 boues·
1136 3479 1294 3558 pepercit.
1311 3479 1422 3541 Libuit
1434 3479 1576 3557 denique
1590 3479 1741 3542 Sicconis
1757 3483 1933 3544 Polentoni

290 3581 370 3653 tata,
392 3581 427 3642 et
452 3579 646 3641 confirmata
667 3577 959 3653 intelligerentur:
979 3577 1082 3639 veluti
1137 3577 1310 3653 scriptoris
1332 3577 1601 3654 praestantissimi
1619 3577 1654 3637 in
1676 3577 1811 3640 scriniis
1826 3593 1932 3656 nsque

291 3679 411 3756 syrtes,
423 3677 457 3739 et
472 3674 626 3753 scopulos
653 3674 895 3736 declinavimus
919 3689 1081 3752 quaecun-
1136 3673 1245 3736 adbuc
1265 3673 1425 3736 latentem
1449 3673 1489 3736 de
1507 3675 1621 3737 Sancti
1642 3675 1723 3748 vita,
1737 3677 1770 3736 et
1785 3675 1933 3738 miracu-

291 3791 355 3855 que
375 3776 594 3837 concrearent
608 3773 685 3834 aliis
698 3771 870 3843 invidiam,
888 3773 945 3833 aut
963 3771 1082 3848 quibus
1136 3771 1178 3832 lis
1194 3771 1471 3834 commentarium
1491 3771 1570 3832 huic
1594 3772 1755 3834 volumini
1772 3773 1928 3850 adjicere,

290 3875 331 3936 ad
344 3872 606 3936 controversiam
628 3886 664 3932 ee
679 3869 895 3948 provocatum
918 3869 1082 3947 quispiam
1137 3885 1235 3946 quem
1254 3869 1355 3931 etiam
1376 3869 1463 3930 notis
1475 3869 1645 3931 illustrare
1662 3884 1772 3947 operae
1789 3871 1930 3947 pretium

290 3971 521 4034 arbitraretur.
535 3970 651 4046 Neque
663 3967 797 4029 enimin
811 3966 1002 4044 hujusmodi
1021 3983 1082 4028 nos
1137 3966 1303 4027 duximus.
1330 3967 1506 4043 Reliquum
1529 3982 1609 4028 vero
1625 3967 1842 4045 quodcunque
1864 3969 1928 4043 sit3

291 4069 438 4130 laborem
459 4064 665 4127 subeundum
689 4062 748 4124 aut
771 4077 866 4124 amor
884 4062 1003 4134 laudis,
1024 4067 1082 4124 aut
1136 4063 1276 4141 hujusce
1288 4063 1376 4125 sacri
1388 4063 1499 4140 operis
1510 4063 1612 4125 editio
1628 4064 1791 4140 singulari
1803 4067 1839 4126 P.
1852 4067 1931 4127 Her·

213 4193 217 4200 ·
291 4160 975 4242 contentionis,sedamiccrumvota,quos
986 4159 1081 4222 multi
1136 4161 1220 4222 culis
1233 4160 1369 4231 isolani,
1383 4175 1481 4238 quem
1492 4161 1783 4237 praelaudavimus,
1800 4163 1927 4240 pietati,

289 4261 441 4331 iacimus,
457 4259 489 4321 et
510 4257 659 4320 studiosa
681 4257 853 4334 potissime
872 4257 908 4317 in
923 4256 1081 4318 beatissi-
1136 4273 1175 4318 ac
1190 4257 1299 4320 studio
1314 4257 1463 4320 debetur.
1479 4261 1510 4318 ls
1526 4257 1614 4319 enim
1629 4259 1662 4320 et
1674 4259 1851 4320 consilium
1863 4275 1928 4321 ex-

290 4373 381 4421 mum
391 4343 570 4418 Antonium
581 4354 1081 4432 voluntas,cujuspatrocinium
1136 4355 1216 4417 civit
1226 4355 1363 4431 primus,
1380 4357 1413 4417 et
1433 4355 1597 4418 instanter
1610 4357 1784 4433 promovit,
1796 4359 1830 4418 et
1846 4372 1928 4433 pro-

1136 4453 1209 4530 prio
1229 4452 1360 4513 demvm
1376 4466 1443 4513 aare
1464 4451 1603 4530 perfecit
1625 4454 1667 4515 ad
1691 4457 1851 4532 majorem
1870 4454 1929 4514 Dei

290 4457 481 4535 quaerimus,
496 4451 709 4530 impulerunt.

330 4557 411 4614 Cum
437 4553 547 4613 autem
570 4549 627 4628 qui
649 4549 721 4611 erat
741 4548 870 4626 pridem
889 4548 968 4610 inuio
983 4562 1079 4611 sacro
1134 4549 1287 4625 gloriam,
1303 4549 1439 4611 Antonii
1454 4549 1597 4621 laudem,
1617 4566 1657 4612 ac
1671 4551 1857 4612 animarum
1871 4565 1928 4612 sa·

289 4650 452 4716 volumini
463 4648 1081 4721 titulus:deposittotaPsatmoauon
1135 4647 1248 4709 lolem.
1265 4647 1409 4719 durant
1422 4649 1547 4721 valeas,
1564 4647 1680 4711 lector.

291 4751 319 4811 is
332 4748 512 4816 videretur,
527 4747 583 4824 qui
593 4745 697 4822 operi,
711 4745 747 4805 ut
761 4759 822 4822 par
832 4745 893 4816 est,
903 4743 1081 4820 responde·

708 5011 965 5085 SEQUUNTUR
997 5013 1306 5076 PERMISSIONES
1338 5014 1504 5077 EDENDI.

326 5197 419 5256 Editio
433 5195 852 5270 azzoguidienesictitulatur:
1173 5197 1291 5256 Accedit
1313 5198 1441 5257 sicconis
1464 5197 1623 5256 Polentoaii
1648 5196 1684 5254 de
1705 5197 1795 5254 macti
1812 5187 1928 5256 Antonii

291 5287 386 5346 Sancti
405 5285 521 5344 Antonii
542 5285 774 5358 Ulyssiponensis
787 5283 930 5343 amasses
947 5285 979 5341 ia
999 5284 1081 5344 Paol-
1173 5287 1303 5345 Patavini
1318 5287 1383 5347 Vita
1405 5294 1433 5343 et
1451 5286 1595 5342 miraculis
1612 5285 1843 5354 commentarius,
1862 5299 1928 5352 oum

324 5391 384 5434 mos
398 5390 433 5432 ex
449 5373 629 5447 autographo
643 5387 721 5432 nunc
742 5375 875 5446 primurn,
890 5386 955 5430 cum
975 5372 1080 5432 Prata·
1173 5374 1467 5432 animadversionibus
1481 5373 1547 5430 Ant.
1567 5373 1664 5434 Maria
1683 5363 1858 5446 Anzoguidii,
1871 5375 1925 5432 Bo-

325 5467 415 5535 tloue,
440 5462 670 5523 annotationibus
699 5469 728 5520 et
750 5460 869 5536 iudic[e,
890 5460 988 5536 ibust]
1017 5461 1084 5520 edit.
1173 5464 1277 5532 nenia,
1290 5458 1543 5537 iltitivoidnd,
1559 5475 1624 5519 cum
1639 5459 1817 5536 lac-simile).

326 5625 368 5700 (l)
382 5627 464 5684 lineo.
481 5627 559 5682 Rani.
577 5623 605 5679 in
619 5621 691 5679 festo
704 5623 732 5680 S.
749 5623 830 5680 ioan.
848 5622 991 5694 Cbrysost.
