4204 6402
353 310 411 369 mr
728 356 731 368 .
777 309 810 370 s.
837 307 1013 368 nuronn
1039 272 1227 368 annuam
1258 309 1396 370 ornas
1423 304 1569 370 omnm.
1931 305 1993 368 rra

583 467 721 528 SERMO
743 467 916 528 nxxvm.
1240 463 1414 542 Sequitur:
1430 481 1449 526 e
1465 464 1527 536 Qui
1550 463 1689 528 crarta
1711 463 1860 529 torrente
1879 466 1995 528 Arnen

378 597 418 654 De
438 595 574 653 memoria
593 593 796 652 beneficiorum
812 591 883 666 11θί;
899 595 1019 666 qualiter
1040 595 1116 652 Deus
1200 577 1304 638 “⁵³⁰⁰
1318 563 1359 623 ad
1375 563 1693 670 mffltfflnfflmffl·
1705 564 1820 626 ΛΜΗ
1835 562 1996 672 mtef'pm'

481 684 484 692 ‚
540 683 671 742 ΠΜ),
690 685 795 740 ,emm
814 691 962 741 nomm,-
1198 661 1381 721 taturarca
1395 670 1560 722 moeroris.
1575 661 1749 722 necares
1763 658 1995 722 thesaurlcans

1199 765 1373 818 moerorem
1406 757 1457 820 est
1486 755 1680 832 temporalis
1711 755 1905 828 delectatio,
1935 772 1995 834 per

1198 869 1297 929 quem
1321 853 1358 917 iit
1377 853 1555 918 thesaurus
1584 853 1738 916 moeroris
1762 854 1796 916 et
1819 853 1992 930 supplicii;

1198 951 1284 1012 unde
1296 951 1331 1014 in
1343 950 1543 1027 Apocalypsi
1553 949 1622 1029 (18,
1639 949 1672 1028 7)
1691 967 1698 1005 ε
1713 965 1733 1012 c
1749 951 1916 1022 Quantum
1925 951 1994 1026 gio·

385 1048 434 1114 Ad
450 1049 633 1122 gratiarum
648 1050 797 1112 actiones
812 1050 853 1111 de
864 1051 1075 1127 perceptione
1089 1050 1143 1111 be-
1198 1046 1342 1112 rittcerit
1355 1061 1401 1118 se,
1417 1047 1453 1108 ct
1476 1047 1513 1110 in
1535 1047 1666 1112 deliciis
1683 1045 1757 1118 ruit,
1776 1047 1903 1110 mutum
1918 1047 1993 1112 date
2086 1037 2087 1040 '

348 1144 544 1206 neiiciorum
571 1147 631 1207 Dei
657 1147 869 1220 instruimur,
893 1147 926 1211 et
948 1148 1140 1220 innitamur,
1198 1141 1236 1206 ci.
1250 1143 1463 1214 termentum,
1484 1143 1519 1206 θ1
1540 1141 1683 1214 κιιθῑιιιη)
1705 1157 1723 1203 a
1746 1141 1786 1202 nt
1807 1140 1869 1210 iob
1892 1139 1994 1220 (28,3

347 1257 423 1302 cum
432 1241 514 1304 dicit
535 1259 542 1304 :
559 1247 769 1306 Memorare
781 1245 832 1306 tut·
846 1248 888 1306 de
901 1246 1140 1306 terchordu-
1197 1239 1230 1302 et
1243 1239 1297 1318 t):
1314 1239 1503 1316 «Lapidem
1517 1237 1685 1314 criminis,
1696 1239 1733 1306 et
1746 1237 1899 1302 umbram
1909 1254 1993 1302 mor·

277 1395 280 1404 .
346 1338 413 1407 ue,
430 1337 463 1397 ei
476 1340 735 1400 Hermontimc
755 1340 872 1400 moute
891 1342 1033 1401 modico.
1054 1342 1139 1400 Per,-
1196 1337 1239 1398 tis
1256 1336 1376 1398 dividit
1390 1337 1557 1402 tori-ensa
1572 1335 1992 1412 populeperernnante.»

347 1433 575 1510 ceptiotemen
585 1434 823 1498 beneficiorum
836 1436 895 1498 Dei
910 1437 1016 1511 magis
1031 1437 1141 1514 expia-
1196 1433 1353 1510 Lapidem
1373 1433 1456 1497 dicit
1475 1433 1684 1509 recurrerem
1711 1433 1848 1510 propior
1872 1435 1991 1500 mentis

346 1531 489 1592 naturin
500 1532 756 1594 Deuteronomio
768 1531 929 1612 (3,8θ19)
939 1551 949 1594 ;
962 1533 1140 1595 ‹Tulimus
1195 1530 1368 1603 duritiam
1386 1529 1553 1605 caliginis,
1563 1531 1700 1606 propter
1714 1529 1989 1604 excaecationem

344 1628 579 1690 terramindie
590 1628 649 1692 iiia
661 1627 1013 1708 (ndemannnuonum
1024 1647 1139 1706 regum
1195 1629 1227 1690 et
1242 1627 1364 1692 dicitur
1385 1626 1503 1692 umbre
1527 1627 1655 1696 monis,
1669 1627 1756 1693 idest
1780 1626 1889 1702 figura
1913 1626 1990 1688 dia-

343 1725 626 1796 turonicorum,
643 1725 700 1802 qui
715 1727 919 1788 eranttrans
934 1727 1137 1788 Jordancm:
1194 1722 1272 1788 boli.
1306 1725 1401 1790 Sicut
1424 1723 1532 1800 figura
1557 1725 1608 1788 est
1631 1723 1747 1790 umbra
1771 1723 1934 1800 corperis,
1959 1725 1993 1786 et

343 1821 533 1884 atorrente
552 1824 666 1884 Arnon
686 1837 791 1898 usque
812 1822 854 1882 ad
878 1826 1024 1886 montem
1048 1825 1138 1884 iier-
1194 1821 1326 1898 corpori
1355 1835 1392 1884 se
1419 1822 1553 1897 coeptat
1581 1841 1590 1882 ε
1620 1821 1669 1886 sic
1701 1822 1857 1897 peccator
1886 1820 1989 1888 indn-

342 1933 431 1991 mon,
447 1935 545 1994 quem
559 1918 687 1980 Sidonii
699 1920 819 1980 sarion
831 1921 962 1992 vocant,
978 1922 1011 1982 et
1022 1926 1140 1982 nmor-
1193 1921 1286 1984 ratus
1300 1914 1334 1980 in
1348 1920 1496 1995 peccate,
1511 1917 1644 1984 diabolo
1657 1917 1895 1984 conternntur.
1911 1922 1990 1982 i'or·

342 2014 427 2077 rheni
443 2015 553 2076 sanir.
570 2016 632 2078 Hic
642 2030 722 2092 ergo
738 2016 923 2080 ostenditur
935 2017 1050 2095 dequo
1065 2033 1139 2095 gras
1192 2030 1276 2080 reim
1302 2018 1353 2079 est
1377 2015 1571 2092 temporalis
1594 2016 1783 2090 deiectatio,
1814 2032 1888 2094 qua
1914 2031 1990 2078 cum

341 2111 406 2174 tias
417 2111 556 2174 reddere
566 2111 739 2188 debetcum
753 2113 864 2176 deboc
875 2115 1041 2186 videlicet,
1050 2115 1137 2192 quod
1192 2111 1318 2188 impetu
1337 2111 1421 2183 fluit.
1445 2113 1502 2178 sod
1525 2113 1591 2176 cito
1611 2113 1737 2188 deficit3
1756 2115 1792 2176 et
1815 2113 1890 2178 brec
1908 2112 1992 2176 iacit

322 2208 440 2280 terra,
470 2225 543 2284 quae
558 2209 790 2285 possidebatur
818 2226 837 2272 a
860 2211 994 2286 regibus
1018 2215 1138 2273 Amor·
1192 2207 1391 2272 divisionem
1410 2209 1802 2287 iuterpeccatorem,qui
1819 2223 1881 2287 per
1901 2210 1990 2287 iapi-

341 2305 520 2378 rbaeorum,
535 2321 555 2366 a
570 2305 648 2366 tiliis
663 2307 769 2368 Israel
780 2308 988 2383 possidetnr;
1002 2309 1036 2371 ot
1050 2309 1136 2386 quod
1192 2305 1266 2366 dem
1285 2305 1451 2382 caliginis,
1468 2309 1502 2368 et
1522 2306 1673 2370 umbram
1690 2307 1805 2370 mortis
1822 2306 1989 2382 inteliigi-

338 2403 524 2480 terraque
544 2404 617 2464 erat
636 2405 731 2464 trans
757 2406 947 2477 tonderem,
977 2405 1065 2468 tacta
1086 2409 1137 2469 est
1191 2403 1255 2474 tur,
1273 2403 1307 2466 et
1323 2403 1480 2480 populun
1500 2404 1780 2480 peregrinantem,
1794 2403 1880 2466 idest
1903 2403 1988 2468 iide-

338 2501 428 2561 terra
454 2500 627 2574 Jordenis;
651 2501 684 2562 et
708 2517 820 2570 mons,
839 2503 895 2579 qui
920 2504 992 2565 erat
1016 2506 1133 2578 Sane,
1191 2499 1255 2560 iem
1270 2500 1440 2575 populum,
1455 2501 1513 2576 qui
1527 2500 1582 2562 bic
1603 2517 1671 2562 nen
1694 2501 1794 2564 babet
1816 2501 1988 2578 propriam

337 2596 611 2658 iactusestmons
626 2599 783 2659 Hermon.
798 2600 837 2660 in
852 2602 942 2661 terra
958 2600 1132 2677 siquidem,
1190 2598 1407 2669 mansionem,
1436 2597 1493 2660 sed
1518 2597 1664 2661 suturam
1685 2597 1837 2675 inquirit,
1863 2599 1900 2662 et
1920 2614 1988 2661 non

338 2693 547 2756 idestmente
558 2693 713 2766 bominis,
727 2711 825 2771 quam
836 2696 1135 2774 babitabantroges
1190 2695 1387 2769 praesentem
1401 2694 1665 2758 delectationem.
1682 2696 1745 2759 Hic
1766 2697 1816 2760 est
1831 2696 1986 2772 pupulus,

339 2791 622 2865 amorrhaeorum,
652 2791 737 2852 idest
765 2792 952 2866 demones,
982 2783 1136 2857 habitant
1189 2789 1246 2866 qui
1267 2805 1287 2850 a
1312 2792 1458 2854 torrente
1484 2795 1597 2854 Arnon
1621 2792 1744 2856 transit
1771 2791 1813 2856 ad
1840 2795 1987 2856 montem

339 2887 438 2949 medo
465 2887 522 2948 iiiii
545 2888 661 2958 Israel,
685 2888 944 2952 idestvirtutos.
965 2893 1134 2955 Parisios
1190 2889 1351 2962 Hermon,
1372 2887 1429 2965 qui
1456 2888 1695 2965 interpretatur
1717 2889 1986 2954 anathematiza-

338 3000 436 3060 reges
449 2986 730 3056 Amerrbaeerum‚
749 2987 858 3048 Sehon
872 2989 904 3050 et
928 2990 986 3064 og,
1002 2989 1135 3064 signiti-
1188 2985 1251 3060 tior
1268 2985 1354 3062 quod
1374 2983 1421 3056 nt,
1439 2985 1569 3061 qnando
1584 2985 1683 3048 homo
1699 2984 1765 3048 sibi
1784 2985 1849 3062 ipsi
1868 2985 1989 3062 displi-

338 3085 457 3144 cantur
471 3082 620 3143 adversm
635 3084 825 3159 potestates.
839 3085 947 3146 sehon
963 3086 1132 3162 interpre-
1189 3083 1250 3152 cet,
1272 3083 1305 3146 et
1323 3082 1540 3157 temporalem
1559 3082 1728 3154 abhorret,
1744 3083 1778 3144 et
1801 3081 1988 3148 detestatur

340 3181 430 3240 tatur
445 3179 637 3240 tentationis
656 3180 867 3255 germinatio,
882 3181 939 3257 qni
960 3184 1079 3257 regnat
1096 3183 1131 3243 in
1189 3175 1455 3242 delectationem.

338 3276 502 3347 liesebon,
520 3276 605 3353 quod
621 3276 859 3353 interpretatur
880 3279 1038 3354 cogitatio
1051 3295 1134 3341 mue-
1229 3276 1384 3352 sequitur
1400 3293 1408 3337 :
1423 3292 1441 3337 ‹
1454 3278 1556 3348 Quem
1573 3277 1701 3346 sidonii
1725 3277 1845 3342 sarion
1869 3277 1986 3354 appel·-

339 3374 438 3434 roris.
463 3374 615 3434 Tentatio
645 3373 733 3435 enim
757 3374 881 3435 diaboli
913 3377 1077 3450 germinat
1096 3377 1132 3437 in
1187 3372 1268 3445 iant,
1285 3376 1318 3436 st
1330 3373 1517 3436 Amorrhsei
1532 3375 1643 3438 Sanir.
1657 3392 1677 3434 r
1692 3375 1834 3446 Sidonii,
1850 3390 1982 3436 venan-

335 3471 470 3532 lmmine
485 3468 719 3546 cogitationem
739 3471 967 3548 peccatique
995 3473 1130 3550 inquam
1186 3471 1252 3544 tes;
1264 3471 1462 3542 amorrhaei,
1473 3471 1696 3534 amaricantes
1706 3471 1981 3548 interpretantur.

337 3568 494 3644 cogitatio
518 3581 692 3628 moererem
729 3567 857 3630 inducit
889 3569 1054 3646 supplicii.
1083 3573 1132 3648 og
1187 3567 1228 3631 Hi
1241 3568 1320 3632 sunt
1338 3565 1517 3638 daemones,
1534 3569 1769 3644 quiverantur
1788 3571 1930 3640 animas,
1946 3569 1983 3630 ut

333 3679 536 3727 coacervans
548 3665 797 3742 interpretatur,
814 3666 847 3727 et
866 3669 984 3741 regnat
1006 3667 1042 3727 in
1064 3670 1131 3729 Ba·
1186 3663 1222 3724 iu
1236 3663 1492 3728 amaritudinem
1507 3663 1698 3728 immittant.
1714 3665 1847 3736 seriem
1862 3677 1984 3739 angus·

335 3779 407 3834 san,
422 3763 507 3839 qued
523 3763 762 3839 interpretatur
777 3762 939 3835 contusio,
962 3763 1015 3825 vei
1031 3765 1131 3839 igno·
1185 3761 1233 3822 tia
1247 3761 1434 3838 iniquitatis
1449 3761 1704 3838 interpretatum
1726 3776 1801 3838 quae
1815 3761 1882 3824 duo
1896 3761 1981 3824 bene

334 3861 449 3921 minin.
466 3862 555 3921 Bene
570 3859 692 3920 dicitur
706 3873 920 3932 coacervans,
938 3860 1015 3938 quia
1031 3877 1132 3938 super
1186 3860 1434 3934 conjunguntur
1449 3875 1456 3914 ε
1474 3873 1605 3933 semper
1624 3859 1714 3922 enim
1736 3858 1898 3935 iniquitas
1919 3873 1983 3924 ac-

335 3957 506 4034 pcccatum
527 3956 740 4030 cogitationis
765 3959 942 4018 coacervat
958 3959 1130 4034 peccatum
1185 3955 1330 4030 pristiam
1353 3955 1470 4028 bubet3
1496 3955 1583 4016 unde
1607 3969 1708 4032 super
1729 3955 1812 4020 illud
1836 3955 1980 4032 sapien-

334 4053 461 4129 cperis3
479 4051 567 4128 quod
584 4051 672 4112 enim
691 4051 732 4112 ad
759 4053 1005 4128 suggestionem
1031 4054 1130 4115 bomo
1184 4048 1240 4114 tis
1255 4053 1321 4130 (17,
1338 4051 1390 4129 10)
1406 4073 1414 4112 z
1430 4054 1542 4115 acum
1557 4052 1602 4114 sit
1614 4052 1731 4116 tnnida
1747 4053 1907 4129 nequitia,
1925 4051 1981 4116 dat
2036 4135 2039 4140 Δ

350 807 486 884 Memor
518 825 579 872 cro
608 812 661 872 tut
687 813 730 872 de
769 812 869 872 terra
899 791 1078 884 tornines,
1111 811 1144 872 et

261 923 271 947 r
367 907 589 968 Hermonem
602 923 624 970 a
638 907 754 970 monte
767 909 909 969 modico.
926 905 995 986 (Ps.
1009 910 1060 997 ii,
1075 906 1122 988 7.)

334 4148 503 4222 cogitavit,
527 4147 590 4208 hoc
618 4146 771 4208 diabolus
801 4149 844 4210 ad
871 4149 1026 4212 effectum
1054 4150 1130 4212 duci
1184 4149 1410 4214 testimonium
1432 4149 1731 4218 condemnationis,
1747 4149 1828 4212 dicit
1850 4152 1979 4224 Grego-

334 4245 425 4306 iacit.
441 4247 568 4321 Exque
590 4245 741 4321 sequitur
753 4246 914 4315 confusio,
929 4249 962 4308 et
983 4247 1129 4323 ignomt-
1184 4247 1255 4310 rius
1271 4243 1331 4324 (2).
1344 4247 1488 4322 Apertus
1501 4248 1553 4310 est
1565 4246 1661 4310 testis
1674 4243 1723 4324 (3)
1737 4246 1977 4320 damnationem

335 4343 402 4414 nia,
417 4342 496 4419 quia
510 4340 663 4402 diabolus
678 4355 744 4402 non
760 4343 851 4403 aliud
866 4359 964 4409 servo
976 4359 1037 4405 suc
1053 4359 1127 4406 ser·
1185 4345 1258 4419 Ipse
1272 4343 1373 4405 timor
1391 4344 1443 4405 est
1461 4358 1572 4406 cemes
1589 4343 1788 4421 iniquitatis.
1806 4343 1909 4406 sanir
1922 4342 1978 4404 in-

333 4442 401 4514 unt,
425 4440 478 4501 vei
511 4440 699 4511 coacervat,
731 4439 798 4503 nisi
825 4439 1071 4512 contusionem,
1097 4441 1131 4504 et
1183 4439 1505 4516 terpretaturioetor,
1521 4441 1573 4504 rel
1587 4440 1660 4502 aris
1674 4441 1900 4503 nocturnale
1913 4438 1978 4500 ἰοθ-

335 4538 564 4614 ignominiam.
594 4537 657 4598 Sed
682 4552 741 4614 per
770 4539 831 4598 Dei
864 4537 1129 4601 misericordiam
1182 4537 1256 4601 tere
1270 4537 1404 4600 luxuria
1422 4537 1675 4614 interpretatur,
1691 4540 1757 4599 Per
1775 4553 1873 4600 avem
1895 4552 1979 4598 nee

334 4636 600 4713 tamaiumque
619 4633 683 4696 init
703 4634 796 4712 prius
820 4636 912 4695 trans
937 4635 1127 4710 Jordanem,
1183 4637 1328 4706 turnum,
1357 4649 1431 4711 quae
1459 4633 1500 4696 de
1537 4636 1633 4698 nocto
1658 4634 1763 4704 videt,
1790 4635 1825 4695 et
1854 4633 1895 4701 de
1925 4632 1979 4694 die

333 4735 422 4798 iacta
443 4736 494 4796 est
507 4733 597 4796 terra
611 4731 785 4806 terdenis,
806 4730 901 4808 prius
919 4732 1009 4792 enim
1034 4734 1128 4794 trans
1184 4731 1380 4802 obcaecatur,
1394 4730 1702 4807 significanturiiii,
1717 4730 1818 4807 quiin
1831 4729 1978 4792 emenia-

333 4833 513 4895 Jerdanem
528 4845 672 4901 eramus,
686 4845 761 4890 cum
774 4827 924 4889 nondum·
937 4844 997 4905 per
1009 4845 1128 4891 sacra·-
1182 4827 1276 4889 ribus
1290 4827 1387 4890 valde
1410 4826 1550 4890 subtiies
1578 4829 1667 4898 eunt,
1687 4827 1723 4888 in
1747 4825 1979 4904 spiritualibus

334 4930 482 4991 mentum
491 4926 649 5003 baptismi
660 4925 776 4998 abluti,
791 4925 938 4990 nendum
952 4940 1012 5003 per
1020 4941 1130 4990 recor·
1183 4926 1294 4987 autem
1310 4925 1405 5002 quasi
1420 4924 1521 4986 rudes
1543 4924 1628 4990 nibil
1641 4924 1755 4988 sidere
1768 4924 1922 5001 possunt3
1939 4922 1979 4984 de

335 5027 501 5089 dationem
512 5023 678 5100 passionis
689 5039 823 5086 eramus
831 5022 1129 5086 humilitati.Nunc
1183 5022 1303 5099 ouibus
1317 5021 1481 5084 ieremias
1496 5020 1541 5100 (4,
1560 5020 1614 5100 22)
1630 5039 1672 5084 :c
1692 5020 1867 5097 Sapientes
1889 5019 1979 5100 sunt,

334 5125 446 5186 autem
458 5121 537 5182 iacti
552 5136 667 5181 sumus
680 5121 773 5182 terra
791 5120 949 5182 iordanis
963 5135 1023 5197 per
1045 5135 1127 5196 pas·
1183 5123 1219 5181 nt
1234 5119 1468 5190 iaciantrnaie,
1485 5117 1570 5182 bene
1582 5120 1697 5180 antem
1710 5117 1821 5180 iacere
1842 5119 1977 5181 nescie-

334 5220 439 5284 sionis
463 5219 695 5291 bumilitatem,
718 5234 778 5296 per
800 5217 955 5295 baptismi
979 5216 1127 5280 ablutio·
1183 5219 1270 5280 runt.
1286 5231 1306 5276 u
1321 5217 1367 5278 lie
1390 5215 1453 5278 bec
1479 5217 1590 5280 monte
1616 5215 1738 5278 notun
1763 5215 1798 5276 in
1817 5215 1978 5287 dardeis,

335 5333 422 5382 nem.
597 5379 604 5388 ⁸
673 5365 677 5374 ,
798 5359 800 5364 .
927 5339 929 5346 -
1134 5343 1137 5350 -
1184 5311 1291 5372 nbiiii
1308 5308 1443 5382 maudo,
1459 5307 1635 5388 icombus
1651 5307 1977 5372 sitcoronandeiic-

371 5475 413 5548 (1)
428 5465 535 5548 vulg:
550 5473 598 5530 iiio
611 5473 639 5532 in
653 5480 792 5545 tempore.
1182 5465 1250 5525 tem.
1265 5469 1294 5550 i,¹
1302 5466 1356 5522 cci.
1370 5465 1432 5548 109,
1439 5463 1566 5548 legitur:
1583 5459 1704 5548 itpertus
1715 5463 1909 5524 damnationis
1925 5472 1978 5523 tes·

383 5551 400 5606 2
426 5545 524 5605 borni.
539 5545 556 5602 i.
574 5543 639 5610 XiL‘
654 5546 683 5601 in
693 5559 719 5600 c.
734 5545 770 5602 15
780 5541 855 5610 tob,
872 5557 951 5602 num.
968 5543 1012 5600 to.
1182 5540 1218 5602 tis
1229 5545 1273 5596 est
1286 5551 1349 5609 ipse
1368 5543 1455 5598 tuner
1468 5542 1635 5607 imquimtn.

370 5551 411 5696 iti
426 5619 563 5690 Asperius
577 5619 616 5672 cst
634 5615 722 5683 testis,
737 5618 786 5670 etc.
799 5616 832 5671 in
846 5613 914 5672 edit
927 5615 1018 5682 Maur.
1033 5613 1124 5682 Paris,
