4204 6402
1002 209 1020 244 l

319 331 382 393 aar
741 325 774 388 s.
801 311 977 388 aniona
1006 319 1194 386 renuam
1224 326 1362 390 ornan
1390 326 1538 390 omnin.
1904 335 1971 396 ras

322 487 370 550 sit'
389 471 576 566 exemplum
591 487 627 546 in
640 485 798 563 Ephreta,
826 483 913 546 idest
937 483 973 545 in
988 482 1112 544 mundo
1164 483 1248 556 rael,
1265 485 1323 562 qui
1345 486 1482 564 propria
1501 473 1674 550 voluntate
1699 489 1896 557 obtulerunt
1926 511 1965 557 se

321 598 381 662 por
396 583 568 647 honestam
584 583 890 644 conversationem:
907 581 1112 642 undeiiccle·
1166 581 1363 644 discrimini.
1377 583 1459 644 item
1473 584 1964 671 Ecclesiastici(44,10ad12):

320 681 448 742 siastici
462 679 526 759 (26,
542 679 596 758 21)
613 703 620 740 :
638 680 731 742 Sicut
742 680 792 741 sol
814 677 926 740 oriens
954 679 991 739 in
1016 678 1113 739 altis·
1165 678 1257 739 sisti
1273 679 1350 741 sunt
1369 679 1435 740 viri
1450 681 1703 756 misericordiae,
1721 699 1864 761 quorum
1879 689 1961 765 pie-

320 777 415 838 simis
429 775 488 856 (l),
506 778 554 838 sic
569 777 720 838 mulieris
743 777 839 838 bonae
861 777 991 852 species
1005 775 1040 836 in
1056 791 1113 836 or-
1165 772 1251 832 tates
1280 781 1347 832 hon
1376 771 1565 846 deruerunt,
1596 793 1671 837 curn
1693 781 1822 842 semiue
1843 797 1966 844 eorum

318 875 513 934 numentum
528 873 656 942 domus.
684 873 840 949 Ephrata,
864 871 1110 950 pulverulenta,
1165 869 1338 945 permanet
1350 865 1397 948 (4)
1412 870 1592 932 haereditas
1618 872 1716 947 bona,
1742 877 1777 938 et
1801 881 1963 955 nepotum
2074 893 2075 898 ¹

319 969 390 1054 sive
404 969 550 1031 furorem
564 969 946 1046 vidensinterpretatur3
963 970 996 1030 et
1008 984 1111 1028 mun·
1165 979 1285 1026 eorum
1306 979 1420 1027 semen
1446 968 1481 1028 in
1503 969 1703 1033 testamento
1716 973 1819 1035 stetit.
1835 991 1854 1034 ›
1868 977 1963 1037 Bene

320 1063 382 1128 dns
411 1067 481 1150 sire
509 1065 707 1137 mundanus,
724 1066 975 1144 pulverulentus
990 1065 1115 1126 dicitur
1166 1061 1323 1124 dicuntur
1335 1064 1486 1140 Apostoli
1500 1066 1566 1127 viri
1577 1067 1827 1142 misericordie,
1844 1073 1878 1133 et
1891 1089 1962 1134 non

319 1165 456 1244 propter
484 1177 631 1224 amorem
659 1162 908 1241 temporalium
932 1160 989 1240 qui
1011 1162 1111 1224 etiam
1166 1159 1273 1220 solum
1293 1161 1537 1234 misericordes,
1555 1165 1651 1240 quasi
1674 1167 1817 1242 quadam
1832 1183 1965 1245 praero-

318 1261 465 1323 iurorem
496 1259 589 1323 videt
612 1275 672 1337 per
696 1257 815 1336 gratia
839 1259 1110 1321 subtractionem.
1165 1257 1290 1332 patira,
1302 1258 1380 1334 quia
1395 1273 1462 1320 non
1478 1259 1585 1320 solum
1598 1277 1670 1335 sue,
1687 1265 1745 1326 sed
1757 1265 1885 1342 seipsos
1899 1267 1964 1328 de-

317 1351 413 1420 Dicta
425 1358 476 1419 est
490 1356 652 1434 siquidem
667 1355 823 1432 Epirota,
850 1355 939 1417 idest
963 1355 1111 1417 lurorem
1166 1353 1286 1415 derunt
1299 1369 1360 1431 pro
1375 1355 1486 1432 nobis;
1507 1359 1600 1419 tanta
1615 1359 1703 1420 enim
1718 1361 1842 1437 pietate
1861 1379 1960 1425 com-

317 1453 413 1528 ridit,
428 1453 469 1515 eh
485 1467 590 1515 uxore
606 1451 705 1513 caleb
717 1449 777 1532 (2),
790 1467 864 1530 quae
879 1451 967 1514 dicta
978 1453 1029 1513 est
1039 1453 1113 1512 Ma·
1165 1451 1246 1512 moti
1270 1451 1348 1512 sunt
1371 1467 1471 1529 super
1498 1453 1695 1517 infidelitate
1717 1459 1844 1530 nemra,
1870 1461 1961 1536 quod

317 1551 381 1623 ria,
397 1551 476 1628 quia
490 1547 637 1611 ibiiacta
651 1549 702 1610 est
716 1547 860 1625 leprosa,
878 1548 1111 1610 Dominosub-
1165 1562 1226 1625 pro
1249 1548 1345 1609 nobis
1378 1550 1575 1625 sanguinem
1604 1567 1701 1614 suum
1724 1553 1894 1628 iuuerunt,
1923 1560 1960 1619 et

317 1646 473 1709 trahente
487 1645 640 1722 gratiam.
659 1647 741 1707 Etsi
757 1647 806 1707 sic
824 1645 926 1707 suerit
944 1646 980 1706 in
996 1659 1112 1706 exem·
1165 1645 1307 1706 diversis
1331 1647 1505 1723 suppliciis
1525 1663 1665 1724 corpora
1684 1649 1912 1728 tradiderunt;
1926 1655 1961 1714 et

318 1744 420 1821 plum,
436 1741 706 1820 magnificabitur
720 1757 839 1804 nomen
855 1745 928 1819 ejus
945 1743 980 1803 in
1005 1741 1110 1803 Beth·
1164 1742 1335 1804 ideohene
1349 1742 1507 1805 dicuntur
1520 1745 1584 1806 viri
1602 1747 1852 1820 misericordie,
1867 1765 1960 1827 quo-

318 1835 439 1912 lehem,
469 1839 556 1903 idest
579 1839 613 1900 in
637 1839 734 1904 domo
772 1839 879 1917 panis,
900 1839 987 1904 idest
1010 1855 1111 1916 super
1165 1854 1239 1900 rum
1254 1837 1394 1916 pietates
1405 1857 1472 1902 non
1487 1841 1675 1905 defuerunt.
1692 1845 1787 1906 Unde
1808 1861 1885 1908 cum
1896 1863 1959 1908 se-

318 1937 485 2000 ooelestem
500 1936 698 2000 Jerusalem.
1164 1936 1253 1998 mine
1288 1953 1403 1998 eorum
1431 1940 1606 2015 permanet
1639 1941 1819 2004 haereditas
1852 1943 1957 2016 bona,

1164 2033 1249 2094 idest
1263 2033 1958 2112 coelestisjucunditascumsemiaeeorum,

1163 2128 1249 2192 idest
1272 2145 1347 2191 curn
1382 2131 1607 2194 imitatoribus
1639 2135 1857 2211 permanebit.
1893 2139 1961 2209 Qui

550 2202 690 2262 SERMO
702 2202 874 2262 LXXXIV·
1163 2225 1251 2286 enim
1268 2227 1452 2289 desemine
1472 2243 1597 2302 eornm,
1615 2230 1701 2292 idest
1713 2231 1754 2293 de
1768 2233 1962 2296 imitatione

317 2347 349 2406 ln
365 2343 448 2406 reso
462 2347 672 2422 Apostolorum,
693 2347 741 2405 uni
765 2345 1108 2422 Apostolidicunturnlil,
1162 2323 1397 2400 Apostolorum
1412 2337 1473 2401 per
1495 2327 1685 2404 exemplum
1699 2328 1959 2392 bonaeoonver-

577 2437 623 2495 vcl
641 2437 728 2494 etiam
744 2435 841 2508 pedes.
1163 2419 1304 2481 sationis
1322 2433 1389 2482 non
1404 2421 1515 2494 inerit,
1534 2425 1660 2486 aeterna
1681 2425 1842 2489 felicitate
1856 2443 1962 2491 care-

321 2575 395 2637 Pro
401 2572 562 2647 patribus
577 2573 646 2632 tuis
660 2571 826 2634 nattsunt
840 2572 900 2632 tibi
920 2571 983 2642 filit
1003 2567 1107 2648 (Psal.
1161 2516 1384 2692 bsts'equsturt
1410 2618 1455 2678 Et
1475 2619 1639 2691 nepotum
1657 2635 1779 2682 emm
1790 2627 1958 2684 smum

645 2671 695 2740 tt,
714 2665 777 2746 17)·
1163 2709 1374 2773 testamento
1384 2711 1496 2788 stetim
1514 2715 1610 2789 quasi
1630 2715 1720 2778 dicat
1737 2737 1745 2776 ε
1761 2719 1961 2780 Testamen-

356 2809 430 2870 Pro
442 2807 601 2884 patribus
612 2807 682 2870 tuis
693 2807 770 2869 nati
783 2808 866 2869 sunt
883 2808 943 2868 ttbt
954 2809 1028 2879 filit,
1048 2806 1109 2868 Dei
1162 2806 1242 2877 turn,
1259 2807 1346 2869 idest
1361 2807 1470 2869 tidelis
1495 2810 1645 2872 Ecclesia
1671 2811 1828 2875 roborata
1842 2817 1903 2886 est,
1922 2817 1960 2877 et

316 2903 558 2980 Prophetarum
571 2919 793 2976 successores,
808 2903 937 2966 scilicet
947 2901 1106 2980 Apostoli,
1162 2903 1359 2966 confirmata
1388 2907 1441 2967 est
1469 2905 1505 2966 in
1528 2908 1796 2978 semineeorum,
1811 2909 1899 2971 idest
1919 2912 1958 2972 in

315 2999 356 3062 de
371 2998 489 3080 quibus
503 3001 634 3064 dicitur.
652 3001 914 3064 Constitucseos
932 3003 1109 3076 principes
1162 3000 1424 3075 successoribus,
1454 3003 1488 3063 et
1516 3001 1741 3066 imitatoribus
1773 3005 1959 3083 Apostolo-

315 3111 423 3172 supcr
437 3113 574 3162 omnem
593 3101 740 3171 terram,
766 3097 852 3159 idest
875 3096 1108 3159 conformitate
1162 3111 1247 3164 rum,
1265 3097 1371 3174 quiin
1395 3099 1561 3174 sanguine
1583 3115 1643 3161 suo
1662 3100 1887 3166 luadaverunt
1899 3107 1960 3166 lic-

314 3195 461 3257 statuisti
474 3211 532 3259 cos
542 3193 1017 3271 pnmlpes;ineslnacetiam
1028 3207 1109 3254 con-
1162 3193 1310 3254 alesiam.
1339 3193 1434 3256 Unde
1455 3191 1489 3256 in
1514 3198 1772 3262 Deuteronomio
1796 3199 1860 3278 (33,
1880 3200 1957 3280 till:

314 3289 482 3354 formitate
510 3293 638 3354 statues
664 3307 734 3362 eos,
759 3291 846 3352 sicut
866 3291 1008 3367 teipsum
1035 3291 1109 3351 sta-
1162 3293 1366 3364 «Populum
1381 3289 1486 3370 (5)(ια
1500 3295 1825 3358 montemoooobuut
1840 3297 1956 3376 :ct(6)

314 3387 420 3452 tuisti.
435 3391 481 3450 De
497 3385 631 3450 Christo
651 3387 814 3465 siquidem
839 3387 962 3463 legitur
976 3386 1056 3466 (isa.
1073 3389 1103 3458 9,
1162 3388 1387 3448 immittunt
1419 3390 1580 3452 victimas
1592 3391 1763 3464 suscitem
1789 3393 1854 3455 1³00
1880 3397 1955 3456 osi:

312 3486 369 3568 6):
393 3487 520 3548 Factus
548 3486 601 3548 est
619 3485 837 3560 principatus
852 3499 959 3558 super
982 3473 1107 3547 hume·
1161 3483 1324 3558 Apostoli,
1353 3485 1387 3546 et
1419 3499 1536 3548 eorum
1570 3488 1757 3550 imitatores
1779 3497 1956 3566 papicum
2073 3557 2074 3572 ἦ

313 3600 396 3647 rtem
414 3587 500 3657 ejus.
532 3585 640 3659 Reges
667 3581 779 3644 ierunt
800 3583 967 3658 sceptrum
992 3581 1027 3642 in
1055 3582 1109 3642 si·
1163 3578 1248 3641 idest
1262 3581 1410 3644 minores
1430 3586 1476 3644 ad
1495 3586 1649 3646 montem
1662 3589 1839 3677 vocabunt,
1867 3589 1956 3652 idest

314 3697 428 3758 gnum,
454 3679 487 3742 et
500 3679 661 3741 indicium
673 3679 770 3755 regni
785 3677 856 3756 jain
885 3677 1059 3755 acquisiti3
1076 3679 1109 3740 et
1162 3676 1204 3737 ad
1220 3674 1451 3740 celsitudinem
1461 3679 1633 3743 felicitatis
1643 3683 1789 3756 aeternae,
1801 3687 1835 3747 ei
1848 3687 1882 3746 ut
1895 3701 1955 3746 eos

314 3775 466 3839 Christus
482 3775 543 3837 sub
564 3777 660 3852 signo
675 3775 785 3838 crucis
800 3775 1107 3851 sibiregnumrin-
1162 3767 1344 3835 efficaciter
1374 3791 1496 3838 vocare
1532 3779 1673 3854 possint,
1717 3781 1954 3854 tmncotcbtmt,

313 3871 448 3936 dicavit.
464 3873 535 3934 Hac
550 3873 651 3935 etiam
673 3871 836 3934 conformi
850 3873 983 3934 ratione
993 3875 1104 3948 Apos-
1163 3869 1251 3932 idest
1264 3871 1392 3949 seipsos
1405 3874 1503 3935 morti
1514 3889 1575 3951 pro
1588 3875 1639 3936 eis
1654 3875 1844 3952 subjicient.
1860 3879 1957 3940 Unde
2072 3915 2073 3962 q

313 3969 375 4034 toti
408 3969 472 4032 sibi
509 3969 767 4032 vindicaverunt
795 3969 1030 4048 principatum.
1061 3971 1109 4030 Ile
1162 3967 1197 4027 in
1215 3969 1353 4030 cantico
1376 3967 1537 4032 Debborae
1562 3970 1684 4050 (Jndlc.
1705 3972 1956 4053 5,18):Zabu-
2072 3981 2073 3992 ¹

311 4067 443 4130 Christo
463 4067 628 4144 siquidem
644 4067 767 4129 dicitur
781 4089 789 4126 ε
805 4068 933 4128 rectus
948 4069 1107 4129 obediens
1162 4064 1229 4136 lon,
1240 4067 1276 4127 et
1288 4065 1469 4143 Nephthali
1484 4066 1577 4147 se(7)
1591 4069 1691 4132 morti
1706 4071 1899 4136 obtulerunt
1920 4074 1955 4136 iu
2072 4081 2073 4086 ’

313 4179 421 4238 usquc
442 4165 661 4236 admortem,
678 4163 829 4225 mortem
845 4166 1107 4236 outcmoructs;
1162 4162 1299 4236 regione
1327 4165 1484 4226 Merome.
1518 4167 1674 4243 Sequitur
1695 4167 1730 4229 in
1747 4171 1956 4232 Deuterono-

309 4261 553 4337 propterquod
561 4261 693 4321 cilicos
701 4261 870 4322 emattaott
878 4257 1105 4338 lcom(3),etc.
1162 4257 1308 4337 miot3i,
1324 4259 1376 4340 19)
1392 4277 1399 4322 :
1416 4264 1653 4326 inundationes
1669 4263 1716 4344 (8)
1733 4267 1836 4328 maris
1859 4269 1955 4345 quasi

313 4359 397 4420 Ecce
418 4355 583 4434 quomodo
604 4355 754 4417 Christus
778 4371 838 4434 per
865 4359 1005 4418 mortem
1029 4371 1109 4416 cru·
1161 4355 1214 4416 lac
1228 4359 1358 4432 sugent,
1381 4357 1416 4420 et
1442 4359 1621 4422 thesauros
1636 4361 1850 4426 absconditos
1878 4381 1955 4427 are-

313 4453 362 4517 cis
403 4453 467 4516 sibi
507 4451 730 4530 principatum
766 4451 965 4515 vindicavit.
997 4451 1112 4514 Simili
1163 4465 1293 4514 nariam.
1310 4453 1456 4516 zabulon
1471 4457 1711 4535 iuterpretatur
1728 4459 1954 4524 habitaculum

314 4549 424 4626 modo,
438 4549 472 4613 et
490 4549 652 4613 conformi
678 4549 828 4633 Apostoli
852 4547 1108 4612 vindicaverunt
1161 4549 1368 4612 fortitudinis
1384 4567 1391 4612 :
1408 4552 1716 4630 Nephthalicervus
1731 4559 1885 4622 emissus.
1897 4561 1954 4621 isti
2071 4533 2072 4559 ³

312 4647 376 4710 sibi
390 4663 541 4725 regnum.
559 4647 653 4710 Unde
664 4647 699 4708 in
714 4647 851 4708 cantico
861 4645 1023 4708 Debborae
1038 4644 1110 4724 (Ju·
1161 4648 1241 4708 sunt
1254 4647 1416 4724 Apostoli,
1436 4647 1663 4714 babitaculum
1679 4655 1808 4718 scilicet
1821 4655 1954 4720 tortitu-

313 4745 378 4810 dic.
394 4749 425 4821 5,
441 4746 475 4825 9)
493 4767 500 4807 :
518 4747 581 4807 Cor
603 4759 712 4806 meum
741 4743 850 4820 diligit
871 4743 1039 4821 principes
1057 4745 1108 4804 ls-
1161 4743 1261 4816 dinis,
1272 4745 1307 4806 et
1317 4746 1526 4810 sustinentiae
1533 4749 1851 4830 tormentorum,qui
1858 4755 1953 4832 quasi

349 4923 391 5062 ὅ)
403 4919 610 4994 Vulg.:oriens
620 4919 765 4980 muudoin
781 4917 998 4980 oldsstuisbet.
1198 4919 1241 5061 (3)
1261 4919 1365 4994 Philip.
1380 4921 1407 4990 2,
1419 4921 1476 4980 iet
1489 4924 1516 4980 il.

409 4991 453 5048 lb
469 5007 556 5050 uxore
571 4991 656 5052 Celeb
671 4998 726 5050 etc.
742 4991 812 5050 Cum
824 4991 854 5072 in
869 4987 1105 5115 primoParslip„
1197 4989 1226 5059 (i
1259 4991 1344 5064 Vulg.
1362 5008 1369 5049 ε
1390 5000 1558 5076 permanent
1581 4993 1667 5064 bona,
1683 4995 1844 5058 liaereditos
1855 5009 1952 5058 sancte

314 5076 348 5120 cc
372 5061 419 5128 .i,
435 5077 510 5120 vers.
529 5063 572 5131 iil,
588 5061 700 5134 legatur
717 5077 723 5118 :
743 5061 861 5132 Accepit
886 5071 1003 5115 uxorem
1023 5060 1059 5117 Ca
1072 5059 1107 5115 eb
1160 5067 1281 5130 nepotes
1307 5075 1417 5132 eorum,
1445 5070 1474 5119 et
1495 5077 1524 5120 in
1552 5067 1828 5126 testamentis'stetit
1853 5085 1952 5127 sennen

314 5076 456 5204 Ephraim
473 5131 549 5189 hunc
567 5139 675 5188 matum
690 5131 792 5188 Glossa
806 5129 949 5188 ordinaria
962 5129 1004 5211 sic
1015 5126 1104 5201 expli·
1160 5143 1270 5212 eorum.
1288 5132 1599 5192 Versiooutsmdrcca
1612 5137 1691 5194 LXX
1711 5139 1796 5208 lepti.-
1818 5140 1888 5198 Cum
1906 5155 1950 5198 ss·

314 5209 360 5260 cat
376 5217 383 5260 ε
397 5201 532 5273 prrtta.
550 5203 617 5260 lieo
631 5207 685 5269 est,
699 5202 787 5258 liaris
809 5215 890 5257 soror
903 5201 1005 5273 bioysr,
1018 5207 1107 5284 mater
1161 5215 1353 5285 minaeorum
1377 5204 1556 5276 permanebit
1575 5205 1649 5262 bona
1673 5205 1837 5278 heredites,
1862 5226 1950 5284 nepo·

314 5274 384 5341 ilur,
399 5271 486 5344 patris
502 5273 580 5340 iiuri,
595 5271 641 5330 avi
657 5269 792 5330 beseleel.
814 5273 873 5328 llur
894 5285 962 5328 vcro
981 5277 1034 5338 est,
1059 5285 1107 5342 qul
1140 5296 1143 5306 ·
1161 5278 1324 5338 laccorum,
1341 5288 1369 5329 in
1390 5275 1569 5332 testamentis
1582 5277 1659 5334 stetit
1673 5292 1772 5336 semma
1787 5295 1896 5339 eorum.

313 5355 378 5400 cum
400 5343 496 5400 Aaron
524 5341 682 5399 sustinebat
700 5355 803 5398 manus
831 5340 932 5413 Moysi,
960 5349 1108 5422 pugnante
1257 5343 1343 5416 vulg.
1361 5359 1368 5400 :
1383 5345 1517 5417 Populos.

313 5415 410 5473 iosus.
435 5413 517 5469 Hanc
532 5427 616 5484 porro
626 5412 844 5484 explicationem
859 5413 988 5538 ιζιημυε
1003 5426 1031 5466 ru
1041 5425 1108 5470 eun·
1206 5413 1223 5470 6
1257 5415 1342 5486 vulg.
1362 5430 1369 5470 :
1384 5414 1431 5472 ibi.

314 5483 381 5542 dem
393 5484 486 5542 locum
503 5489 621 5539 testatur
634 5496 699 5539 csse
711 5483 820 5540 Glossse
835 5483 878 5538 ile
898 5495 993 5550 reice,
1009 5495 1105 5553 quam,
1196 5485 1238 5554 (7)
1258 5485 1344 5556 vulg.
1363 5500 1370 5540 :
1388 5486 1500 5542 animas
1514 5501 1591 5544 sues.

312 5555 414 5627 inquit,
429 5553 516 5625 aliqui
532 5553 717 5625 Expositores
745 5553 834 5609 nostri
856 5559 1008 5624 sequutum
1026 5567 1104 5610 cam·
1197 5553 1238 5624 (tl)
1258 5555 1343 5627 Vulg.
1363 5555 1611 5614 :inundationem

312 5625 437 5700 demque
452 5633 568 5684 secutus
580 5631 623 5681 est
633 5625 754 5681 Sanctus
769 5630 874 5680 noster.
1139 5641 1143 5668 ι
