4152 6388
1890 314 1958 379 204

748 327 802 385 AD
824 323 962 384 OPERA
985 273 1018 382 S
1042 321 1263 384 Fuluulscl
1283 321 1509 408 asetsiuuis

310 325 371 386 203

311 487 369 547 des
385 485 562 546 dioecesani
577 483 723 560 episcopi
746 481 832 545 forte
846 481 1028 552 vacaverit,
1049 481 1104 542 in·
1156 479 1348 542 thesaurus.
1373 479 1550 542 Constituti
1565 478 1662 540 erant
1675 477 1829 538 minister
1842 489 1955 552 gene-

311 583 409 645 terim
440 582 550 642 omnia
585 580 812 644 ecclesiastica
845 580 1054 640 sacramenta
1083 594 1102 638 a
1156 578 1250 648 ralis,
1268 577 1372 640 etalii
1391 591 1510 652 graves
1530 575 1789 650 Ordinispatres
1804 573 1955 635 Pontifi-

311 679 432 740 ricinis
447 677 613 754 episcopis
632 677 786 752 accipere
803 674 919 747 libere,
934 677 967 738 et
979 675 1103 751 absque
1157 676 1207 736 cis
1227 675 1362 736 nomine
1375 676 1407 736 et
1423 674 1633 744 auctoritate,
1651 671 1872 734 commissarii
1887 671 1957 730 bu·

311 775 572 838 contradictione
583 773 734 850 possitis;
749 773 919 834 sictamen
934 773 971 832 ut
985 787 1028 831 ex
1041 771 1103 832 boc
1153 775 1211 848 jus
1235 771 1476 843 translationis,
1504 769 1623 848 quibus
1643 769 1754 831 tamen
1778 783 1846 830 non
1867 768 1955 828 adeo

310 873 528 950 inposterum
544 871 678 948 proprio
700 869 855 946 episcopo
874 868 1001 930 nullum
1016 883 1105 945 prae-
1157 869 1298 930 liberum
1313 867 1376 930 fuit
1389 883 1462 930 eam
1480 881 1538 943 per
1551 865 1721 938 sefacere,
1738 881 1816 926 nam
1831 866 1957 926 cirita·

292 961 300 966 ’
306 970 470 1048 iudicium
483 970 671 1044 generetur.
685 969 768 1040 Quia
776 981 856 1028 rere
868 965 1034 1027 interdum
1046 979 1105 1026 ea·
1157 967 1200 1028 tis
1213 967 1359 1028 rectores
1380 965 1413 1026 id
1438 965 1504 1026 sibi
1521 965 1668 1025 muneris
1683 963 1955 1040 assumpserunt,

311 1069 386 1130 dem
400 1067 542 1130 ecclesia
558 1082 623 1128 non
648 1065 749 1128 babet
771 1065 837 1126 loci
849 1063 1030 1124 dioecesani
1046 1077 1104 1122 co·
1158 1063 1191 1125 et
1205 1063 1240 1125 ut
1252 1064 1387 1126 rentum
1403 1067 1476 1123 erat
1495 1062 1536 1124 ad
1560 1061 1736 1124 ecclesiam
1757 1061 1958 1122 restiterunt

312 1166 412 1243 piam,
441 1166 469 1227 st
494 1180 590 1242 quem
607 1163 798 1240 episcopum
821 1165 979 1223 Romanae
995 1158 1102 1230 Sedis,
1159 1159 1324 1222 communi
1346 1161 1493 1222 omnium
1515 1158 1681 1222 desiderio
1701 1157 1958 1234 corpusridere

311 1264 348 1325 ut
359 1263 516 1333 diximus,
537 1262 679 1338 gratiam
703 1263 736 1322 et
758 1257 1022 1321 communionem
1037 1255 1102 1318 ha·
1157 1258 1350 1329 volentium,
1366 1273 1443 1318 nam
1456 1256 1625 1334 rapientes
1643 1257 1725 1317 illud
1745 1256 1780 1317 in
1794 1255 1956 1333 superbia

311 1359 454 1431 bentem,
463 1361 495 1422 et
506 1359 546 1420 de
556 1374 621 1435 quo
631 1359 763 1435 plenam
778 1357 929 1418 notitiam
940 1352 1101 1424 babeatis,
1158 1357 1191 1418 et
1205 1355 1348 1418 tumultu
1359 1353 1406 1435 (1)
1419 1354 1847 1430 translationismysterium
1858 1353 1959 1414 dam-

311 1472 371 1534 per
382 1472 440 1518 vos
455 1457 600 1518 transire
620 1454 807 1530 contigerit,
834 1453 874 1514 ab
888 1467 927 1514 eo
940 1451 1102 1513 benedic·
1158 1453 1315 1516 rabiliter
1333 1453 1596 1529 prophanarunt,
1613 1467 1679 1512 non
1692 1451 1783 1528 passi
1797 1466 1817 1512 a
1834 1449 1956 1512 fratri-

311 1554 420 1615 tiones
434 1569 602 1623 rasorum,
618 1553 649 1614 et
661 1553 817 1623 vestium,
835 1549 1104 1612 consecrationes

312 1651 479 1722 altarium,
494 1650 721 1711 ordinationes
736 1649 875 1710 fratrum
893 1647 1102 1716 clericorum,

312 1749 509 1811 auctoritate
528 1747 728 1824 Apostolicae
749 1746 845 1807 Sedis
869 1745 1020 1820 recipere
1040 1758 1104 1803 va·

312 1847 420 1908 luatis.
455 1848 535 1905 Cum
567 1847 677 1905 autem
708 1842 864 1919 generale
893 1840 1104 1902 interdictum

312 1946 410 2005 terrae
426 1941 536 2013 fuerit,
550 1940 752 2003 liceatvobis
767 1940 891 2000 clausis
902 1936 1028 2016 januis,
1045 1951 1106 1998 ex-

313 2041 416 2102 clusis
435 2039 743 2111 excommunicetis,
769 2039 802 2098 et
823 2036 1022 2106 interdictis,
1038 2049 1104 2095 non

313 2137 454 2215 pulsatis
473 2136 655 2212 campanis,
682 2149 860 2212 suppressa
886 2147 968 2194 roce
991 2132 1104 2193 diuina

314 2234 423 2296 offlcia
439 2232 620 2294 celebrare.
637 2231 718 2293 Paci
740 2245 871 2308 quoque
889 2231 923 2293 et
941 2227 1106 2306 tranquil-

314 2331 400 2393 litati
411 2332 532 2392 vestrae
550 2329 690 2406 paterna
706 2328 740 2388 in
755 2330 924 2404 posterum
938 2325 1104 2388 sollicitu-

313 2429 390 2490 dine
405 2427 581 2505 proridere
595 2427 755 2498 volentes,
772 2425 970 2486 auctoritate
993 2425 1105 2500 Apos-

311 2527 412 2588 tolica
427 2524 651 2602 prohibemus,
671 2523 708 2585 ut
721 2521 810 2584 infra
824 2522 999 2584 clausuras
1014 2520 1106 2581 loco-

312 2639 386 2685 rum
398 2625 584 2684 uestrorum
600 2620 713 2681 nullus
725 2620 876 2696 rapinam
901 2634 962 2680 seu
982 2617 1106 2679 furtum

313 2719 554 2794 facere,ignem
565 2733 743 2795 apponere,
752 2715 1103 2792 sanguinemfundere‚

264 2820 268 2829 “
314 2812 1106 2890 bominemtomerecapere,velinterdcere,seu

314 2913 509 2976 violentiam
536 2911 658 2973 audeat
679 2925 848 2972 exercere.
872 2909 921 2972 ud
946 2909 1104 2971 indicium

316 3013 427 3074 autem
450 3011 550 3088 hujus
566 3008 729 3071 libertatis
745 3007 786 3069 ab
808 3007 998 3085 apostolica
1023 3007 1106 3068 Sede

314 3109 478 3187 perceptas
492 3108 592 3169 unius
614 3106 709 3168 librae
732 3120 819 3167 cera
838 3119 986 3176 censum,
1010 3103 1105 3166 nobis

315 3209 348 3269 et
359 3205 607 3268 successoribus
620 3203 743 3265 nostris
758 3203 856 3264 annis
872 3200 1014 3276 siugulis
1026 3217 1106 3278 per-

316 3303 462 3366 solvetis.
480 3303 694 3364 Decernimus
708 3315 788 3377 ergo
813 3301 851 3361 ut
870 3299 954 3360 uuili
972 3298 1106 3360 omnino

315 3402 486 3463 hominnm
498 3400 598 3462 liceat
610 3397 783 3476 praefatam
797 3397 972 3460 ecclesiam
981 3396 1108 3457 temero

315 3498 531 3578 perturbare,
560 3499 617 3559 aut
642 3499 714 3574 ejns
742 3496 830 3558 bona
862 3495 1016 3566 auferre,
1045 3509 1107 3555 nec

315 3595 426 3658 ablata
436 3595 591 3666 retinere,
606 3595 668 3656 etc.
682 3593 814 3654 Cunctis
825 3594 948 3660 autem,
961 3591 1024 3652 etc.
1040 3592 1108 3650 Da-

313 3697 383 3756 tum
394 3693 562 3764 Laterani,
574 3707 633 3768 per
644 3705 777 3752 manum
791 3689 941 3766 magistri
957 3687 1104 3758 Martini,

316 3793 349 3853 S.
366 3795 405 3853 R.
422 3793 456 3852 Ε.
472 3787 753 3851 vicecancellarii.

353 4088 408 4148 Vl.
431 4086 545 4148 Multis
572 4083 752 4160 praemissis
781 4081 962 4160 praeludiis,
986 4091 1107 4157 magna

198 4176 209 4233 ἰ
314 4183 499 4261 praeparata
522 4181 742 4252 solemnitate,
759 4179 891 4240 tandem
912 4179 947 4238 in
962 4177 1106 4254 profesto

315 4281 527 4343 Pentecostes
542 4278 596 4339 die
610 4277 771 4352 vigesimo
784 4277 900 4354 quinto
914 4275 996 4335 maii
1020 4273 1106 4336 facta

315 4381 365 4440 est
379 4375 565 4447 translatio,
594 4373 723 4436 eleuata
747 4376 876 4435 eterra
898 4386 1017 4447 magno
1033 4388 1107 4433 cum

314 4477 471 4553 clangore
484 4473 637 4535 tubarum
651 4471 859 4548 aliorumque
873 4471 1108 4534 instrumento·

314 4591 388 4636 rum
415 4587 515 4650 capsa
538 4572 660 4648 lignea,
680 4571 715 4630 in
733 4585 796 4647 qua
820 4572 971 4631 sanctum
986 4585 1106 4646 corpus

1158 1549 1219 1611 bus
1234 1549 1393 1626 praedicto
1408 1550 1539 1625 corpori
1548 1549 1693 1610 debitam
1703 1547 1958 1610 venerationem

1158 1647 1323 1718 exhiberi,
1339 1647 1417 1708 dum
1438 1647 1548 1709 omnia
1565 1645 1813 1723 perturbarunt,
1841 1647 1957 1706 omnia

1159 1745 1389 1808 confuderunt.
1407 1745 1456 1806 lta
1468 1744 1572 1806 refert
1586 1743 1741 1806 Pontifex
1754 1743 1959 1820 grarimimc

1159 1844 1199 1904 de
1223 1843 1287 1904 hac
1310 1857 1348 1904 re
1375 1841 1565 1918 diplomate,
1593 1841 1706 1905 statim
1734 1840 1958 1918 subjiciendo,

1160 1941 1238 2001 licet
1251 1939 1355 2016 aliqui
1383 1955 1426 2000 ex
1449 1938 1572 2002 nostris
1589 1938 1720 2016 culpam
1732 1951 1863 1998 omnem
1878 1937 1962 2012 reji-

1159 2037 1250 2099 ciant
1264 2037 1299 2098 iu
1320 2036 1463 2108 Heliam,
1485 2037 1539 2098 cui
1559 2035 1656 2112 plura
1670 2035 1758 2096 ultra
1775 2035 1958 2096 ueritatem

1159 2135 1331 2212 impositu3
1366 2134 1452 2211 quod
1488 2134 1526 2196 ut
1569 2133 1760 2212 frequenter
1791 2131 1862 2204 his,
1897 2132 1958 2208 qui

1159 2235 1290 2309 regunt,
1306 2233 1488 2309 praesertim
1504 2231 1557 2304 iis,
1579 2245 1718 2309 quorum
1735 2229 1837 2292 semel
1852 2229 1960 2305 depe-

1159 2331 1217 2393 riit
1244 2330 1370 2408 opinio,
1395 2330 1432 2391 ut
1456 2328 1555 2392 facile
1581 2328 1739 2406 quidquid
1759 2326 1803 2388 sit
1822 2326 1903 2388 mali
1918 2327 1958 2386 in

1160 2444 1217 2490 eos
1240 2426 1446 2499 refundatur,
1474 2429 1508 2487 et
1536 2427 1646 2488 dubiae
1669 2441 1781 2496 noxae,
1812 2439 1958 2501 quorum

1161 2527 1253 2588 actor
1271 2525 1431 2595 incertus,
1451 2523 1519 2584 illis
1540 2523 1730 2600 alligantur.
1746 2523 1902 2583 Fortasse
1918 2521 1957 2580 in

1160 2637 1200 2684 eo
1212 2622 1376 2684 laborarit
1401 2621 1526 2693 Helias,
1544 2621 1580 2682 ut
1601 2635 1669 2682 non
1684 2620 1812 2696 pateret
1825 2618 1959 2696 rapinae

1160 2735 1293 2798 corpus,
1311 2721 1344 2782 et
1357 2721 1394 2782 ut
1408 2718 1449 2780 ab
1463 2718 1610 2780 omnium
1629 2717 1821 2779 auferretur
1833 2715 1957 2786 oculis,

1160 2833 1199 2880 ea
1224 2821 1297 2880 arte
1320 2818 1357 2880 ut
1379 2817 1464 2878 nulli
1479 2815 1703 2877 innotesceret
1716 2815 1823 2886 locus,
1838 2813 1875 2874 ln
1889 2828 1959 2890 quo

1160 2915 1411 2986 recondebatur,
1431 2929 1493 2976 nec
1508 2912 1694 2986 cuniculus,
1712 2911 1771 2973 aut
1782 2909 1959 2982 ostiolum,

1160 3029 1221 3090 per
1238 3011 1325 3089 quod
1339 3010 1603 3074 descendebatur
1625 3010 1666 3072 ad
1681 3009 1858 3070 ecclesiam
1873 3007 1958 3068 snb-

1162 3111 1360 3172 terraneam.
1389 3109 1526 3170 Turbati
1554 3123 1621 3169 non
1640 3121 1758 3184 parum
1776 3105 1958 3167 fratresex

1159 3208 1254 3269 tanto
1267 3206 1454 3269 tumultuet
1467 3205 1619 3268 fraudato
1632 3205 1810 3274 desiderio,
1823 3218 1885 3265 nec
1895 3203 1958 3264 de-

1161 3305 1305 3375 fuerunt,
1321 3303 1378 3380 qui
1400 3303 1486 3379 apud
1512 3303 1706 3364 Pontificem
1722 3301 1956 3379 qurerereutur‚

1161 3402 1353 3478 adquorum
1369 3401 1563 3462 relationem
1576 3400 1791 3462 vehementer
1802 3415 1956 3461 commo-

1160 3501 1227 3571 tus,
1242 3497 1428 3575 increparit
1445 3512 1564 3574 aspere
1579 3495 1770 3569 Assisiates,
1787 3497 1958 3574 jussitque

1162 3599 1198 3658 ut
1221 3611 1331 3658 coram
1360 3595 1395 3656 in
1421 3594 1509 3656 Urbe
1541 3595 1742 3671 apparerent
1768 3593 1957 3655 exsenatu

1162 3693 1265 3770 aliqui
1278 3693 1411 3769 dignam
1425 3692 1516 3754 tanta
1537 3691 1725 3754 temeritate
1747 3707 1880 3768 poenam
1895 3707 1957 3752 so-

1161 3791 1274 3854 luturi.
1290 3790 1439 3866 injunxit
1452 3791 1552 3852 etiam
1566 3803 1625 3865 per
1640 3789 1808 3866 piissimas
1824 3789 1858 3851 et
1869 3803 1955 3864 gra-

1160 3889 1316 3952 vissimas
1326 3887 1455 3950 litteras
1470 3887 1634 3964 episcopis
1648 3886 1812 3947 Perusino
1826 3888 1860 3948 et
1875 3888 1959 3963 Spo-

1160 3986 1282 4056 letano,
1300 3986 1336 4045 ut
1358 3987 1513 4046 curarent
1537 3983 1669 4061 plenam
1691 3983 1957 4046 satisfactionem

1161 4083 1233 4145 dari
1248 4082 1312 4160 ipsi
1328 4081 1481 4144 Pontifici
1495 4083 1595 4144 tantae
1611 4081 1754 4158 iujuriae,
1774 4096 1875 4158 quam
1890 4081 1957 4143 sibi

1161 4182 1208 4242 ait
1222 4182 1414 4257 irrogatam.
1431 4179 1578 4242 Habetur
1588 4181 1624 4240 iu
1636 4181 1709 4257 ejus
1724 4179 1868 4255 Regesto
1884 4195 1955 4241 nu-

1161 4293 1251 4340 mero
1265 4280 1325 4339 38:

1201 4376 1379 4451 Gregorius
1414 4373 1600 4452 episcopus,
1637 4391 1753 4437 servus
1779 4390 1959 4438 serrorum

1161 4474 1231 4544 Dei,
1249 4473 1421 4544 Perusino,
1438 4474 1472 4535 et
1487 4473 1664 4549 Spoletano
1677 4473 1853 4550 episcopis,
1868 4477 1934 4536 etc.

1202 4571 1412 4647 speravimus
1427 4570 1590 4633 hactenus
1612 4576 1648 4631 ut
1662 4571 1817 4647 potestas,
1842 4573 1958 4633 consi-

314 4671 567 4738 occludebatur,
602 4667 823 4746 impositaque
861 4667 1011 4744 plaustro
1047 4683 1106 4729 seu
1161 4668 1255 4738 lium,
1269 4669 1303 4730 et
1314 4667 1455 4744 populus
1465 4667 1721 4729 assisinatensis
1737 4667 1957 4746 multiplicem

313 4771 426 4832 currui
442 4767 677 4846 pulcherrimo,
690 4765 774 4826 mira
788 4765 821 4826 et
832 4765 978 4841 pretiosa
993 4765 1106 4826 varie-
1161 4765 1314 4841 gratiam
1340 4779 1405 4841 qua
1431 4780 1488 4825 eos
1510 4764 1618 4826 adbuc
1638 4766 1672 4825 in
1698 4765 1820 4828 minori
1842 4765 1957 4828 officio

312 4869 380 4930 tate
396 4867 524 4938 ornate,
542 4881 638 4942 quem
659 4863 700 4925 ob
715 4863 882 4939 ingentem
896 4863 1017 4922 molem
1032 4863 1106 4924 tra·
1162 4862 1331 4925 constituti
1355 4862 1587 4939 praeopimus,
1610 4865 1642 4924 et
1662 4879 1776 4924 sumus
1792 4864 1955 4927 contiuuo

313 4963 436 5024 hebent
448 4963 551 5024 bores
567 4977 714 5039 purpura
730 4960 889 5037 cooperti.
906 4960 946 5021 Vi
962 4960 995 5021 et
1004 4959 1107 5020 armis
1162 4960 1345 5038 prosecuti,
1380 4959 1467 5020 sicut
1498 4961 1669 5032 convenit,
1711 4963 1954 5037 agnoscentes,

313 5061 491 5122 voluerunt
518 5074 591 5120 esse
629 5057 789 5136 praecipui
817 5059 947 5119 actores
975 5057 1010 5117 in
1042 5055 1104 5118 hoc
1160 5059 1368 5123 sectarentur
1401 5057 1564 5132 agnitam,
1602 5060 1796 5120 reverenter
1829 5061 1957 5122 uostris

312 5157 500 5235 spectaculo
515 5158 605 5217 cives
620 5155 799 5216 assisiates
814 5153 971 5216 adhibitis
992 5154 1103 5216 multis
1157 5155 1375 5232 beneplacitis
1420 5155 1619 5215 omnimodis
1653 5156 1880 5233 obsequendo,
1916 5161 1957 5221 ut

311 5254 512 5325 custodibus,
522 5253 671 5316 etvalida
681 5253 1103 5323 militummanu,caventes
1158 5269 1289 5330 semper
1313 5253 1348 5313 in
1367 5253 1509 5328 gratiam
1531 5255 1719 5315 crescerent
1742 5255 1954 5330 ampliorem.

311 5369 354 5414 ne
366 5351 442 5413 dolo
455 5352 534 5422 ullo,
547 5350 992 5426 autartesubriperetur,vel
1004 5363 1104 5426 praes-
1159 5352 1222 5414 Sed
1237 5351 1322 5428 quod
1344 5365 1411 5412 non
1437 5349 1509 5410 sine
1529 5351 1752 5412 amaritudine
1774 5351 1955 5416 referimus

310 5451 389 5512 cisis
405 5449 482 5511 ullis
494 5447 644 5526 partibus
655 5447 951 5509 minuereturadeo
962 5447 1103 5523 insignis
1157 5447 1355 5519 vehementi,
1373 5448 1437 5524 ipsi
1448 5447 1553 5523 gratis
1567 5447 1702 5526 ingrati,
1715 5447 1810 5510 nobis
1827 5449 1954 5513 malum

345 5657 386 5732 (l)
407 5653 479 5714 vide
496 5653 633 5722 notulam,
651 5665 723 5724 quae,
739 5657 802 5722 post
818 5649 994 5724 epitaphium
1009 5653 1099 5710 saneti
1120 5653 1275 5730 francisci,
1290 5651 1363 5710 infra
1384 5652 1508 5725 ponitur.
