4158 6380
325 315 383 376 115
763 309 818 370 Ab
840 307 978 370 OPERA
1001 307 1033 398 S
1056 305 1278 369 ruanclscl
1299 307 1526 370 ASSlSIATIS
1905 307 1966 370 116

318 474 445 545 sancto,
461 471 604 534 dominae
625 469 668 530 ed
680 467 858 530 ecclesiam
871 467 974 539 eunti,
996 467 1109 540 stanti,
1166 468 1284 530 euntes
1299 466 1416 528 laudes
1444 467 1477 529 et
1497 466 1597 528 horas
1622 465 1800 528 canonicas
1820 467 1962 530 Domino

318 573 352 635 et
372 569 554 633 revertenti
576 566 735 628 societate
757 564 977 642 inseparabili
1001 564 1113 626 cohae-
1167 563 1390 626 decantemus,
1414 566 1562 641 dumque
1587 564 1622 623 in
1649 563 1793 624 medium
1813 563 1963 641 ipsarum

317 668 423 731 rebat.
441 668 476 728 Si
491 663 679 726 matutinali
700 663 783 724 hora
805 662 939 723 domina
958 660 1113 722 tardabat
1167 661 1359 734 intrassent,
1382 677 1449 722 non
1474 661 1551 722 sunt
1564 676 1643 722 aves
1658 661 1754 722 motae
1768 661 1808 722 de
1823 663 1907 722 loco.
1923 663 1964 722 m

318 779 492 840 exurgere,
506 777 612 838 agnus
623 776 827 836 consurgens
837 758 1029 836 impellebat
1038 773 1112 820 eam
1167 759 1394 836 quiapropter
1408 759 1571 834 garritum
1584 759 1745 834 ipsarum,
1760 759 1796 820 in
1812 759 1963 820 dicendis

319 861 510 931 corniculis,
528 861 560 921 et
574 857 742 920 balatibus
762 856 940 927 excitabat,
964 856 1113 932 gestibus
1167 855 1304 917 horisse
1316 857 1629 918 mutucaudirenou
1641 858 1805 931 poterant,
1826 871 1964 918 conver·

318 957 500 1020 adhortans
514 958 546 1017 et
561 955 707 1026 nutibus
730 955 766 1016 ut
780 953 822 1014 ad
844 953 1020 1015 ecclesiam
1036 968 1115 1029 pro-
1168 969 1224 1013 sus
1238 953 1291 1014 vir
1305 954 1452 1026 sanctus,
1469 953 1554 1015 dixit
1569 953 1608 1013 ed
1618 953 1694 1014 illas
1709 956 1868 1014 :Sorores
1880 969 1961 1014 aves

316 1055 460 1134 peraret.
478 1055 618 1130 Propter
632 1052 718 1130 quod
728 1054 848 1127 agnus,
864 1050 1035 1111 Francisci
1049 1050 1115 1110 dis-
1168 1051 1300 1112 acantu
1328 1052 1468 1124 cessate,
1497 1051 1602 1112 donec
1617 1050 1733 1110 laudes
1749 1053 1816 1112 Deo
1832 1051 1962 1112 debitas

318 1152 461 1229 cipulus,
486 1150 674 1212 devotionis
692 1151 764 1226 jam
783 1147 944 1223 magister
962 1147 1110 1218 effectus,
1169 1148 1407 1222 persolvamus.
1435 1150 1477 1211 nt
1497 1147 1565 1209 illae
1592 1148 1751 1210 continuo
1768 1149 1959 1219 tacuerunt,

318 1250 354 1311 ut
374 1246 539 1310 mirabilis
564 1247 598 1308 ct
619 1245 772 1308 amabilis
795 1261 815 1307 a
839 1245 973 1306 domina
997 1259 1113 1306 serva·
1170 1245 1334 1306 tamdiuin
1347 1245 1479 1307 silentio
1489 1245 1963 1322 persistentesquamdiudio-

316 1347 426 1408 hatur.
1167 1342 1210 1403 tis
1231 1341 1325 1403 horis
1340 1343 1485 1419 spatiose
1500 1345 1543 1415 et,
1560 1341 1715 1403 laudibus
1730 1341 1923 1419 persolutis,
1941 1358 1962 1403 a

359 1445 432 1505 Alio
443 1457 574 1520 quoque
583 1441 731 1517 tempore
742 1439 827 1516 apud
841 1438 1006 1500 Graecium
1015 1438 1112 1499 vivus
1167 1441 1282 1500 sancto
1297 1439 1357 1500 Dei
1382 1438 1537 1500 cantandi
1560 1438 1729 1500 licentiam
1752 1439 1962 1516 receperunt.

317 1541 391 1606 viro
404 1540 464 1602 Dei
477 1539 608 1601 oblatus
625 1537 687 1599 luit
699 1535 966 1613 lepusculus,qui
979 1535 1065 1618 liher
1077 1534 1111 1594 iu
1167 1537 1272 1598 Dante
1287 1537 1397 1598 autem
1412 1536 1461 1600 eis
1476 1537 1550 1597 viro
1572 1535 1631 1597 Dei
1647 1536 1827 1608 licentiam,
1846 1536 1960 1597 statim

314 1639 405 1700 terra
420 1637 557 1714 positus,
576 1651 650 1696 cum
668 1635 790 1711 posset,
807 1649 873 1710 quo
887 1633 1001 1701 vellet,
1020 1631 1110 1693 effu·
1166 1647 1261 1695 more
1271 1633 1368 1696 solito
1381 1633 1515 1696 cantum
1531 1649 1627 1694 suum
1643 1633 1904 1708 resumpserunt.

314 1750 404 1814 gere,
421 1735 560 1796 vocante
581 1747 617 1793 se
640 1731 785 1806 benigno
812 1731 919 1808 patre,
942 1730 977 1790 in
998 1727 1110 1790 aluum
1205 1731 1299 1808 Apud
1321 1732 1476 1793 Sanctam
1505 1731 1645 1792 Mariam
1674 1731 1715 1792 de
1743 1730 1963 1814 Bortiuncula

316 1831 409 1894 illius
424 1845 566 1908 propero
580 1843 680 1890 cursu
696 1827 841 1892 saltavit.
857 1826 1040 1902 Quemipse
1056 1825 1111 1903 pio
1161 1829 1259 1904 juxta
1282 1827 1400 1890 cellam
1426 1829 1491 1890 viri
1515 1828 1574 1890 Dei
1599 1821 1699 1904 super
1724 1827 1823 1888 doum
1845 1826 1963 1889 cicada

265 1927 276 1954 ⁰
314 1928 425 1992 cordis
447 1927 569 1990 affectu
592 1924 847 1992 circumferens,
863 1923 1040 1986 videbatur
1060 1923 1112 1984 ei·
1165 1924 1316 1988 residens
1330 1925 1363 1988 et
1377 1925 1801 1997 decantans‚cumservum
1812 1924 1960 1997 bomini,

314 2025 389 2088 dem
402 2025 547 2102 compati
573 2024 669 2101 quasi
685 2025 802 2094 mater,
817 2021 973 2098 dulcique
988 2020 1111 2082 allocu·
1164 2023 1221 2100 qui
1235 2023 1336 2084 etiam
1360 2024 1395 2084 in
1416 2023 1529 2100 parvis
1553 2023 1654 2084 rebus
1676 2022 1959 2097 magnificentiam

314 2123 406 2186 tione
422 2121 669 2194 commonitum,
686 2135 728 2180 ne
751 2135 787 2180 se
802 2119 922 2181 iterum
938 2119 1013 2195 capi
1028 2133 1109 2194 per-
1165 2121 1332 2201 Greqtoris
1369 2120 1529 2182 admirari
1563 2119 1737 2193 didicerat,
1758 2120 1799 2180 ad
1825 2120 1960 2182 divinas

313 2221 468 2293 mitteret,
499 2219 641 2280 liberum
661 2217 756 2279 abire
778 2215 941 2293 permisit.
962 2217 1110 2293 cumque
1163 2217 1281 2279 laudes
1295 2218 1395 2280 cantu
1411 2234 1471 2280 suo
1493 2217 1700 2296 frequentius
1724 2218 1897 2290 excitaret,
1913 2217 1957 2279 ab
1985 2280 1991 2290 ,

313 2317 441 2395 pluries
455 2317 490 2377 iu
505 2315 741 2394 tcrrapositus,
754 2317 792 2376 ut
802 2312 1006 2385 abscederet,
1022 2329 1111 2374 sem·
1164 2316 1280 2377 eodem
1295 2315 1436 2393 quadam
1452 2316 1506 2376 die
1518 2315 1647 2388 vocata,
1664 2316 1756 2378 velut
1766 2315 1882 2377 edocta
1893 2329 1964 2378 cae·

316 2430 377 2493 per
401 2415 436 2475 in
459 2415 569 2475 sinum
595 2413 701 2491 patris
724 2412 865 2484 rediret,
892 2412 1051 2488 tanquam
1080 2410 1110 2470 si
1164 2413 1254 2482 litus,
1265 2428 1365 2490 super
1382 2429 1518 2474 menum
1537 2413 1643 2489 ipsius
1660 2413 1864 2475 volavitllui
1883 2429 1960 2474 cum

315 2528 416 2574 seusu
431 2511 574 2590 quodam
598 2511 729 2572 occulto
746 2509 858 2572 cordis
872 2509 980 2586 ipsius
994 2508 1108 2585 perci·
1164 2510 1304 2573 dixisset
1316 2531 1323 2570 :
1335 2511 1439 2572 Canta
1455 2525 1550 2571 soror
1564 2525 1638 2572 mea
1655 2509 1782 2581 cicada,
1798 2511 1832 2572 et
1846 2509 1961 2572 Domi-

314 2611 408 2688 peret
425 2609 594 2686 pietatem,
615 2607 749 2670 tandem
764 2611 861 2685 jussu
883 2606 988 2682 patris
1003 2621 1023 2666 a
1040 2603 1111 2666 ira·
1164 2624 1244 2668 uum
1259 2608 1449 2670 Creatorem
1463 2611 1521 2670 tuo
1526 2607 1633 2685 jubilo
1648 2607 1759 2669 lauda.
1775 2608 1854 2670 Sine
1863 2623 1959 2668 mora

313 2707 422 2769 tribus
433 2705 562 2768 delatus
573 2705 625 2766 est
634 2705 674 2765 ad
686 2705 760 2766 loca
774 2703 964 2765 solitudinis
972 2703 1107 2764 tutiora.
1165 2704 1323 2766 obediens
1338 2719 1459 2767 canere
1487 2705 1597 2782 coepit,
1623 2721 1685 2766 nec
1700 2705 1836 2776 destitit,
1850 2705 1959 2766 donec

315 2803 413 2865 Modo
443 2817 572 2880 quoque
600 2801 778 2873 consimili,
809 2799 844 2860 in
874 2800 983 2861 insula
1016 2799 1110 2860 lacus
1161 2804 1259 2878 Jussu
1277 2802 1438 2880 patrisad
1458 2802 1568 2864 locum
1588 2802 1759 2880 proprium
1783 2803 1959 2864 revolavit.

316 2889 449 2962 Perusii
477 2900 653 2961 cuniculus
678 2897 812 2976 quidam
836 2899 964 2975 captus,
985 2898 1018 2960 et
1036 2897 1109 2958 viro
1164 2899 1288 2962 Mansit
1299 2901 1410 2963 autem
1425 2914 1485 2977 per
1496 2903 1571 2962 octo
1579 2899 1650 2962 dies
1659 2899 1796 2973 ibidem,
1810 2899 1961 2977 quolibet

315 2999 376 3060 Dei
389 2997 533 3070 oblatus,
549 2997 777 3058 cumcaeteros
799 2993 938 3070 lugeret,
956 2993 1109 3055 manibus
1164 2995 1218 3058 die
1241 2997 1419 3066 veniendo,
1441 2995 1607 3060 cantando
1622 2999 1655 3060 et
1673 2997 1869 3070 recedendo,
1886 3001 1960 3074 ejus

316 3099 389 3174 ejus
411 3096 444 3158 et
463 3094 552 3156 sinui
570 3109 605 3156 se
624 3093 805 3155 domestica
820 3092 999 3154 securitate
1018 3105 1112 3152 com·
1160 3095 1255 3169 Jussa
1268 3095 1455 3172 perdolens.
1473 3094 1618 3156 Tandem
1641 3095 1695 3156 vir
1708 3095 1768 3157 Dei
1783 3095 1831 3157 ait
1839 3095 1881 3156 ad
1898 3093 1959 3156 s'o-

312 3193 416 3256 misit.
1164 3192 1234 3253 cios
1251 3215 1258 3252 :
1275 3195 1396 3254 Demus
1407 3195 1478 3269 jam
1506 3193 1613 3254 sorori
1629 3193 1752 3254 nostrae
1771 3193 1895 3254 cicadae
1911 3193 1958 3253 li-

353 3293 421 3350 Per
439 3289 550 3350 lacum
572 3288 748 3350 Reatinum
769 3287 877 3349 eidem
896 3287 938 3348 ad
959 3301 1108 3348 eremum
1165 3289 1415 3365 centiam3satis
1430 3289 1960 3352 enimnossuocautulaelilicans

311 3386 353 3448 de
376 3385 495 3448 Grecio
520 3385 724 3462 properanti,
760 3384 905 3461 piscator
941 3397 1043 3445 usam
1066 3397 1110 3443 ex
1164 3401 1204 3448 ac
1216 3386 1333 3448 laudes
1346 3387 1405 3448 Dei
1421 3390 1494 3449 octo
1510 3387 1638 3448 dierum
1655 3389 1764 3464 spatio
1786 3387 1957 3449 excitavit.

312 3484 489 3546 devotione
526 3482 696 3544 fiuvialem
722 3481 842 3544 obtulit
867 3497 974 3553 avem,
1011 3495 1109 3558 quaem
1164 3485 1204 3546 m
1219 3484 1331 3546 statim
1346 3484 1387 3546 ab
1396 3500 1436 3546 eo
1451 3484 1622 3551 licentiat
1634 3485 1784 3557 recessit,
1799 3485 1957 3547 necultra

313 3597 387 3644 cum
410 3581 553 3643 libenter
578 3579 767 3657 susceptam
797 3579 922 3656 apertis
950 3577 1111 3640 invitaret
1164 3581 1285 3643 ibidem
1296 3582 1461 3659 apparuit,
1476 3597 1515 3643 ac
1526 3583 1555 3642 si
1569 3583 1875 3660 mendatumipsius
1887 3599 1953 3644 non

312 3679 465 3741 manibus
478 3678 520 3739 ad
534 3693 716 3746 recessum,
731 3693 792 3738 nec
803 3677 863 3740 illa
875 3676 985 3748 vellet,
1003 3675 1106 3747 abire,
1164 3678 1303 3741 auderet
1317 3679 1528 3756 aliquatenus
1541 3680 1726 3755 praeterire.

312 3777 433 3839 erectis
459 3777 495 3837 in
522 3777 643 3837 coelum
667 3775 784 3847 oculis,
815 3775 873 3836 diu
896 3774 933 3835 in
956 3773 1109 3835 oratione
1204 3777 1317 3838 Eidem
1343 3776 1439 3837 Senis
1463 3775 1595 3838 inttrmc
1611 3775 1792 3853 phasianus
1808 3776 1953 3854 quidam,

311 3874 504 3952 permansit,
532 3874 567 3936 et
593 3873 688 3950 quasi
715 3870 851 3934 aliunde
875 3864 949 3948 po'st
973 3871 1108 3946 longam
1164 3873 1204 3935 de
1219 3873 1479 3950 novocaptus,a
1502 3872 1605 3934 nobili
1621 3873 1762 3949 quodam
1777 3875 1957 3935 transmis-
2065 3869 2066 3872 ’

311 3971 429 4033 horam
442 3971 483 4032 ad
497 3986 533 4032 se
547 3985 713 4042 reversus,
731 3970 873 4031 dulciter
887 3969 1006 4030 iterato
1020 3983 1110 4029 man·
1165 3985 1220 4032 sus
1236 3972 1287 4032 est
1299 3970 1408 4032 vivus.
1427 3971 1488 4041 Qui
1513 3970 1670 4032 contiuuo
1685 3973 1722 4033 ut
1736 3971 1844 4032 virum
1860 3987 1960 4032 sanc·

261 4077 265 4080 ’
311 4069 403 4130 davit
423 4069 573 4139 aviculae,
599 4069 635 4128 ut
656 4067 832 4128 Dominum
856 4066 1033 4127 laudatura
1053 4081 1110 4126 re·
1164 4067 1233 4129 tum
1248 4067 1385 4139 audivit,
1401 4070 1433 4128 et
1445 4066 1540 4138 vidit,
1554 4067 1648 4129 tanto
1667 4068 1698 4129 ei
1720 4068 1958 4130 amicabilitate

310 4165 451 4226 cederet.
491 4165 650 4241 suscepta
680 4165 795 4240 itaque
832 4178 908 4224 cum
946 4161 1108 4224 benedic·
1165 4165 1314 4237 cohaesit,
1337 4165 1375 4226 ut
1395 4165 1487 4227 nullo
1510 4165 1606 4227 modo
1626 4167 1797 4242 pateretur
1820 4166 1861 4228 ab
1885 4167 1958 4244 ipso

309 4263 401 4324 tione
416 4261 562 4333 licentia,
577 4260 673 4336 gestu
689 4259 839 4336 corporis
850 4259 1013 4336 quoddam
1023 4261 1110 4336 prae·
1166 4264 1307 4339 sejungi.
1325 4263 1409 4322 Nem
1426 4262 1576 4339 pluribus
1590 4263 1719 4324 vicibus
1738 4265 1834 4326 extra
1853 4264 1960 4326 locel-

313 4359 453 4420 tendens
468 4357 637 4434 gaudium,
655 4357 833 4419 advolavit.
848 4359 885 4417 ln
902 4357 1017 4418 eodem
1033 4356 1109 4416 lacu
1165 4359 1232 4420 lum
1256 4359 1396 4421 fratrum
1419 4360 1453 4420 in
1474 4360 1573 4422 vinea
1589 4361 1727 4437 positus,
1743 4363 1780 4423 ut
1801 4361 1908 4423 abiret
1928 4361 1960 4421 si

313 4456 470 4518 similiter
490 4455 620 4517 oblatus
644 4453 707 4517 luit
730 4453 761 4514 ei
783 4454 884 4531 piscis
908 4469 1061 4530 magnus,
1076 4455 1110 4516 et
1164 4456 1273 4530 vellet,
1290 4457 1407 4533 rapide
1422 4472 1554 4534 semper
1568 4473 1668 4518 cursu
1682 4457 1813 4519 redibat
1833 4459 1875 4520 ad
1895 4473 1959 4537 pa-

180 4596 185 4605 ·
312 4555 419 4627 vivus,
437 4569 532 4631 quem
554 4567 646 4614 more
669 4551 767 4614 solito
796 4551 945 4614 fraterno
972 4552 1108 4614 nomine
1164 4554 1258 4626 trem,
1286 4557 1442 4631 tauquam
1468 4555 1497 4614 si
1519 4554 1560 4615 ah
1587 4554 1702 4616 ecdem
1727 4556 1817 4617 omni
1841 4555 1962 4618 luisset

310 4667 446 4725 vocans,
474 4653 653 4728 inaquam
679 4649 830 4726 reposuit
853 4651 950 4727 jnxte
975 4665 1105 4710 navem.
1164 4654 1313 4729 tempore
1333 4651 1504 4714 educatus.
1528 4653 1653 4714 Deinde
1674 4653 1806 4714 cuidam
1821 4653 1962 4715 collatus

310 4749 507 4811 Piscisvero
520 4765 633 4810 coram
647 4749 720 4809 viro
736 4748 796 4809 Dei
811 4747 945 4808 ludebat
957 4748 992 4809 in
1007 4763 1105 4825 aqua,
1163 4749 1247 4820 viro,
1265 4749 1322 4825 qui
1337 4765 1381 4809 ex
1394 4747 1571 4810 devotione
1594 4764 1726 4811 servum
1749 4751 1808 4811 Dei
1822 4750 1964 4812 visitare

313 4848 346 4908 et
366 4847 460 4924 quasi
485 4863 598 4908 amore
626 4846 718 4907 illius
742 4845 894 4917 allectus,
915 4846 1107 4908 nullatenus
1163 4846 1302 4918 solebat,
1316 4846 1409 4908 velut
1424 4845 1488 4907 sihi
1501 4846 1676 4908 molestum
1698 4846 1785 4909 soret
1799 4862 1819 4909 a
1832 4847 1879 4924 pii
1896 4863 1961 4926 pa·

309 4945 450 5005 recessit
474 4959 493 5003 e
516 4944 606 5016 navi,
623 4942 689 5004 nisi
715 4945 807 5021 prius
829 4943 870 5005 ab
892 4944 1008 5005 eodem
1032 4959 1106 5004 cum
1162 4943 1223 5006 tris
1251 4943 1420 5006 absentari
1441 4947 1636 5020 conspectu,
1662 4959 1772 5006 escam
1794 4945 1963 5007 recusavit

309 5041 541 5102 benedictione
557 5041 692 5103 licentia
708 5040 772 5101 sibi
788 5040 876 5103 data.
1164 5042 1310 5104 omniuo.
1341 5043 1541 5117 Reportatus
1569 5042 1703 5104 taudem
1730 5042 1771 5104 ad
1800 5042 1961 5104 famulum

349 5139 424 5200 Alio
446 5155 575 5216 quicque
586 5138 734 5214 tempore
754 5137 1011 5199 ambulanscum
1024 5155 1108 5216 quo-
1162 5140 1233 5212 Dei,
1251 5140 1361 5201 statim
1381 5139 1417 5200 ut
1431 5140 1606 5216 conspexit
1631 5138 1963 5218 eumdem,·quibus-

309 5235 501 5298 demiratus
513 5251 574 5314 per
588 5235 962 5312 paludesvenetiarum,
978 5237 1108 5299 invenit
1163 5237 1237 5298 dam
1259 5237 1440 5298 hilaritatis
1468 5238 1644 5315 pratensis
1672 5237 1835 5314 gestibus,
1863 5236 1963 5298 avide

308 5331 1105 5406 maximamaviummultitudinem,residentium
1163 5334 1387 5397 manducavit.

309 5436 342 5495 et
366 5432 571 5494 cantantium
607 5431 640 5490 in
669 5430 836 5506 virgultis.
864 5430 990 5502 Quibus
1010 5432 1104 5504 visis,
1203 5435 1284 5494 Cum
1321 5432 1362 5493 ad
1389 5447 1537 5493 eremum
1569 5432 1777 5509 pervenisset
1806 5433 1963 5494 Alvernee

307 5529 394 5592 dixit
405 5529 446 5590 ad
463 5529 755 5591 sociumzsorores
766 5543 845 5590 aves
861 5529 999 5592 laudant
1010 5531 1106 5591 Crea-
1164 5531 1300 5608 propter
1328 5529 1624 5605 Quadragesimam
1659 5529 1897 5592 celebrandam
1926 5531 1961 5590 in

306 5629 412 5690 torem
430 5641 537 5700 suum,
552 5641 612 5688 nos
629 5625 739 5703 itaque
756 5625 789 5687 in
801 5627 945 5688 medium
958 5627 1104 5705 ipsarum
1164 5629 1324 5691 honorem
1345 5627 1538 5703 archangeli
1554 5627 1740 5699 Michaelis,
1758 5626 1883 5690 diversi
1897 5643 1960 5703 ge-
