4226 6406
278 234 339 296 387

282 393 441 466 «oportet,
453 387 552 460 irater,
573 394 605 448 nt
625 390 793 474 muntelum
807 389 874 463 hoo,
890 392 967 466 quod
988 405 1076 466 super

280 479 410 550 hebitmu
431 487 521 554 porto,
548 476 703 536 reddemus
726 480 901 552 ponpereulo
929 481 985 550 isti,
1009 495 1076 540 nam

278 571 371 642 ipsius
391 575 445 628 est.
467 568 566 626 llutuo
587 564 663 624 enlm
686 565 756 624 illud
783 569 957 642 accepimus,
985 567 1078 628 donec

282 657 480 731 pauperiorem
496 655 627 712 invenire
645 655 836 728 contingeret.
853 677 864 707 ι
881 656 967 715 socio
981 664 1077 716 sutem

276 754 395 818 propter
411 743 502 802 saneti
521 743 615 802 Petris
634 743 837 802 necessitatem
855 745 1008 818 resistenti,
1029 747 1078 804 ite·

275 849 342 893 rum
359 834 399 890 eit
411 849 435 890 :r
449 835 504 890 Pro
518 829 594 890 lurto
608 829 679 889 milri
692 839 791 905 reputo
804 848 820 891 a
831 849 940 907 magno
954 835 1077 892 eleemo

141 930 147 943 ¹
273 923 397 996 :synario
412 921 612 994 repetendum,
630 921 655 978 si
672 920 727 979 boc
738 921 814 994 quod
834 921 905 993 lero,
920 937 977 980 non
992 923 1078 981 dede·

717 234 750 294 S.
774 234 993 300 FRANCISCI
1017 235 1246 301 assisiensis
1267 237 1497 302 OPUSGULA.

1866 241 1930 305 388

1129 391 1315 554 {eadelngngls
1330 407 1472 556 πωπω
1488 391 1772 456 unrurlbsraiistc.
1783 395 1929 468 rimu,

1139 497 1178 538 r.
1209 521 1218 550 ,
1310 526 1317 540 .
1351 527 1357 540 .

1330 621 1607 684 Aeonuuunutia
1625 621 1726 683 XLIV.

1147 736 1314 797 mrum
1327 739 1495 809 festivitates
1513 755 1572 798 nors
1588 740 1735 808 muniatis,
1752 741 1801 798 sed
1813 756 1912 798 mnan

1349 827 1506 884 imitatione
1516 828 1707 885 alebi-andos.

1164 938 1209 998 id
1233 938 1387 1000 adventurn
1410 940 1560 1022 nrjusdnm
1584 941 1767 1014 provincielis
1793 943 1929 1013 ministri,

148 1775 154 1804 ‘
276 1783 450 1864 colligendis
460 1790 653 1866 eleemosynis
666 1795 801 1860 vitarent,
817 1799 845 1849 et
859 1788 977 1849 omniuo
989 1807 1079 1866 ques·

274 1026 311 1068 ’Ν
331 1010 427 1084 Μῦῑῑ
439 1009 548 1084 θῦθῧῑῑ·
566 1030 577 1060 ’
595 1009 729 1084 (Bw-1⁰·
745 1011 914 1080 ⁸1⁰⁴in
925 1013 1009 1082 Har,
1021 1015 1033 1072 l
1047 1027 1075 1086 p.
1130 1025 1231 1085 iratres
1248 1030 1276 1086 in
1294 1037 1438 1087 conventu
1458 1030 1577 1088 lientino
1597 1031 1679 1088 solito
1694 1030 1797 1088 melius
1812 1045 1933 1088 mensas

276 1099 402 1170 corni,
414 1099 432 1157 l.
448 1100 472 1169 1,
486 1113 513 1158 c
526 1091 578 1170 ³63
591 1099 696 1156 Aulon
705 1099 834 1173 citstm)

1130 1124 1274 1189 perantes,
1296 1125 1325 1175 et
1338 1117 1418 1175 cibos
1440 1119 1584 1191 aliquanto
1600 1117 1822 1176 abundantiores
1837 1121 1867 1177 in
1881 1119 1931 1178 die

1129 1205 1290 1262 Nativitatis
1302 1205 1405 1264 Christi
1418 1213 1607 1279 apponentes,
1620 1207 1722 1264 neriter
1734 1206 1930 1280 reprehendit,

1130 1292 1247 1351 dicens:
1265 1314 1276 1344 ι
1292 1296 1327 1352 ln
1337 1293 1383 1352 die
1398 1294 1655 1367 pauperischristi.
1669 1310 1685 1352 s
1698 1301 1866 1368 paupertate
1878 1295 1930 1353 de·

1130 1381 1236 1440 vistis?
1258 1383 1431 1440 Mementote
1458 1382 1535 1455 quod
1561 1381 1648 1440 hodie
1666 1382 1750 1440 hesta
1771 1384 1861 1456 Virgo
1881 1383 1932 1442 vix

1131 1469 1229 1528 habuit
1250 1485 1355 1543 penem
1376 1470 1413 1528 ad
1432 1469 1675 1540 manducandum,
1694 1471 1842 1528 elmundi
1866 1473 1926 1530 lto·

1131 1559 1229 1616 minus
1238 1573 1289 1632 pro
1303 1559 1483 1629 incarnabilis,
1498 1559 1666 1616 animalium
1678 1557 1778 1618 hahuit
1789 1575 1932 1633 presepe.

1131 1650 1290 1720 Pauperem
1312 1649 1426 1706 Patrem
1447 1649 1612 1717 imitamini,
1629 1647 1773 1721 vagientis
1794 1647 1933 1707 lnlsutuli

1131 1735 1331 1794 recordemini.
1344 1758 1358 1789 s
1370 1737 1552 1812 (Plsnn‚,lib‚
1564 1739 1602 1806 ll,
1615 1736 1699 1809 dens.
1710 1735 1727 1794 l
1739 1743 1768 1794 ot
1777 1739 1809 1808 ⁷3
1818 1737 1930 1808 spond.

1135 1825 1205 1882 Vile
1218 1824 1377 1894 Francisei,
1393 1839 1456 1897 cap.
1474 1824 1531 1898 lll.)

492 1295 767 1355 aperuerimus
786 1295 859 1354 xii.

315 1405 463 1482 lieligiusis
476 1411 701 1469 mendicantibus
713 1409 889 1481 superfluum
905 1413 1042 1483 questum

585 1499 761 1570 [rependum.

314 1605 428 1672 Fratres
450 1614 616 1686 quantoties
636 1613 812 1684 hortabatur,
835 1622 867 1673 ut
895 1615 996 1673 inanes
1016 1614 1076 1672 dis·

274 1717 390 1773 cursus,
405 1709 433 1760 et
448 1703 551 1760 nimias
564 1703 770 1762 sollicitudines
789 1704 818 1761 in
839 1702 1020 1776 acquirendis
1033 1703 1078 1762 vel

277 1885 325 1936 tus
338 1873 498 1952 superfluos
513 1878 711 1948 abborrerent,
725 1879 843 1938 dicens:
860 1902 872 1933 ι
887 1880 1010 1949 Fratres,
1026 1895 1075 1954 pe·

279 1967 332 2026 tite
346 1974 455 2025 tuntum
477 1967 561 2024 victui
583 1975 612 2025 et
631 1967 747 2024 vestitui
767 1969 942 2025 necessaria.
963 1971 1025 2041 Ego
1042 1967 1079 2026 de

280 2069 328 2114 me
343 2053 442 2124 iuteor,
459 2061 488 2111 et
501 2056 612 2128 gretins
623 2070 681 2130 ogo
695 2059 764 2126 beo,
781 2056 856 2128 quod
869 2071 1015 2129 nunonem
1039 2053 1078 2114 iui

279 2143 327 2200 tur
338 2150 387 2200 sut
401 2143 472 2200 intro
486 2145 748 2216 eleemosynarum3
763 2159 877 2218 semper
891 2144 968 2202 enim
983 2145 1079 2203 minus

282 2233 391 2304 nocepi,
414 2245 500 2304 quam
522 2247 569 2289 me
592 2237 783 2306 contingeret,
806 2246 842 2290 ne
868 2233 915 2290 ulii
938 2247 1079 2306 psuperes

280 2334 331 2378 sus
352 2326 428 2378 sorte
452 2318 666 2391 fraudarentur3
689 2321 755 2393 quia
774 2321 948 2378 couusrium
972 2315 1098 2392 lacere,

280 2423 394 2480 semper
408 2405 512 2466 lurtum
536 2409 676 2480 reputavi.
701 2409 850 2480 illisam,
874 2411 912 2478 ii,
937 2410 1021 2481 doni.
1045 2409 1078 2480 i;

280 2498 392 2570 Peleg„
410 2495 459 2553 lib.
476 2499 513 2566 li,
529 2511 593 2569 esp.
608 2497 660 2568 bi;
680 2496 798 2565 ltodul,
810 2499 835 2562 l,
853 2495 901 2554 lol.
916 2497 947 2566 9,
961 2507 1029 2574 psg.
1044 2497 1078 2568 ²3

280 2585 391 2656 specui
407 2585 476 2644 Vite
490 2585 649 2654 Francisai,
662 2599 726 2657 cap.
744 2585 800 2660 li.)

1337 1984 1612 2046 APOPHTHEGMA
1630 1987 1717 2044 XLV.

1178 2099 1315 2172 Magnum
1326 2115 1383 2158 sese
1394 2101 1562 2158 morum
1571 2100 1734 2171 imperium,
1741 2100 1883 2172 religiosis

1210 2188 1311 2259 popctt
1322 2188 1476 2246 tumultum
1488 2203 1546 2247 esse
1554 2188 1674 2246 sollicite
1687 2189 1845 2246 edendum.

1166 2312 1277 2371 iionuo
1305 2311 1391 2371 besto
1417 2312 1502 2370 Petro
1531 2310 1687 2381 cumeneo,
1716 2326 1783 2372 cnm
1813 2318 1930 2384 propter

1131 2399 1193 2472 eius
1207 2400 1386 2456 mustitntem
1400 2405 1430 2457 et
1441 2398 1540 2458 orehrs
1561 2399 1700 2458 miracula
1715 2401 1884 2458 catervatim
1895 2399 1928 2458 in

1133 2487 1255 2544 eeclesia
1279 2487 1392 2546 &notin
1405 2486 1503 2545 ilarius
1516 2485 1554 2544 de
1566 2486 1687 2560 Angelis
1700 2486 1739 2544 ed
1752 2486 1815 2560 eius
1826 2489 1924 2560 sepul·

1131 2573 1242 2645 chrum,
1263 2589 1320 2633 non
1340 2575 1404 2634 sine
1427 2577 1556 2634 Fratrum
1572 2574 1764 2644 incommodo,
1779 2583 1809 2634 et
1823 2576 1930 2648 quietis

1131 2663 1293 2736 silentiique
1315 2664 1466 2722 monastici
1489 2663 1671 2733 detrimento,
1682 2663 1810 2736 undique
1828 2663 1928 2737 popul

490 2783 762 2846 Apopflpflgffl
779 2781 867 2846 xm·
1132 2751 1319 2822 confluerent,
1343 2751 1379 2810 ad
1402 2753 1465 2825 eius
1490 2753 1632 2812 tumulum
1658 2751 1799 2810 secedens
1827 2751 1929 2812 beans

367 2897 579 2976 &bennenom
590 2901 744 2973 aliquunde
760 2902 888 2960 oratione
900 2902 991 2976 magis

587 2989 775 3048 meritorium.

1132 2841 1225 2910 Peter,
1249 2847 1279 2897 et
1298 2853 1385 2912 super
1403 2841 1481 2898 illum
1501 2847 1591 2910 stone,
1608 2841 1648 2898 ait
1663 2857 1670 2898 ε
1687 2861 1699 2891 ι
1717 2842 1814 2898 Frater
1834 2843 1935 2909 Petne,

1132 2929 1180 3000 qui
1198 2927 1269 2985 mihi
1287 2928 1316 2985 iu
1338 2928 1395 2986 vita
1420 2929 1664 3002 promptissimam
1685 2929 1840 3002 prestitisti
1857 2927 1928 2986 obe·

1132 3015 1280 3086 dientiem,
1299 3018 1328 3073 iu
1352 3023 1443 3074 morte
1464 3015 1572 3074 humile
1588 3031 1646 3074 non
1664 3016 1823 3090 denegabis
1841 3016 1926 3074 obse·

318 3105 447 3162 Fratrem
459 3105 573 3161 Petrum
587 3101 774 3173 cathenensi,
791 3111 860 3164 tuno
874 3106 1004 3164 Fratrum
1019 3104 1077 3177 pri·
1133 3105 1240 3179 quium.
1257 3105 1374 3181 Propter
1388 3111 1416 3162 te
1430 3103 1548 3162 fratrum
1572 3107 1685 3162 tuorum
1700 3103 1833 3178 religiose
1845 3103 1928 3178 quies

280 3194 441 3256 micerium.
465 3193 578 3265 rogavit
596 3199 626 3250 ut
644 3193 712 3250 nnui
729 3192 855 3261 cuidam,
880 3192 1002 3252 duorum
1019 3191 1075 3252 lra-
1132 3192 1321 3266 perturbetur,
1338 3191 1405 3250 dum
1422 3199 1491 3250 atet
1515 3191 1658 3266 tantisque
1677 3191 1791 3266 populis
1815 3191 1929 3250 debitus

281 3289 356 3339 trum
366 3283 507 3340 llinorum
518 3280 613 3350 matri,
624 3281 835 3355 eleemosynam
846 3283 964 3354 petenti,
973 3281 1080 3354 aliquid
1133 3281 1224 3339 honor
1242 3290 1292 3339 tuo
1305 3281 1417 3354 corpori
1431 3279 1590 3338 exhibetur.
1610 3284 1664 3339 Per
1677 3287 1806 3338 sanctem
1823 3279 1930 3338 tibiin·

280 3377 425 3443 erogaret.
457 3371 519 3438 lluo
545 3367 746 3441 respondente,
778 3368 849 3427 nibil
870 3368 967 3428 domui
991 3369 1080 3430 luisse
1129 3369 1222 3442 jungo
1245 3367 1449 3438 obedientlam,
1477 3378 1514 3426 de
1534 3369 1615 3442 plura
1630 3367 1766 3442 deinceps
1781 3375 1930 3442 perpetres

283 3457 360 3530 quod
373 3457 490 3530 elargiri
507 3457 656 3528 potuisset,
673 3456 825 3529 solumque
838 3458 868 3513 in
889 3458 1012 3516 ecclesis
1026 3457 1078 3518 bn·
1133 3457 1280 3527 miracula,
1297 3469 1334 3514 ne
1352 3457 1428 3531 quod
1441 3457 1469 3514 iu
1485 3457 1536 3515 liei
1554 3463 1584 3514 et
1597 3465 1762 3515 ssnctorum
1783 3456 1936 3513 ordiuntur

284 3543 380 3602 buisse
405 3547 617 3602 Testamentum
642 3559 759 3615 novum,
774 3545 804 3604 in
823 3560 880 3617 quo
900 3544 1002 3606 iratres
1020 3547 1077 3604 iee
1134 3546 1282 3615 honorem,
1299 3541 1427 3618 inhujus
1449 3544 1591 3619 religiose
1606 3544 1734 3604 sediculis
1751 3543 1936 3602 manilestius

285 3633 378 3691 tiones
402 3638 557 3690 nocturnas
575 3631 755 3692 recitabant:
783 3635 864 3703 «Da,
890 3635 989 3707 inquit,
1015 3634 1081 3693 huic
1133 3641 1234 3709 verget
1262 3633 1479 3692 detrimentum.
1503 3656 1516 3685 ι
1536 3633 1666 3692 llirsbile
1693 3631 1784 3691 diotul
1816 3631 1935 3690 Nullum

284 3727 388 3779 nostre
403 3721 487 3779 matri
500 3721 553 3795 (ita
570 3721 648 3780 enim
664 3718 782 3779 lrstrum
804 3721 960 3795 genitrices
981 3723 1078 3796 eppei·
1135 3727 1231 3796 postea
1247 3721 1398 3780 delunetus
1413 3721 1479 3780 lecit
1501 3721 1681 3791 miraculum,
1705 3735 1759 3778 nec
1773 3721 1869 3794 populi
1884 3727 1931 3778 tu·

283 3807 372 3882 labet)
387 3809 489 3868 librum
508 3809 598 3879 illum,
613 3816 645 3867 ut
664 3811 743 3867 illum
761 3808 868 3868 vendat
881 3825 933 3883 pro
954 3821 1006 3870 sua
1027 3827 1079 3871 ne·
1134 3809 1453 3884 multusnnrpliusneuit
1464 3809 1498 3868 nd
1510 3807 1833 3883 sepulchrum.(Pisau.,
1846 3807 1895 3865 lib.
1907 3811 1932 3880 i,

284 3896 596 3969 cessitatcrelevanda3
612 3896 697 3956 credo
712 3897 788 3956 enim
805 3897 930 3968 tirmiter,
945 3899 1008 3972 plus
1022 3901 1082 3957 lico
1136 3897 1217 3971 Cous.
1242 3901 1269 3969 8,
1294 3905 1375 3957 treet.
1399 3897 1435 3956 de
1460 3899 1614 3955 Provincia
1637 3899 1665 3956 S.
1689 3899 1790 3956 Frnuo.
1811 3897 1932 3956 deloco

284 3993 314 4044 et
335 3985 427 4043 bentae
449 3985 764 4059 Virgini'placiturum,
790 3981 892 4044 librum
915 3984 993 4044 hunc
1015 3986 1083 4046 huic
1135 3981 1253 4058 Assisii;
1270 3985 1460 4060 Gonzaga,de
1473 3987 1552 4057 Orio.
1569 3991 1759 4057 etpropapot.
1776 3985 1937 4057 Serapieion

286 4075 404 4147 pauperi
425 4085 556 4146 erognre,
578 4083 675 4146 quem,
692 4079 722 4131 ut
741 4075 770 4130 ln
785 4085 822 4130 eo
840 4075 982 4147 legemus,
1003 4073 1082 4133 illum
1135 4075 1236 4146 ltelip,
1251 4081 1322 4148 part.
1335 4076 1411 4145 ll,in
1425 4080 1507 4132 tract.
1519 4072 1554 4131 de
1567 4072 1838 4146 eedeml’rnviaoia,
1854 4071 1935 4132 etde

286 4159 1082 4238 nobleresoreare.s(l³issn.,ibidemgllsr.,ublsuprs,
1135 4159 1424 4236 eodemGonventu.)

288 4260 354 4322 can·
370 4249 428 4321 ³⁷·l
1329 4303 1606 4366 seorununeun
1630 4303 1730 4366 xuvr.

487 4399 761 4462 APOPHTHEGHA
779 4401 881 4460 xuin.
1224 4419 1265 4476 ne
1277 4417 1508 4477 trootnabnnae
1521 4423 1549 4476 e
1567 4419 1692 4492 {mooe
1705 4419 1847 4476 maronis.

288 4517 407 4587 Pmilili
422 4515 512 4572 Deum
523 4515 618 4585 polite
633 4525 717 4586 im
727 4520 846 4585 mim
861 4515 999 4573 mmm
1013 4515 1084 4573 m
1171 4543 1259 4601 Bento
1274 4541 1352 4600 lrntri
1367 4539 1494 4615 AEgidio,
1515 4539 1598 4600 tertio
1618 4539 1649 4600 Β.
1666 4542 1757 4599 Petris
1781 4539 1870 4611 socio,
1886 4540 1932 4598 in·

565 4599 805 4673 mmmm·
1137 4631 1296 4704 terroganti
1321 4644 1359 4687 au
1386 4630 1492 4704 aliquid
1519 4631 1549 4688 iu
1574 4628 1682 4688 mundo
1708 4629 1781 4688 odeo
1809 4629 1935 4688 terribile

324 4721 356 4777 in
372 4729 433 4775 aun
453 4717 649 4778 conversionis
667 4715 759 4786 initio,
775 4723 831 4773 non
847 4715 977 4790 deposito
992 4711 1085 4776 sdhuc
1137 4727 1224 4790 esset,
1239 4716 1315 4791 quod
1329 4717 1391 4791 eius
1403 4725 1550 4791 nspectum
1566 4713 1639 4775 lerre
1651 4732 1708 4774 non
1725 4725 1822 4790 posset
1831 4717 1935 4790 uliquis

289 4807 388 4865 lrabltu
403 4807 545 4875 seculari,
561 4806 687 4879 seipsum
702 4816 842 4862 accusans
855 4805 931 4878 quod
945 4816 1014 4880 erga
1029 4805 1082 4864 lro·
1137 4815 1216 4866 tento
1227 4807 1364 4880 temporis
1375 4805 1534 4876 intervallo,
1551 4813 1658 4878 quanto
1673 4805 1851 4864 Domlnlesm
1864 4805 1935 4865 Ors-

289 4897 383 4954 mines
398 4901 512 4968 propter
533 4894 632 4951 mundi
649 4893 771 4966 gloriam
789 4887 1003 4950 liberalissimus
1022 4891 1082 4950 iue-
1138 4897 1246 4954 tionem
1260 4902 1357 4968 posset
1371 4895 1503 4964 reoltsrc,
1517 4893 1687 4968 respoudit:
1705 4915 1717 4946 ι
1734 4893 1815 4953 Adeo
1830 4895 1933 4954 intole·

289 4986 335 5053 rit,
347 4990 376 5040 et
391 4983 509 5040 tirmiter
522 4995 695 5054 proponens,
709 4980 733 5038 sl
746 4995 809 5054 que
822 4979 875 5038 sibi
888 4981 1083 5052 remanebunt,
1138 4984 1236 5042 rabilis
1249 4991 1294 5042 est
1309 4983 1450 5044 demonis
1464 4991 1596 5056 aspectus
1611 4983 1683 5055 (quo
1700 4982 1771 5040 nihil
1782 4981 1937 5040 terribiiIue

290 5075 319 5128 in
349 5085 505 5143 pauperum
531 5081 600 5127 usus
625 5067 761 5140 deinceps
780 5067 990 5141 dispensarum,
1020 5069 1083 5126 ait:
1139 5081 1188 5130 aut
1199 5072 1328 5130 intentus
1338 5073 1366 5130 in
1382 5071 1489 5130 mundo
1503 5072 1660 5144 excogitari
1673 5070 1777 5143 potest)
1790 5069 1865 5143 quod
1881 5085 1937 5128 uec

293 5183 303 5210 ι
321 5159 373 5228 Qui
390 5158 537 5229 bucusque
553 5171 609 5213 non
630 5156 756 5229 pepercit
773 5158 907 5229 sumptui,
929 5163 957 5212 et
970 5156 1086 5213 curialis
1138 5161 1278 5221 tentiuun
1289 5162 1426 5232 temporis
1436 5175 1503 5220 eum
1512 5160 1654 5218 sustinere
1666 5159 1934 5232 quispiumvnlebit,

290 5247 342 5304 iun
357 5260 426 5319 erge
443 5247 550 5302 amieos
569 5244 797 5316 properamini
818 5246 932 5301 inanem
952 5245 1084 5316 gloriam,
1140 5247 1389 5308 ubidivinoiuerit
1400 5249 1555 5307 iliustratus
1566 5247 1708 5320 presidio.
1721 5246 1935 5316 »teisan.,l.l;

290 5335 475 5406 etplnvorem
499 5332 708 5400 transitorium,
741 5347 855 5405 equum
880 5341 924 5392 est
947 5333 1086 5390 ulmodo
1140 5334 1369 5405 connectit,
1391 5334 1420 5392 in
1441 5336 1544 5407 princ.;
1567 5330 1937 5401 nodul.lib.1i,tract.de

291 5431 405 5499 propter
427 5425 529 5496 Deum,
553 5421 602 5493 qui
625 5420 841 5481 libcrslioeimus
862 5429 905 5480 est
924 5421 1084 5491 retributor,
1140 5423 1223 5484 Orno.
1239 5421 1405 5494 &Franci
